3834 6136
124 247 180 305 809

649 241 965 300 MARTYROLOGIUM.
986 272 1021 285 -
1039 242 1145 300 MENS.
1167 243 1246 301 DBC.

1724 246 1778 304 alt

855 378 1049 439 AUCTARIA.

162 475 314 531 Baniures.
327 472 399 527 Dum
415 471 462 527 hic
474 471 562 528 codex
576 472 693 544 scriptus
707 481 758 542 est,
777 473 968 539 invalueratA
982 485 1009 534 et
1030 475 1134 560 Auceja
1148 492 1210 559 rege
1224 478 1349 545 alteram,
1366 491 1448 549 quam
1465 478 1560 534 malim
1579 478 1696 538 exActis
1711 483 1778 557 ipsis

124 546 254 604 Barbarae
269 542 415 599 celebritas
435 560 462 598 iv
481 542 648 611 Decembris,
665 546 774 616 quando
792 545 876 601 ferme
900 554 927 602 et

125 625 239 675 sanctus
249 614 361 670 Blasius
373 630 408 668 eii
419 630 458 668 xv
467 614 608 670 Februarii
618 615 652 670 ad
669 633 698 670 ιιι
714 625 848 673 retractus
866 625 924 674 est:

165 687 201 744 od
212 687 293 759 plane
304 685 407 740 iactum
414 684 546 740 existimo
557 686 629 742 circa
638 688 769 742 seculum
776 687 925 744 decimum.

151 761 180 817 ic
192 760 285 830 itaque
298 755 418 812 Barbara
432 763 505 812 caret
516 757 645 828 praelatus
654 756 752 828 codex,
767 776 848 832 quam
864 758 928 815 vide

125 850 155 890 iv
168 828 338 887 Decembris.

161 903 335 965 Tenuicnu,
350 899 379 953 in
393 898 483 1023 prima
492 906 519 952 et
536 898 635 954 ultima
649 900 859 958 annuntiatione
872 920 929 974 pu-

124 990 183 1040 rus,
199 980 290 1028 totum
306 985 391 1026 secun
412 985 434 1023 ae
450 970 569 1040 elogium
585 971 713 1027 resecuit.

161 1046 325 1109 lloswavn,
342 1056 427 1113 purus
441 1039 523 1094 etiam
536 1041 565 1095 in
581 1042 670 1111 prima
679 1048 706 1097 et
715 1043 824 1111 ultima,
833 1059 928 1100 secun·

980 566 1039 604 xxv
1053 549 1128 604 lumi
1143 550 1271 619 accipias.

1016 619 1473 677 Minnio.-Canrus-Uirnaiucr.:
1492 621 1608 678 «Trium
1630 639 1779 695 puerorum

981 690 1151 762 Babyloniae,
1164 690 1316 759 Valentini,
1328 691 1423 747 Naulis
1432 690 1516 766 [elice
1527 692 1651 769 Navalis]
1662 705 1689 752 et
1699 695 1778 769 Agri·

980 760 1058 829 colae,
1073 761 1145 833 apud
1160 762 1353 818 Ravennam.»
1418 820 1421 825 ,

1017 832 1152 890 Viricau.
1167 848 1244 888 unm.
1261 833 1331 890 5949
1344 833 1417 890 nihil
1427 833 1473 894 hic
1482 834 1565 892 habet
1579 835 1613 893 de
1627 838 1720 909 pueris
1729 838 1779 895 Ba·

981 901 1118 975 bylonicis
1132 909 1179 958 aut
1193 902 1226 959 de
1241 904 1368 963 Barbara.

1018 972 1201 1029 Frontinus:
1227 975 1365 1048 «Spoleti,
1390 978 1477 1034 sancti
1499 978 1632 1036 Meletiie
1652 979 1739 1052 isoopi
1753 988 1781 1037 et

983 1044 1146 1101 contessoris
1173 1046 1251 1113 ltem,
1267 1055 1424 1103 sanctorum
1442 1057 1595 1121 martyrum
1648 1051 1738 1107 oriani
1753 1058 1782 1108 et

125 1115 189 1196 darii
202 1185 208 1196 .
220 1113 328 1181 omisit,
343 1111 460 1191 positam
482 1126 564 1192 supra
591 1129 618 1167 iv
633 1113 801 1195 Decembris.
824 1116 854 1170 ln
874 1114 929 1169 fine
983 1114 1162 1196 quadraginta
1175 1117 1313 1172 sociorum
1327 1117 1417 1174 e'us.»
1435 1122 1480 1174 Ari
1496 1119 1566 1176 forte
1580 1120 1780 1196 Eleutheropo-

126 1186 242 1257 adpcit:
264 1183 386 1238 «Eodem
402 1181 457 1248 die,
469 1181 574 1249 Lazari,
597 1198 680 1255 quem
695 1187 832 1240 Dominus
851 1186 929 1241 lesus
981 1186 1083 1241 litanos
1098 1185 1231 1254 iudicant,
1247 1187 1280 1243 de
1295 1135 1395 1261 quihus
1410 1189 1454 1244 die
1468 1191 1617 1262 sequenti?

127 1255 304 1312 resuscitavit
317 1271 332 1310 a
348 1251 474 1309 mortuis.
490 1254 558 1307 ltem
573 1254 687 1310 Martha
701 1256 804 1312 sororis
824 1255 893 1327 ejus.
912 1281 922 1303 »

126 1327 199 1385 Vide
215 1326 261 1381 die
275 1325 410 1397 sequenti.

162 1398 320 1454 Puteanus.
333 1396 361 1450 in
370 1395 427 1450 sola
436 1395 524 1465 prima
537 1411 623 1466 purus
633 1403 683 1452 est.
696 1397 765 1451 Tum
780 1415 785 1452 :
805 1395 928 1452 «Eodem

127 1469 173 1525 die
183 1469 328 1524 beatorum
344 1473 497 1537 martyrum
513 1465 575 1521 Rufi
590 1474 617 1522 et
632 1467 745 1535 Zosimi,
764 1467 841 1539 Apud
856 1469 930 1549 Spo-

128 1539 229 1606 letnm,
245 1537 330 1594 sancti
342 1536 444 1592 Meletii
459 1536 578 1607 episcopi
591 1545 618 1592 et
631 1539 805 1594 contessoris.
824 1564 832 1585 ι
851 1539 901 1594 llic
914 1555 931 1594 a

130 1609 289 1666 Castellauo
303 1608 354 1663 boc
368 1606 414 1663 die
429 1607 551 1678 ponitur,
566 1608 601 1664 de
615 1608 678 1664 aliis
694 1609 758 1664 vide
775 1609 930 1666 Usuardum

131 1696 208 1735 xviii
221 1678 383 1735 Decembris.

1018 1256 1113 1311 Editio
1131 1255 1318 1315 busiaco-Coi.
1332 1259 1361 1314 iii
1373 1268 1450 1316 textu
1461 1260 1561 1316 similis
1571 1269 1612 1317 est
1622 1262 1782 1319 Aureum.-

983 1327 1058 1382 Miii.
1072 1335 1099 1382 et
1108 1327 1224 1400 reliquis
1234 1329 1329 1386 inediae
1339 1337 1411 1386 note
1421 1330 1666 1388 codicibus.Addit
1676 1341 1779 1390 autem:

990 1396 1091 1478 «Apud
1106 1396 1257 1468 Spoletum,
1272 1401 1359 1455 sancti
1373 1401 1481 1457 Melecii
1495 1402 1616 1474 episcopi
1631 1411 1659 1459 et
1668 1403 1782 1460 confes-

983 1484 1063 1524 soris.
1080 1469 1091 1522 l
1112 1484 1141 1522 so
1155 1467 1210 1536 die,
1222 1471 1308 1526 sancti
1319 1471 1472 1528 Everhardi
1488 1473 1585 1530 militis
1598 1480 1625 1530 et
1644 1473 1781 1531 confesso-

984 1540 1032 1595 ris.
1049 1564 1057 1585 ι
1106 1537 1150 1594 ide
1166 1540 1327 1597 Auctarium
1341 1542 1450 1599 Moris.

1020 1609 1166 1665 daravum:
1191 1610 1290 1681 «Apud
1305 1613 1462 1669 Ravennam
1478 1629 1541 1668 cuin
1557 1613 1677 1687 praeiatis
1687 1631 1781 1687 passus

984 1688 1025 1735 est
1043 1679 1213 1738 Concordiae
1226 1688 1253 1736 et
1267 1680 1315 1736 alii
1330 1684 1398 1754 quin
1419 1700 1461 1740 ue.
1478 1684 1632 1742 Mammetis
1653 1686 1731 1758 pueri
1755 1693 1784 1741 et

169 1750 402 1806 Amasin-iiix.
417 1766 480 1806 cum
495 1749 578 1805 sociis
590 1749 648 1805 suis
661 1750 801 1807 omnibus.
818 1752 852 1807 lli
876 1769 930 1809 an-
984 1752 1125 1823 martyris,
1141 1766 1221 1823 quem
1230 1751 1414 1809 Usuardusha
1433 1755 1657 1811 etxvillalendas
1664 1755 1785 1829 Septem·

130 1821 336 1877 nuntiationem
352 1837 446 1891 puram
464 1818 645 1877 Usuardinam
660 1822 815 1877 retulerunt
830 1840 858 1878 iv
873 1824 932 1880 De-
947 1827 971 1886 Β
985 1821 1053 1878 bris.
1070 1823 1173 1890 llomae,
1189 1829 1347 1878 sanctorum
1362 1824 1489 1891 herenei,
1505 1823 1652 1894 Anthonii,
1664 1827 1786 1882 Theodo-

129 1891 261 1957 cembris,
285 1891 330 1948 hic
344 1907 409 1946 vero
424 1891 505 1947 aliam
519 1892 640 1947 secundo
657 1892 715 1948 loco
740 1892 930 1950 substituunt:

137 1989 146 2011 ι
162 1964 268 2029 Roma,
285 1963 374 2018 natale
385 1970 543 2019 sanctorum
559 1963 690 2033 Hyrenei‚
708 1963 835 2033 Antonii,
847 1963 933 2020 Theo·

130 2033 203 2101 dori,
216 2032 370 2100 Saturnini,
383 2032 503 2090 Victoris
514 2040 541 2088 et
550 2034 667 2088 aliorum
677 2033 771 2090 decem
782 2042 809 2091 et
818 2042 933 2107 septem.

131 2105 260 2173 Quicum
279 2104 357 2160 beata
366 2104 451 2160 Lucia
459 2105 566 2174 virgine
576 2113 603 2160 et
625 2104 729 2160 Anceia
740 2103 868 2180 [Aueeja]
886 2123 934 2162 re-

131 2192 164 2250 ge
174 2176 330 2244 Persarum,
352 2192 433 2248 quem
444 2175 502 2246 ipsa
513 2175 547 2231 ad
562 2175 642 2230 tidem
663 2175 768 2232 Christi
783 2177 932 2246 convertit,

132 2246 257 2303 snbsslio
291 2247 402 2303 rudecto
438 2247 567 2302 loriosum
585 2247 935 2318 martyriumconsumma·

133 2325 209 2373 runt.
225 2341 235 2365 ι
280 2317 325 2374 ide
360 2335 402 2373 uae
416 2263 540 2373 diximus
554 2334 612 2372 iixv
626 2317 701 2372 lunii
716 2325 743 2373 et
753 2321 821 2374 Acta
831 2334 863 2374 eo
878 2317 933 2375 die.

132 2391 166 2446 lu
202 2387 272 2444 rima
285 2397 312 2444 et
325 2335 425 2445 uitiata
438 2389 651 2444 annuntiatione
665 2389 731 2443 satis
747 2391 808 2459 puri
824 2398 898 2445 sunt.

193 2476 329 2516 aureius.
341 2479 366 2515 z·
383 2459 478 2515 Trium
495 2476 641 2531 puerorum
653 2460 778 2528 Ananiae,
793 2460 937 2527 Azariae,et

133 2530 261 2598 Misael,»
277 2538 429 2606 etc.,pure.
442 2532 523 2586 Deest
538 2531 660 2602 reliquus
674 2537 777 2598 textus,
786 2530 865 2600 cujus
876 2530 937 2587 loco

135 2608 202 2658 sunt
214 2619 221 2657 :
241 2602 365 2658 «Eodem
376 2602 431 2670 die,
443 2610 600 2658 sanctorum
613 2608 767 2672 martyrum
779 2603 840 2658 Ruti
851 2608 877 2656 et
887 2603 937 2656 Zo-

135 2672 211 2739 simi,
226 2672 261 2729 dc
293 2690 392 2728 uorum
408 2673 482 2728 lelici
499 2688 584 2743 agone
599 2679 710 2728 sanctus
735 2672 893 2744 Policarpus
908 2671 937 2727 in

135 2690 297 2816 epistolae}
312 2744 502 2815 Philippenses
516 2744 621 2800 scribit.
640 2743 721 2823 Apud
736 2743 865 2810 Pontum,
877 2758 937 2798 san·

136 2815 176 2872 cti
199 2814 304 2870 lleletii
332 2814 453 2886 episcopi
473 2823 501 2871 et
519 2815 695 2879 confessoris,
715 2815 762 2886 qui
782 2830 846 2870 ciim
867 2821 938 2868 esset

136 2884 296 2942 eruditione
318 2885 489 2957 magnificus,
504 2886 594 2941 virtus
615 2893 706 2940 tamen
721 2884 807 2940 animi
831 2892 858 2940 et
873 2884 938 2938 vitae

136 2957 286 3012 sinceritas
300 2957 380 3028 longe
395 2957 423 3011 in
438 2973 470 3013 eo
484 2956 705 3027 magnificentior
726 2956 831 3010 extitit.
847 2980 856 3002 ›
879 2956 940 3011 Huc

136 3043 174 3083 ex
187 3043 218 3082 iii
233 3025 393 3083 Decembris
410 3041 547 3099 perperam
563 3026 712 3083 translatus
725 3036 776 3082 est.

175 3098 359 3153 Bnuxrriiiiri.
376 3097 489 3169 incipit:
511 3123 520 3145 ‹
535 3098 617 3170 Apud
632 3098 764 3165 Africam,
776 3097 866 3153 natale
879 3113 938 3153 san·

136 3176 251 3224 ctorum
268 3168 400 3235 Faustini,
411 3167 525 3225 Candidi
537 3177 564 3224 et
584 3169 726 3227 Ceciliaui.
739 3169 829 3224 »Vide
843 3169 937 3224 lliero·
954 3175 976 3235 t}
991 3182 1043 3241 que
1059 3164 1135 3220 dedit

989 1893 1023 1961 ri,
1038 1891 1191 1958 Saturnini,
1207 1892 1329 1949 Victoris
1343 1901 1370 1949 et
1384 1894 1501 1951 alioruin
1517 1895 1610 1952 decem
1627 1904 1654 1952 et
1668 1905 1783 1970 septem.

988 1964 1057 2019 ltem
1080 1962 1218 2035 Simplicii
1242 1970 1269 2017 et
1288 1965 1427 2020 sociorum
1451 1964 1559 2035 ejusA
1581 1966 1618 2022 nd
1632 1967 1785 2039 Spoletum,

989 2034 1075 2090 sancti
1088 2033 1193 2090 blelecii
1208 2033 1329 2114 episcopi
1340 2042 1366 2089 et
1376 2034 1548 2092 confessoris.
1561 1983 1687 2104 R'iennae,
1699 2035 1787 2093 sancti

989 2105 1094 2162 Odonis
1109 2105 1229 2177 episcopi
1252 2111 1278 2159 et
1292 2105 1466 2161 confessoris.
1489 2108 1520 2163 ln
1536 2106 1677 2175 Hibernia,
1703 2107 1789 2163 Beani

989 2176 1112 2249 episcopi
1122 2183 1149 2230 et
1162 2175 1337 2232 confessoris.
1348 2177 1379 2231 ln
1389 2177 1530 2232 territorio
1538 2178 1715 2245 Tornacensi,
1727 2193 1787 2233 sau·

990 2248 1027 2302 cti
1041 2245 1193 2301 Everhardi
1209 2245 1309 2300 militis
1323 2255 1350 2302 et
1366 2247 1541 2303 contessoris.
1553 2247 1723 2319 Adeibeydis
1737 2248 1787 2302 im·

991 2317 1143 2389 peratricis,
1160 2316 1310 2372 secundum
1325 2316 1395 2372 alios
1411 2317 1500 2388 pridie
1514 2317 1579 2373 ldus
1594 2317 1781 2374 Decembris.-

1026 2388 1134 2442 bloinv.
1147 2386 1176 2441 iri
1188 2386 1242 2441 fine
1254 2405 1259 2442 :
1277 2386 1422 2454 «Viennae,
1438 2386 1510 2443 beati
1522 2387 1627 2442 Adonis
1637 2389 1782 2460 episcopis

990 2459 1059 2514 Male
1084 2474 1166 2528 supra
1188 2457 1299 2529 scripsit
1315 2457 1441 2512 Gnnvisrv.
1458 2458 1567 2514 odonia.
1584 2456 1683 2528 Agitur
1695 2457 1730 2513 de
1744 2473 1788 2527 eo,

992 2545 1072 2602 quem
1085 2527 1143 2599 jam
1159 2527 1241 2583 toties
1255 2528 1283 2582 iu
1299 2526 1352 2583 hoc
1366 2542 1448 2598 opere
1461 2528 1619 2596 citavimus,
1643 2543 1705 2583 nem
1756 2528 1791 2585 de

991 2608 1103 2656 auctore
1112 2597 1301 2671 Martyrologii
1314 2598 1399 2665 illius,
1410 2615 1445 2662 ex
1453 2614 1507 2670 quo
1514 2606 1588 2655 totus
1598 2598 1683 2653 lerme
1716 2614 1791 2655 suar·

992 2672 1043 2728 dus
1054 2676 1211 2726 contractus
1224 2675 1273 2724 est.
1286 2666 1432 2740 Sequitur:
1453 2671 1539 2724 «item
1560 2668 1730 2739 Adelheydis
1741 2669 1792 2725 ini·
1884 2671 1889 2682 '

1011 2741 1144 2797 eratricis.
1161 2764 1169 2785 ·
1192 2738 1298 2795 Deinde
1311 2740 1386 2811 typis
1398 2739 1570 2795 minoribus:
1590 2739 1640 2794 «lii
1651 2739 1792 2796 territorio

992 2760 1170 2878 horrenaae,
1184 2812 1271 2866 sancti
1287 2809 1440 2865 Everhardi
1454 2810 1555 2864 militis
1569 2817 1596 2864 et
1611 2809 1793 2878 confessoris,

993 2884 1052 2956 qui,
1069 2891 1099 2938 ut
1113 2881 1210 2938 scribit
1224 2880 1351 2952 Meyerus
1365 2881 1394 2935 iii
1409 2880 1566 2936 Annalibus
1582 2879 1731 2950 Flandriae,
1749 2895 1795 2938 co·

994 2971 1051 3010 mes
1068 2951 1247 3019 Cisoniensis,
1262 2951 1379 3023 conjuge
1394 2967 1426 3007 ac
1440 2951 1591 3007 liberorum
1601 2951 1718 3022 pulchra
1732 2967 1797 3024 pro·

994 3024 1100 3098 pagine,
1117 3023 1151 3078 ad
1166 3022 1226 3078 haec
1240 3022 1350 3093 opibus,
1367 3022 1506 3078 clientelis
1520 3030 1546 3077 et
1561 3021 1660 3093 peritia
1672 3022 1794 3079 reimili·

992 3095 1071 3164 teris,
1084 3095 1202 3221 ιίῐωὲιιθ
1211 3093 1478 3219 ειηοίίιιῐθίΙΙιέξιιίρ
1487 3091 1658 3217 estthlabitps,
1669 3092 1793 3217 iu1itiiffii·

1172 3179 1305 3219 isoniensi
1320 3179 1397 3219 coeno
1419 3180 1446 3218 io
1472 3178 1539 3218 iiiia
1562 3177 1612 3216 usu
1626 3177 1680 3217 am.
1708 3179 1726 3217 ii
1778 3192 1796 3204 -

139 3237 278 3309 nymiana
292 3237 336 3294 die
349 3237 519 3310 precedenti.
537 3240 684 3312 Sequitur:
706 3263 716 3286 ‹
731 3240 813 3320 Apud
825 3241 938 3295 Raveu-
992 3236 1098 3302 bernia,
1113 3235 1197 3289 Beaui
1208 3232 1329 3306 episcopi
1341 3234 1424 3305 primi
1480 3232 1641 3288 ordonensis
1651 3232 1794 3289 eteoniea·

136 3324 218 3374 nam,
238 3308 327 3363 natale
338 3317 491 3365 sanctornm
502 3310 654 3378 Valentini,
667 3311 790 3377 Navalis,
803 3310 939 3382 Agricola

137 3387 166 3434 et
181 3378 332 3435 Concordii
347 3388 537 3451 martyrum.»
559 3381 630 3436 Vide
653 3381 876 3437 Observationes.
900 3383 939 3436 De

137 3451 245 3506 lrenaeo
259 3458 286 3505 et
299 3449 381 3506 sociis
394 3451 488 3506 eadeni
503 3449 585 3506 habet
599 3467 663 3506 cum
682 3450 827 3506 codicibus
843 3451 940 3505 media

137 3528 222 3577 uotae.
246 3521 302 3576 «ln
318 3520 425 3589 Tuscia,
438 3528 539 3577 sancta
553 3520 679 3576 Barbara
693 3520 811 3591 virginis
827 3528 854 3575 et
871 3536 941 3575 mar·

139 3591 242 3662 tyris.»
261 3589 378 3648 Videtur
391 3606 545 3661 supponere
561 3591 643 3645 aliam
660 3591 731 3646 hauc
754 3606 812 3646 esse
834 3591 942 3647 Barba-

139 3677 199 3717 iam
214 3662 249 3717 ab
261 3677 294 3716 ea
307 3678 390 3733 quam
407 3661 498 3732 posuit
512 3678 595 3733 supra
609 3678 638 3716 iv
653 3661 823 3718 Decembris.
839 3663 942 3735 Sequi-

138 3739 187 3787 tur
200 3749 236 3812 ².‘
252 3731 335 3804 Apud
346 3732 499 3812 Spoletum,
515 3731 651 3805 depositio
665 3732 752 3789 sancti
768 3733 876 3790 blalecii
887 3733 944 3806 epi·

139 3802 548 3954 mffiussgogpszoggg.lpngas
557 3872 687 3929 historias
696 3873 800 3954 prolert
810 3893 817 3939 ;
829 3874 944 3929 alteram

139 3942 177 4000 de
192 3958 286 4014 pueris
308 3944 496 4016 babylonicis,
512 3960 573 4016 quaa
592 3960 626 3999 eii
637 3960 722 4000 sacris
738 3945 839 4000 litteris
852 3945 945 4000 notior

139 4022 170 4071 et
181 4013 284 4071 certior
297 4023 338 4071 est
353 4031 434 4089 quarn
451 4014 497 4072 hic
511 4022 662 4071 enarretur.
677 4015 717 4070 De
731 4014 946 4085 Luceiavirgine

993 3307 1072 3364 soris.
1090 3330 1098 3351 ·
1115 3305 1259 3361 Editiones
1274 3305 1440 3375 posteriores
1451 3302 1523 3359 idem
1535 3302 1638 3358 habent
1645 3303 1678 3358 de
1685 3303 1795 3360 Adone.

993 3380 1079 3434 Tum:
1104 3398 1113 3422 ι
1129 3376 1160 3430 ln
1176 3375 1283 3442 Galliis,
1300 3374 1373 3446 apud
1389 3375 1554 3439 Tornacum‚
1570 3373 1738 3429 monasterio
1752 3372 1796 3430 Ci-

995 3445 1127 3511 soniensi,
1138 3445 1274 3516 depositio
1284 3445 1412 3513 Evrardi,
1422 3444 1500 3499 ducis
1509 3442 1717 3513 Foroiuliensis.
1727 3443 1797 3499 ltem

994 3516 1131 3590 depositio
1145 3523 1246 3572 sancta
1260 3515 1422 3572 Adelheidis
1435 3513 1629 3587 imperatricis.
1648 3514 1679 3569 ln
1694 3513 1798 3586 llyber·

996 3591 1053 3657 nia,
1076 3586 1176 3643 natalis
1190 3586 1286 3654 Beani,
1310 3586 1394 3667 primi
1414 3585 1536 3662 episcopi
1553 3583 1758 3641 Aberdonensis
1771 3589 1800 3640 et

997 3659 1173 3718 contessoris.
1190 3658 1346 3725 Ambiams,
1359 3662 1478 3729 receptio
1493 3655 1573 3711 faciei
1587 3655 1660 3712 beati
1684 3655 1800 3711 loannis

997 3731 1137 3812 Baptistae.
1154 3730 1185 3785 lu
1200 3728 1350 3800 Hispaniis,
1362 3745 1397 3784 ex
1411 3728 1610 3784 constitutione
1624 3725 1726 3782 decimi
1735 3741 1800 3782 con·

998 3802 1058 3860 cilii
1072 3800 1210 3868 Toletani,
1226 3799 1327 3856 festum
1342 3797 1565 3856 annuntiationis
1577 3796 1662 3854 beata
1676 3796 1793 3855 Mariae.-

976 3873 1059 3931 'Non
1079 3878 1120 3929 est
1134 3888 1222 3945 opera
1237 3872 1357 3943 pretium
1382 3886 1503 3945 quarere
1526 3868 1649 3942 quandiu
1671 3867 1717 3924 bic
1730 3867 1801 3923 ritus

1000 3943 1155 4001 duraverit.

143 4217 212 4275 xvi
225 4219 292 4275 tuat.

1691 4220 1743 4275 Dia
1757 4219 1802 4281 ir.

179 4306 337 4364 Translatio
349 4306 434 4363 sancti
446 4307 544 4379 Ignatii
560 4307 679 4380 episcopi
697 4315 724 4362 et
739 4305 880 4378 martyris,
897 4306 985 4379 quiab
1001 4305 1067 4361 urbe
1080 4305 1167 4361 lioma
1184 4303 1362 4360 Antiochiam
1376 4303 1494 4371 delatus,
1509 4301 1584 4373 jacet
1600 4312 1678 4361 extra
1692 4313 1801 4377 portani

142 4396 342 4465 Damniticam,
353 4397 383 4451 iii
398 4398 534 4454 cimiterio
548 4397 679 4454 ecclesia.
697 4398 801 4454 Eodem
816 4397 872 4464 die,
882 4396 955 4452 beati
967 4394 1070 4464 Lazari,
1082 4410 1163 4466 quein
1175 4395 1310 4449 Dominus
1319 4393 1397 4449 lesus
1408 4395 1437 4449 iri
1446 4393 1598 4465 Evangelio
1609 4394 1711 4467 legitur
1728 4411 1802 4451 resti.

143 4483 260 4542 scitasse
272 4501 289 4542 a
303 4487 430 4542 mortuis.
446 4486 614 4565 ltem'beatae
628 4485 752 4551 Marthae,
766 4485 870 4542 sororis
884 4484 953 4557 ejus,
968 4499 1086 4557 quorum
1101 4481 1287 4537 venerabilem
1305 4482 1464 4539 memoriam
1481 4489 1607 4538 extructa
1621 4483 1737 4540 ecclesia
1746 4498 1802 4539 nou

144 4575 229 4647 louge
242 4591 259 4631 a
271 4576 416 4653 Bethania,
431 4575 478 4632 ubi
492 4593 507 4632 e
520 4576 615 4632 vicino
629 4575 727 4631 domus
742 4590 836 4630 eorum
851 4573 916 4641 luit,
940 4578 1095 4630 conservat.
1110 4572 1141 4626 lii
1155 4569 1268 4626 Oriente
1282 4569 1356 4642 apud
1378 4570 1616 4643 Eleutheropolim
1647 4571 1800 4641 civitatem,

145 4671 307 4722 sanctorum
321 4674 474 4739 martyrum
489 4665 699 4739 quinquaginta,
715 4665 763 4738 qui
777 4664 829 4721 sub
844 4664 1000 4721 Sarraceuis
1014 4662 1086 4736 passi
1097 4670 1172 4719 sunt.

915 4787 1033 4847 NOTAE.

182 4895 224 4950 lta
239 4892 363 4960 Praten.,
378 4890 528 4960 llerinieo,
544 4889 771 4962 Aetatem-Mai„
787 4888 934 4956 Munerat,
953 4888 1063 4945 Graece.
1079 4893 1104 4943 et
1117 4888 1220 4945 Molita.

763 5009 966 5068 VARlANTES
984 5008 1190 5068 LECTlONES.

184 5116 262 5172 luter
274 5112 385 5170 codices
397 5128 446 5184 pro
460 5118 542 5167 textu
554 5110 653 5167 citatos
676 5109 772 5164 nullus
786 5117 859 5165 recte
884 5107 949 5180 legit
963 5115 988 5174 D
1003 5108 1159 5163 Proteusem
1176 5123 1226 5178 pro
1238 5106 1352 5163 Marthae
1366 5108 1437 5163 male
1452 5106 1563 5179 irrepsit
1577 5106 1683 5163 uarie
1701 5105 1802 5164 nune-

147 5192 229 5267 extra
241 5194 350 5267 portam
366 5183 564 5255 Daphnitieum.
579 5182 695 5238 Secutus
709 5195 770 5236 snm
785 5179 894 5260 Praten.
923 5187 950 5235 et

147 5253 294 5312 llerinien.
307 5255 464 5312 lnGreven.
476 5253 609 5311 ethlolan.
619 5251 735 5308 habetur
744 5250 950 5322 pompetiacum

147 5327 177 5383 iri
193 5326 423 5399 Autuerp.·lllaj.,
439 5325 639 5396 Daaapuitiom;
662 5323 692 5378 in
707 5323 854 5388 Munerat,
871 5319 951 5375 Deoi-

148 5399 240 5454 ticom:
252 5399 328 5454 solus
338 5396 484 5524 Roswepd.
495 5396 530 5452 ad
542 5395 690 5469 puritatem
706 5393 819 5465 propius
837 5390 953 5448 accessit

149 5485 199 5543 per
230 5469 407 5539 Dalaitieiim.
451 5484 468 5523 ii
494 5467 623 5523 omnibus
636 5466 721 5520 lerme
742 5470 783 5519 est
804 5461 953 5542 cimiterio;

152 5542 265 5596 Praten.
286 5548 313 5595 et
336 5540 450 5608 Molem,
473 5539 586 5607 rectius,
610 5535 761 5593 caemeterio.
786 5535 817 5588 lu
830 5532 953 5588 codicem

316 5840 437 5899 Parnon.
457 5841 585 5901 CXXIV.

1005 5179 1069 5245 rati,
1086 5179 1130 5232 vel
1145 5176 1204 5246 ejus
1219 5177 1385 5250 typographi
1402 5193 1479 5233 error
1491 5183 1531 5233 est
1545 5177 1655 5232 evicinio
1669 5192 1719 5248 pro
1731 5193 1744 5232 e
1756 5177 1803 5233 ei-

1005 5250 1074 5304 eino.
1090 5247 1191 5304 Omnes
1201 5256 1274 5304 recte
1284 5248 1501 5320 legantquorum
1522 5247 1694 5302 venerabilem
1708 5263 1802 5303 meino·

1004 5320 1087 5387 riain,
1102 5318 1195 5374 nescio
1209 5333 1258 5374 cur
1272 5317 1484 5389 Amnem-Mai.
1498 5315 1663 5389 premiserit
1675 5318 1803 5390 particu-

1008 5391 1061 5446 lam
1083 5389 1121 5444 in.
1137 5389 1241 5445 Rursus
1256 5388 1285 5443 iri
1316 5388 1472 5443 Sorrueeaia
1499 5387 1671 5446 conveniunt
1695 5405 1801 5455 omnes,

1007 5470 1105 5532 praeter
1119 5458 1262 5532 praelatum
1280 5457 1403 5516 codicem
1418 5465 1446 5513 et
1458 5458 1608 5515 lilolauum.
