3834 6136
143 229 199 288 895

658 225 789 285 cauom
808 224 916 284 cacvl
936 225 1152 287 rusucurium
1171 227 1275 286 REGIS

1744 178 1828 290 896.

143 379 274 437 adversus
300 377 383 436 lsrael
406 375 563 449 persuaderi
586 377 631 433 vel
653 378 811 450 extorqueri
838 377 939 450 potuit,
955 380 981 440 Α
997 384 1166 447 convenere,
1184 379 1258 452 quod
1287 377 1316 434 in
1332 377 1429 451 quinta
1456 375 1609 434 universali
1637 376 1760 452 syuodo,
1787 395 1804 436 s

144 484 225 544 quam
240 465 314 541 quod
326 482 342 522 a
353 465 473 522 Domino
486 465 595 523 audivit
611 466 704 537 (Num.
720 468 805 537 xxm).

179 559 218 615 Dc
232 573 264 614 so
279 554 352 629 quod
367 555 396 611 in
410 554 511 612 litteris
525 570 560 610 ex
573 555 684 612 nomine
700 562 791 611 vestro
805 555 885 611 nobis
900 554 940 611 di·

143 651 225 706 rectis
239 647 365 716 habetur,
380 647 411 705 Ut
422 645 538 702 aeneae
551 645 696 702 llincmoro
717 647 838 713 Romam,
854 644 942 700 senior

141 745 279 796 amoenior
303 738 422 805 mouens,
436 734 483 808 qui
505 736 583 791 nullo
594 736 679 808 possit
701 734 859 791 anctoritate
873 733 942 805 legi-

143 830 207 885 timo
221 829 320 902 respui,
332 829 517 898 rescribimus,
528 829 593 903 quia
607 826 672 883 licet
686 825 745 881 haeo
758 821 942 881 commenda-

142 920 182 976 tio
210 920 288 977 nulla
301 919 337 976 sit
366 921 471 978 ratione
494 929 575 994 atquo
593 914 757 975 auctoritate
775 914 897 983 suffulta,
917 913 940 970 si

141 1008 212 1066 forte
227 1007 301 1082 apud
327 1025 377 1066 vos
395 1012 477 1067 exlex
502 1012 577 1067 solus
597 1007 761 1063 llincmnrus
780 1021 853 1061 nova
871 1005 940 1077 lege,

142 1098 241 1174 priscis
255 1107 310 1155 tam
339 1099 459 1172 publicis
475 1117 556 1174 quarn
575 1095 767 1156 ecclesiasticis
793 1093 939 1163 contraria,

141 1189 198 1245 imo
208 1187 305 1244 ordine
319 1204 446 1263 novoque
458 1204 534 1245 more
545 1187 671 1256 habetur,
689 1192 721 1241 ut
733 1184 872 1241 nonnisia
887 1202 942 1241 vo-

140 1277 225 1336 biset
240 1280 332 1337 llomae
346 1279 437 1336 valeat
449 1278 567 1351 judicari
597 1294 646 1351 pro
661 1277 705 1333 his
724 1275 891 1344 excessibus,
908 1276 941 1333 de

995 465 1057 522 sedo
1069 467 1228 540 apostolica,
1258 472 1290 523 ut
1305 467 1335 523 in
1350 466 1508 539 apostolicis
1532 465 1646 535 litteris,
1664 466 1802 541 praecipue

995 564 1086 613 autem
1113 556 1142 614 in
1156 555 1289 630 synodica
1303 556 1376 613 beati
1388 556 1509 629 Gregorii
1524 555 1559 613 ad
1576 562 1699 629 quatuor
1711 557 1802 630 patri-

996 645 1102 714 archas,
1118 653 1145 701 et
1174 645 1205 701 iu
1219 644 1282 702 aliis
1295 644 1357 717 ejus
1368 645 1502 719 epistolis,
1520 661 1576 702 uua
1595 661 1661 703 cum
1685 652 1802 719 quatuor

996 735 1215 811 precedentibus
1242 736 1359 809 legimns
1386 735 1575 793 collandatum
1601 741 1687 808 atque
1705 752 1801 794 susce-

995 832 1084 900 ptum,
1097 826 1239 883 invenitur
1248 825 1329 883 nohis
1338 825 1499 882 tenendum.
1511 823 1592 892 Quod
1600 824 1802 886 adhucnostris

995 914 1097 971 litteris
1106 914 1140 971 ad
1154 915 1312 988 exemplum
1326 915 1445 970 inserere
1455 913 1608 982 noluimus,
1627 912 1720 972 donec
1727 915 1801 973 scis·

996 1022 1066 1076 mus,
1082 1006 1106 1062 si
1129 1006 1262 1064 duritiam
1277 1005 1470 1063 mandatorum
1494 1013 1656 1064 vestrorum
1670 1023 1736 1081 erga
1753 1025 1801 1068 nos

996 1093 1076 1151 aliter
1092 1094 1126 1151 ad
1145 1095 1343 1168 benignitatem
1377 1095 1517 1154 inllectere
1543 1094 1717 1169 poterimus:
1738 1099 1801 1171 quis

997 1183 1069 1256 quod
1082 1199 1117 1239 ex
1131 1186 1288 1258 apostolica
1302 1186 1375 1244 sedis
1389 1186 1512 1256 nomine,
1528 1186 1685 1244 secundum
1695 1197 1798 1247 sancts-

997 1289 1057 1328 rum
1068 1272 1271 1346 scripturarum
1282 1275 1432 1344 tramitem,
1443 1275 1798 1351 predicationemqusms-

141 1366 242 1441 quibus
260 1368 394 1425 habentur
410 1377 485 1427 certa
500 1386 640 1427 sacrorum
652 1383 790 1427 canonum
805 1382 837 1423 ac
849 1365 942 1439 legum
994 1358 1097 1431 j0rum,
1112 1369 1140 1417 et
1156 1363 1375 1421 orthodoxorum
1391 1364 1499 1422 decreta
1522 1364 1670 1436 scribitur,
1687 1382 1796 1440 sequen

140 1456 258 1524 decreta,
275 1471 345 1529 quae,
366 1464 397 1514 ut
416 1457 470 1514 Leo
499 1455 579 1524 dicit,
599 1455 676 1512 nulla
703 1462 818 1527 possunt
836 1455 943 1512 rarione
996 1449 1062 1506 dum
1079 1459 1105 1509 et
1120 1452 1269 1510 tenendum
1285 1470 1340 1510 non
1362 1455 1531 1528 ignoramus,
1553 1463 1582 1512 et
1604 1455 1683 1529 quod
1696 1473 1796 1515 secuse

140 1543 271 1615 convelli,
285 1561 348 1603 oum
359 1547 441 1602 etiam
453 1545 486 1603 de
496 1544 662 1614 causabdei,
678 1551 709 1601 ut
723 1544 792 1602 dicit
807 1544 941 1612 Gelasius,
996 1556 1134 1615 quoquam
1144 1542 1229 1599 luerit
1243 1544 1422 1617 compilatum
1437 1544 1495 1601 sive
1510 1544 1678 1614 confictum,
1694 1563 1795 1604 uonso·

138 1634 294 1709 cuicunque
308 1635 433 1707 pontifici
448 1636 540 1704 liceat,
556 1635 708 1694 secundum
724 1635 846 1707 regulam
862 1649 943 1690 arro-
997 1632 1054 1688 lum
1071 1632 1266 1706 respuendum,
1282 1634 1329 1691 sed
1343 1641 1370 1691 et
1383 1635 1606 1707 redarguendum
1620 1651 1683 1693 esse
1703 1653 1796 1710 coguo-

138 1724 177 1782 ris
187 1732 250 1781 ante
260 1725 394 1794 damnati,
410 1725 586 1800 quemlibeta
599 1723 736 1782 catholica
745 1724 977 1797 communioneq}
995 1721 1108 1778 scimus.
1125 1722 1154 1779 Si
1169 1721 1288 1796 denique
1299 1724 1380 1781 aliter
1391 1741 1474 1799 (ιιιιι
1485 1741 1537 1782 nos
1555 1733 1583 1782 ιι
1594 1742 1646 1782 ιιι
1661 1725 1795 1794 decuerat,

137 1814 303 1871 discernere.
320 1815 357 1870 Et
372 1831 421 1887 ego
436 1814 474 1872 ita
487 1830 582 1871 exsors
595 1813 630 1870 ab
644 1814 773 1871 cornibus
786 1811 938 1871 accusatio·

137 1901 229 1970 nibus,
246 1918 303 1958 uon
317 1904 407 1960 solnm
418 1904 453 1959 ab
470 1903 523 1971 his,
539 1902 640 1977 quibus
655 1904 779 1975 legaliter
793 1910 820 1958 et
835 1902 938 1974 regula-

136 1989 205 2044 riter
217 1990 364 2046 accusandi
374 1989 506 2047 adversus
516 1992 636 2063 seipsum
651 1990 801 2064 denegatur
815 1991 954 2059 licentia.

135 2091 232 2133 verum
249 2083 275 2132 et
286 2076 321 2133 ab
333 2076 388 2146 his,
404 2078 505 2151 quibus
521 2078 550 2134 in
566 2079 685 2152 propriis
699 2080 788 2138 causis
800 2082 938 2138 accusatio

136 2179 192 2220 nou
211 2173 335 2237 negatur,
363 2166 480 2224 utsicut
508 2167 581 2240 leges
603 2174 630 2224 et
644 2167 744 2240 regulas
770 2167 879 2239 jubent,
910 2169 939 2225 in

135 2255 279 2328 provincia
297 2256 327 2313 in
346 2273 400 2331 qua
421 2265 486 2313 suut
511 2266 571 2314 orta
591 2257 700 2329 negotia
718 2258 862 2315 terminari
882 2276 938 2317 uon

133 2345 255 2415 valeant,
272 2353 299 2403 et
313 2345 466 2403 secundum
482 2345 670 2404 Antiochense
684 2364 813 2418 canones,
827 2349 938 2422 provin·

134 2434 248 2491 cialium
268 2434 439 2508 synodorum
459 2451 515 2492 non
535 2435 653 2493 debeant
671 2437 791 2509 experiri
811 2454 937 2508 examen,

135 2523 158 2581 ιι
168 2525 250 2582 uobis
260 2524 329 2593 vias,
341 2541 405 2582 cum
416 2525 560 2582 voluntate
571 2534 598 2583 et
613 2543 750 2585 consensu
762 2527 937 2586 dilectissimi

134 2614 242 2686 nepotis
256 2615 344 2671 nostri
359 2615 534 2687 imperatoris
547 2616 643 2686 vestri,
662 2626 759 2675 contre
771 2616 850 2689 cujus
863 2617 938 2674 dile-

134 2703 255 2759 ctionem
269 2710 297 2759 ιι
306 2702 431 2760 (ιιιιιιιι
442 2703 587 2773 honorem,
603 2706 627 2762 si
643 2714 736 2762 tamen
749 2715 874 2763 mutuam
888 2707 937 2763 di-

135 2791 283 2849 lectionem
316 2799 343 2848 et
361 2808 515 2865 congruum
551 2793 685 2851 honorem
704 2797 784 2853 nobis
806 2797 937 2856 exhibere

134 2882 283 2952 studuerit,
299 2882 368 2941 illuc
391 2882 431 2939 ire
445 2899 501 2940 non
524 2884 662 2956 volumus,
683 2887 871 2958 obtinueritis,
884 2908 937 2948 co-

135 2981 264 3047 operante
274 2971 404 3043 Domino,
416 2989 481 3046 pace
492 2972 521 3028 in
532 2990 616 3048 reguo
627 2982 722 3031 nostro
741 2986 836 3034 contra
850 2995 936 3052 paga-

133 3079 183 3120 nos
197 3062 302 3120 virtute
315 3063 360 3119 vel
371 3079 535 3137 quacunque
548 3063 728 3138 dispositione
747 3068 797 3124 Dei
812 3068 934 3139 obtenta,
953 3098 974 3159 C

132 3153 246 3211 Romam
257 3153 352 3212 venire
371 3170 494 3227 congruo
508 3162 632 3229 tempore
647 3174 704 3216 nou
715 3157 883 3219 differemus.
899 3162 935 3219 Et

131 3243 197 3319 quia
206 3244 287 3302 illum
299 3244 424 3318 legaliter
434 3252 482 3302 aut
493 3247 655 3319 regulariter
664 3247 694 3305 in
704 3249 811 3321 synodo
823 3253 934 3324 episco-

132 3349 230 3405 porum
250 3333 432 3406 plurimarum
460 3335 664 3408 provinciarum
691 3336 725 3393 de
743 3338 825 3396 certis
843 3340 932 3397 causis

131 3422 333 3493 accusavimus,
345 3423 476 3482 idoneum
488 3442 538 3482 nos
550 3433 737 3485 accusatorem
749 3427 826 3486 illius
837 3438 934 3487 osteu-

131 3509 238 3580 demus,
268 3518 295 3566 et
310 3518 401 3568 tantos
415 3520 498 3569 testes
518 3513 633 3572 idoneos
652 3514 758 3573 diversi
777 3517 883 3575 ordinis
903 3535 935 3576 ιι

130 3597 275 3671 dignitatis
299 3598 445 3656 nobiscum
461 3601 604 3670 ducemus,
619 3619 683 3659 cum
696 3603 797 3676 quibus
811 3621 874 3663 eum
889 3608 934 3664 le-

131 3685 229 3756 galiter
255 3700 287 3742 ac
301 3688 464 3757 regulariter
477 3705 528 3747 uos
541 3707 681 3750 accusasse
699 3700 726 3749 et
740 3695 933 3767 comprobasse

131 3771 365 3831 sufficientissime
380 3777 631 3850 comprobabimus,

166 3863 298 3934 Tandem,
310 3865 375 3938 qula
385 3882 435 3923 vos
449 3883 506 3923 uon
520 3869 617 3939 legisse
633 3869 675 3924 vel
691 3869 800 3927 audisse
815 3872 932 3945 collegi-

130 3966 192 4007 mus
209 3967 245 4006 ιιι
273 3950 374 4007 ιιιιιιιι
388 3953 422 4009 ab
436 3954 557 4011 Actardo
578 3956 705 4031 episcopo
728 3957 808 4016 nobis
822 3960 930 4030 delatis,

130 4053 190 4109 quae
207 4045 288 4093 antea
309 4055 357 4112 per
372 4040 451 4098 illum
465 4043 627 4115 paternitati
643 4055 739 4104 vestre
767 4047 929 4119 direximus,

129 4127 228 4185 iterato
237 4129 385 4188 scribimus
399 4149 431 4190 ea
445 4151 506 4209 que
524 4142 591 4193 tunc
605 4137 814 4210 scripseramus,
830 4140 931 4213 depre-

129 4226 223 4276 cantes
248 4236 298 4276 vos
312 4220 342 4277 in
357 4224 557 4298 omnipotentis
572 4226 621 4284 liei
643 4227 758 4297 honore,
776 4237 803 4286 et
817 4240 931 4288 sancto-

127 4325 189 4364 rum
201 4309 391 4379 apostolorum
403 4314 591 4384 veneratione,
608 4322 638 4370 ut
653 4317 721 4373 tales
733 4318 931 4378 inhonoratio-

126 4394 172 4453 nis
185 4405 286 4455 uostrae
301 4399 440 4471 epistolas,
458 4402 578 4475 taliaque
592 4404 730 4476 mandata,
751 4407 823 4465 sicut
838 4409 929 4469 hacte-

126 4505 179 4547 uus
205 4507 241 4548 ex
253 4492 367 4550 nomine
383 4500 476 4552 vestro
503 4497 683 4570 suscepimus,
701 4497 781 4556 nobis
802 4508 829 4556 et
853 4501 929 4574 regui

126 4581 213 4637 nostri
228 4582 364 4655 episeopis
376 4600 407 4642 ac
421 4585 590 4657 primoribus
604 4588 638 4644 de
658 4597 758 4647 cetero
772 4607 828 4647 nou
844 4608 928 4649 mau-

125 4667 207 4737 detis,
223 4677 251 4726 et
264 4685 320 4726 non
345 4673 518 4744 compellatis
540 4690 590 4731 uos
605 4677 733 4735 mandata
746 4687 773 4735 et
798 4679 927 4752 epistolas

125 4764 230 4813 vestras
245 4756 452 4817 inhonorandas
465 4770 652 4833 contemnere,
668 4774 695 4821 et
709 4767 806 4824 mimos
822 4779 927 4829 vestros

124 4844 306 4917 dehonorare,
318 4846 366 4920 qui
377 4847 467 4919 vobis,
485 4850 513 4907 in
530 4850 574 4908 his
588 4868 649 4925 qne
660 4853 695 4909 ad
709 4862 831 4914 vestrum
845 4862 926 4918 mini·

115 4934 240 4991 ¹sterium
253 4935 403 5008 pertinent,
428 4936 452 4994 si
485 4946 577 4996 tamen
602 4941 786 5000 ministerium
804 4957 926 5008 vostrum

123 5027 251 5098 cupimus
274 5026 473 5100 obtemperare.
496 5029 561 5097 Quae
576 5046 626 5102 pro
648 5034 732 5089 vestri
747 5034 851 5096 honore
865 5041 925 5113 pri-

123 5112 218 5184 vilegii
232 5113 313 5171 vobis
322 5112 452 5185 dicimus,
466 5116 532 5189 quia
545 5118 635 5189 vobis,
651 5121 723 5179 sicut
737 5140 832 5183 revera
845 5129 925 5187 vica-

123 5200 165 5257 rio
188 5203 219 5259 B.
235 5203 309 5261 Petri
321 5206 509 5278 apostolorum
533 5208 676 5283 principis,
693 5212 723 5269 in
738 5216 866 5276 omuibus
879 5220 925 5277 dc·

125 5289 182 5349 bita
207 5310 239 5354 ac
262 5304 449 5370 competenter
473 5298 585 5358 obedire
609 5301 806 5379 desideramus,
835 5319 863 5368 ιι
889 5327 924 5369 ιι

124 5379 207 5437 aliter
221 5385 330 5445 eveniat
344 5404 440 5445 cavere
453 5405 502 5462 per
514 5390 608 5449 omnia
618 5394 754 5467 cupimus,
763 5414 795 5455 ac
805 5407 923 5458 vestram

124 5470 298 5532 sanctitatem
312 5475 341 5533 id
366 5479 457 5553 ipsum
471 5499 569 5544 cavere
581 5483 683 5545 humili
698 5505 778 5563 prece
801 5491 923 5567 deposci·

126 5570 196 5629 mus,
210 5574 246 5617 ne
262 5576 312 5620 nos
337 5574 364 5625 et
378 5579 487 5630 nostros
502 5574 569 5631 satia
597 5575 700 5635 invitos
724 5579 756 5636 ad
777 5579 806 5639 id
819 5584 923 5656 cogatis

995 1811 1222 1869 reverentissima
1244 1813 1402 1886 paternitati
1416 1821 1514 1871 vestras
1543 1813 1735 1884 rescribendo,
1756 1815 1796 1872 la·

993 1908 1054 1957 ctus
1064 1918 1124 1958 sum
1136 1901 1280 1974 insipiens,
1292 1921 1342 1960 vos
1352 1921 1396 1960 me
1410 1905 1548 1977 coegistis.
1565 1905 1697 1962 Petimus
1710 1912 1793 1961 auten

994 1992 1211 2065 omnipotentem
1241 1995 1392 2051 Dominum
1420 2003 1450 2051 ut
1465 1996 1584 2069 inspiret
1610 1995 1694 2054 cordi
1712 2004 1794 2054 vestro

993 2081 1033 2138 sic
1059 2098 1110 2138 nos
1131 2081 1250 2155 benigne
1278 2093 1406 2153 tractare,
1427 2093 1562 2159 quatenns
1581 2085 1706 2143 alterins
1724 2087 1794 2145 uobis

993 2185 1048 2225 uon
1060 2171 1095 2227 sit
1108 2188 1216 2228 necesse
1226 2173 1306 2230 vobis
1315 2174 1354 2230 ita
1365 2175 1525 2246 rescribere,
1536 2174 1597 2245 sed,
1614 2183 1649 2232 ut
1663 2177 1791 2249 cupimus,

993 2259 1022 2316 in
1050 2263 1228 2318 veneratione
1252 2265 1451 2337 apostolorum,
1471 2264 1629 2338 apostolico
1658 2264 1793 2339 pontificio

993 2357 1084 2406 vestro
1094 2350 1238 2408 humiliter
1247 2368 1278 2409 ac
1288 2352 1387 2409 devote
1401 2353 1472 2410 colla
1485 2361 1513 2410 ιι
1523 2352 1610 2410 corda
1621 2353 1791 2410 submittere.

992 2441 1065 2497 Deus
1079 2441 1255 2514 omnipotens
1269 2442 1304 2499 ad
1318 2443 1452 2500 honorem
1467 2451 1495 2500 et
1515 2443 1705 2501 salvationem
1719 2451 1794 2519 atque

992 2530 1188 2587 exaltationem
1214 2539 1315 2589 sauctae
1334 2550 1389 2590 suaa
1416 2532 1549 2591 Ecclesiae
1574 2550 1627 2590 vos
1647 2535 1793 2609 permulta

991 2637 1127 2679 annornm
1160 2622 1298 2680 curricula
1323 2640 1486 2681 conservare
1515 2623 1664 2698 dignetur,
1684 2625 1792 2683 Domine

992 2712 1164 2770 sanctissime
1183 2719 1210 2769 et
1224 2714 1444 2772 reverentissime
1457 2724 1535 2790 pater
1551 2716 1581 2773 in
1593 2717 1728 2776 Domino.

1236 2840 1463 2898 EPISTOLA
1495 2842 1545 2900 1x

1302 2957 1481 2998 insunuans.

1029 3071 1039 3095 0
1123 3045 1224 3101 Eodem
1240 3052 1353 3119 tempore
1369 3047 1451 3103 missa
1464 3065 1516 3120 quo
1531 3049 1673 3122 superior.

1165 3157 1220 3232 [Ex
1235 3159 1304 3234 Opp.
1320 3161 1442 3232 llincm.,
1459 3179 1520 3237 pag.
1539 3165 1622 3242 tte]

1025 3258 1205 3316 Sanctissimo
1215 3277 1246 3318 ac
1257 3262 1479 3320 reverentissimo
1490 3264 1566 3322 Patri
1576 3266 1706 3327 Adrisuo
1723 3285 1788 3326 sum

990 3364 1035 3405 mo
1049 3349 1185 3421 pontifici,
1199 3357 1226 3406 et
1236 3351 1386 3409 universali
1397 3370 1482 3428 pape,
1499 3354 1634 3416 (ἱιιοιιι
1647 3360 1697 3418 Dei
1711 3358 1787 3434 gratis

990 3454 1039 3494 rex
1052 3447 1079 3495 ιι
1094 3438 1246 3512 spiritualis
1257 3440 1332 3497 tilius
1347 3451 1445 3502 vester.

1025 3526 1095 3594 Quia
1107 3527 1206 3585 litteris
1215 3546 1251 3585 ex
1262 3531 1374 3588 nomine
1388 3541 1489 3591 sanctas
1503 3537 1687 3608 paternitatis
1700 3545 1786 3597 vestra

988 3614 1022 3670 ab
1039 3614 1158 3673 actardo
1183 3619 1334 3676 venerabili
1353 3621 1560 3698 archiepiscopo
1581 3627 1669 3686 nobis
1687 3627 1784 3698 uuus

989 3705 1150 3760 necessitate
1168 3716 1291 3780 cogente,
1316 3711 1454 3783 prolixius
1471 3715 1642 3787 respondere
1661 3718 1785 3794 compulsi

988 3808 1093 3863 sumus,
1113 3804 1211 3852 contra
1229 3815 1333 3857 morem
1356 3809 1482 3860 nostrum
1510 3804 1540 3861 in
1559 3808 1785 3881 quaterniunculo

987 3884 1091 3940 annulo
1106 3895 1200 3944 uostro
1215 3889 1324 3963 signato
1346 3893 1554 3966 responsionem
1577 3907 1706 3957 nostram
1723 3900 1784 3957 scai-

987 3971 1050 4030 bere
1068 3977 1251 4034 necessarium
1280 3978 1421 4052 duximus,
1442 3990 1581 4056 qmtenus
1611 3987 1667 4061 legi
1687 3990 1783 4065 punis

987 4064 1087 4134 valeat,
1101 4074 1128 4122 et
1142 4084 1202 4140 quae
1216 4069 1296 4126 vobis
1309 4071 1379 4128 ratio
1394 4074 1561 4147 respondere
1576 4081 1683 4153 coegit,
1694 4080 1781 4155 legenti

987 4154 1095 4226 plenius
1127 4154 1309 4215 innotescant.
1344 4161 1430 4230 Quam
1467 4169 1683 4239 responsionem
1702 4179 1781 4230 nacla

986 4245 1136 4315 paternitas
1151 4253 1241 4303 vestra
1255 4262 1311 4306 nou
1340 4263 1527 4325 aspernanter,
1543 4257 1594 4315 sed
1615 4259 1779 4336 benignam·

985 4332 1093 4405 scipiat,
1106 4351 1166 4407 qum
1181 4337 1290 4395 anobis
1304 4355 1360 4397 non
1370 4349 1411 4399 est
1420 4346 1636 4419 contumaciter,
1645 4350 1780 4410 aedments

945 4459 968 4518 D
985 4423 1107 4495 pacifica,
1121 4432 1152 4481 ut
1163 4426 1193 4482 in
1202 4427 1297 4486 eodem
1312 4433 1543 4504 quaterniunculo
1554 4435 1779 4511 invenistis,oou·

983 4519 1068 4571 texta.
1085 4516 1269 4589 Deprecamur
1287 4527 1378 4578 autem
1402 4538 1452 4580 vos
1469 4523 1500 4580 in
1519 4526 1725 4602 omnipotentis
1736 4527 1777 4586 usi

982 4601 1096 4673 honore,
1112 4613 1139 4662 et
1153 4615 1311 4665 sanctorum
1329 4612 1517 4683 apostolorum
1543 4620 1734 4690 veneratione,
1752 4625 1777 4674 ul

980 4693 1050 4750 tales
1064 4695 1286 4756 inhonorationis
1302 4708 1402 4758 nostras
1416 4703 1558 4775 epistolas,
1575 4707 1698 4784 taliaque
1710 4722 1777 4766 msu-

980 4783 1053 4855 data,
1070 4786 1141 4843 sicut
1158 4788 1290 4848 hactenus
1303 4807 1339 4849 cx
1357 4793 1470 4851 nomine
1488 4803 1585 4855 vestro
1604 4799 1776 4874 suscepimus,

980 4867 1061 4925 nobis
1088 4876 1115 4926 et
1134 4873 1210 4944 regni
1239 4878 1328 4935 nostri
1347 4878 1483 4954 episcopis
1501 4899 1533 4941 ac
1562 4885 1733 4959 primoribus
1748 4885 1777 4943 ds

980 4965 1079 5015 caetero
1098 4975 1153 5016 non
1173 4963 1319 5022 mandetis.
1340 4967 1393 5025 Sed
1412 4968 1493 5028 liceat
1521 4972 1605 5033 nohis
1633 4975 1776 5051 apostolico

980 5048 1123 5121 pontificio
1140 5057 1242 5122 vestro,
1258 5053 1287 5108 in
1302 5057 1478 5116 veneratione
1495 5061 1558 5132 liei,
1578 5071 1607 5122 et
1625 5073 1774 5125 ιιιιιιιιι

979 5145 1176 5216 apostolorum,
1187 5146 1333 5205 humiliter
1341 5166 1374 5208 ac
1387 5150 1496 5225 devote,
1508 5163 1539 5212 ut
1555 5158 1699 5234 cupimus,
1711 5160 1775 5221 colla

978 5238 1007 5287 et
1019 5234 1101 5290 corda
1115 5235 1286 5296 submittere.
1303 5240 1376 5298 Deus
1388 5242 1566 5318 omnipotens
1586 5247 1624 5306 sd
1649 5248 1774 5311 ιιιιιιιι

978 5327 1005 5375 ιι
1021 5323 1201 5382 salvationem
1221 5335 1303 5401 atque
1316 5330 1513 5392 exaltationem
1527 5343 1634 5397 mnata
1656 5352 1714 5398 ssa
1730 5336 1774 5395 ue

977 5411 1066 5470 clesiaa
1098 5431 1147 5471 vos
1167 5433 1215 5489 per
1232 5434 1369 5480 annorum
1395 5424 1535 5485 curuculs
1558 5444 1724 5491 comare
1738 5427 1775 5488 di·

977 5508 1085 5572 gnotus,
1111 5504 1229 5563 Domine
1248 5509 1422 5572 sanctissima
1450 5520 1535 5591 atquc
1556 5516 1775 5581 memmimus

977 5595 1053 5660 peter
1068 5590 1097 5646 in
1112 5592 1245 5653 Domino.
