3834 6136
61 241 115 304 393

597 238 914 299 nanrtnonociun.
935 271 971 285 -
994 241 1097 298 MENS.
1119 240 1203 299 AUG.

1667 245 1719 303 394

95 371 291 427 causamn:
326 388 334 411 ι
350 365 432 437 Apud
458 363 636 435 Caudiacum,
661 365 751 423 natale
778 367 864 423 sancti
880 371 901 428 Α
921 368 1115 434 Ceiiornannis,
1125 367 1246 424 Victoris
1260 366 1380 494 episcopi
1395 374 1424 423 et
1438 367 1717 435 confessorisiirum-

62 438 183 499 Ainandi
194 445 223 495 et
236 437 326 494 sancti
343 436 475 492 Domnini
492 437 632 509 martyris.
650 461 658 483 ι

96 511 193 570 Editio
216 507 409 566 LusacoCoi.
425 507 543 580 incipit:
566 507 694 580 ‹Vigilia
707 507 780 564 beati
799 508 863 563 Rar-

62 582 196 643 tholomei
211 580 363 655 apostoli.·
383 579 515 652 Sequitur
526 586 628 649 textus,
644 579 674 634 iii
689 580 785 636 ordine
796 596 863 635 noii-

62 657 132 715 nibil
152 661 277 711 mutatus
301 660 329 708 et
343 651 535 723 interpolatus.
552 653 582 708 lii
600 652 672 707 line:
697 652 865 722 ‹Augusto-

61 729 145 796 duuo,
167 727 314 783 beatorum
341 723 466 780 Flaviani
491 730 519 779 et
543 722 650 781 Sidonii
673 723 864 796 episcoporum

62 799 299 859 etconiessorum.
324 794 501 863 Cenomanis,
516 794 589 851 beati
605 794 727 851 Victoris
743 795 864 868 episcopi

61 881 87 929 et
100 869 306 929 confessoris.»
328 869 374 923 An
392 867 510 936 Victorii,
526 867 573 940 qui
593 866 721 923 colituri
743 868 864 938 Septem·

61 943 145 1001 bris?

96 1015 193 1072 min.
215 1012 246 1069 iii
262 1010 354 1067 tribus
393 1008 472 1066 rimis
489 1019 630 1086 utcunque
646 1027 742 1084 purus,
766 1017 865 1083 quarto

63 1090 122 1146 loco
136 1085 221 1142 babet
233 1085 269 1141 de
283 1026 440 1150 l'iinotsseo,
453 1090 505 1139 etc.
530 1083 678 1156 Sequitur:
701 1107 710 1130 ι
727 1084 795 1140 Item
810 1082 866 1139 Vi-

64 1159 126 1233 gilia
136 1157 226 1215 sancti
237 1154 427 1212 bartholomei
443 1170 456 1208 a
477 1155 570 1211 ostoli.
585 1180 595 1204 ·
615 1155 685 1211 Tum
699 1156 734 1212 de
749 1153 866 1226 Lugdu-

64 1230 194 1287 nensibus
217 1243 295 1301 pure.
320 1250 329 1274 ι
350 1170 536 1294 hieracius,
564 1226 683 1283 Theonoe
701 1225 857 1299 episcopi·

64 1302 153 1358 Prima
167 1299 257 1356 editio
271 1297 300 1354 iii
311 1297 367 1353 line
378 1297 467 1353 solum
479 1297 574 1354 addit:
599 1298 722 1353 «Eodem
738 1297 793 1363 die,
805 1313 865 1353 san-

920 437 991 494 berti
1005 437 1178 495 confessoris.
1195 438 1226 493 hi
1241 454 1333 494 eremo
1368 454 1383 494 c
1403 436 1455 505 thi,
1468 438 1585 495 Theona
1600 439 1717 502 abbatis.

919 510 1036 566 Civitate
1057 510 1139 590 ligea,
1163 516 1264 566 sancta
1280 455 1402 566 Theonii¹

917 581 1003 638 Ebbae
1016 581 1141 654 virginis.
1159 609 1168 631 »

953 653 1061 709 Moiaii.
1081 670 1087 708 :
1111 652 1238 709 «Eodem
1258 652 1313 720 die,
1333 654 1420 711 sancti
1436 654 1560 711 Flaviani
1586 656 1717 730 episcopi.

919 725 954 779 Et
969 724 1080 781 Sidonis
1093 725 1224 796 episcopi.
1238 725 1341 781 Eodem
1356 725 1413 795 die,
1431 726 1503 782 beati
1519 727 1719 787 Fraubaldiab·

919 796 991 853 batis
1017 805 1044 852 et
1068 796 1243 853 confessoris.
1268 797 1347 865 item,
1364 797 1460 866 vigilia
1473 800 1561 854 sancti
1575 799 1719 858 Bartholo-

919 868 981 923 maei
998 868 1124 940 apostoli.
1143 893 1152 915 ·
1174 869 1242 923 Tum
1269 869 1423 926 minoribus
1440 869 1533 942 typis:
1555 871 1645 938 «Quas
1664 873 1719 946 ple·

919 940 1011 1012 risque
1027 940 1094 996 locis
1101 938 1201 1011 jejunii
1219 939 1410 996 observatione
1424 941 1588 998 celebretur.
1600 943 1667 1000 ltein
1679 959 1719 1001 se·

919 1011 1040 1067 cundum
1052 1010 1159 1083 aliquos
1174 1011 1303 1080 hianda
1319 1013 1401 1084 primi
1415 1012 1546 1082 hominis,
1559 1015 1617 1086 qui.
1630 1015 1682 1072 etsi
1691 1015 1720 1072 iu

919 1083 1074 1154 superbiam
1091 1083 1189 1149 elatus,
1207 1090 1234 1138 et
1254 1082 1287 1138 de
1311 1100 1392 1155 pomo
1405 1085 1493 1142 vetito
1507 1086 1665 1155 comedens,
1690 1103 1719 1143 se

919 1161 1007 1211 totum
1023 1161 1065 1235 et·
1076 1169 1153 1210 suein
1176 1156 1364 1280 propaginem,
1381 1155 1523 1228 originalis
1535 1158 1646 1282 Xeccati
1660 1157 1721 1216 labe

920 1241 979 1281 eain
995 1225 1142 1282 afficiendo
1155 1233 1183 1281 et
1196 1242 1223 1280 in
1236 1225 1355 1295 iciendo‚
1368 1227 1467 1283 misere
1486 1244 1534 1299 per
1554 1227 1645 1296 iderit,
1673 1246 1721 1302 per

920 1297 1071 1355 secundum
1086 1305 1177 1352 tamen
1193 1297 1280 1352 Adam
1300 1313 1362 1353 eum
1376 1314 1393 1353 a
1406 1297 1508 1355 delicto
1522 1315 1572 1355 suo
1589 1300 1719 1357 eductum

1399 511 1441 566 la.
1458 508 1574 567 Osanna
1589 511 1717 585 virginis.

64 1373 98 1431 cti
117 1370 245 1430 Flaviani
261 1369 393 1442 episcopi.
407 1394 416 1416 ι
432 1367 484 1424 Sed
495 1371 580 1425 altera
593 1369 633 1426 sic
642 1369 738 1425 babet:
749 1367 865 1424 «Eodem

63 1444 117 1513 die,
133 1442 225 1501 sancti
248 1439 375 1498 Flaviani
399 1446 425 1495 et
449 1439 570 1521 Sydouis
585 1440 808 1513 episcoporum.»
830 1441 866 1494 Et

63 1516 128 1572 licat
150 1513 198 1570 die
219 1510 383 1586 praecedenti
407 1518 494 1637 eqerit
513 1512 547 1567 de
571 1513 598 1568 S.
629 1511 789 1638 Gippcqqtc,
818 1509 866 1592 hic
991 1583 996 1592 Ι
1038 1581 1043 1592 ,
1109 1581 1114 1590 Ι
1186 1581 1191 1591 Ι
1408 1582 1414 1592 λ

65 1585 184 1658 adiicit:
210 1585 264 1640 «ln
320 1589 365 1639 rin
389 1598 422 1638 nr
442 1581 465 1637 is
488 1584 592 1653 Romae,
617 1584 704 1640 sancti
753 1583 863 1655 ypoliti,
921 1583 1044 1638 Flaviani
1072 1597 1193 1653 episcopi
1223 1582 1425 1654 augustoduni.
1455 1583 1599 1652 Arvernis,
1619 1584 1719 1641 natalis

67 1655 195 1725 Quiriaci
210 1664 237 1712 et
249 1655 289 1711 Ac
307 1653 401 1711 ebrii·
921 1653 1007 1709 sancti
1025 1652 1132 1708 Sidonii
1148 1652 1278 1734 episcopi.
1291 1653 1466 1720 Cenomanis,
1482 1653 1554 1711 beati
1570 1654 1719 1712 Fraubaldi

102 1728 250 1784 Gaiam:
271 1725 399 1798 ‹lligilia
414 1725 502 1782 sancti
515 1724 711 1781 bartholomei
734 1725 863 1797 apostoli.
878 1734 902 1796 Β
921 1724 1026 1780 abbatis
1053 1730 1080 1778 et
1101 1724 1276 1780 confessoris.
1302 1725 1352 1779 Die
1377 1724 1511 1797 vigesima
1524 1727 1615 1794 tertia,
1629 1726 1718 1782 sancti

65 1802 132 1856 item
157 1796 307 1855 secundum
337 1797 445 1871 aliquos
468 1796 532 1853 hic:
554 1796 863 1868 Adaepriiiiibominis.
921 1796 1009 1868 Luppi
1038 1795 1177 1866 martyris.
1205 1796 1272 1852 Item
1298 1794 1402 1866 Vigilia
1424 1797 1511 1853 sancti
1526 1797 1721 1854 bartholomaei

64 1871 144 1940 lusti,
161 1868 328 1926 etAbundii
355 1868 865 1941 martyrum.Augustuduni,sancto·
921 1866 1073 1940 apostoli·
1096 1868 1181 1923 Deea
1194 1867 1536 1941 etiamegeruutplerique
1551 1869 1599 1925 alii
1613 1869 1722 1928 codices
1771 1912 1777 1922 .

65 1959 122 2000 rum
133 1940 263 1999 Flaviani
271 1949 299 1997 et
307 1939 415 1997 Sidonii
428 1939 619 2015 episcoporum
629 1949 656 1996 et
665 1941 865 1998 confessorum.
921 1938 1048 2012 superius
1062 1938 1151 1995 citati.

919 1383 987 1433 esse,
1014 1376 1095 1441 atque
1118 1368 1182 1424 vitae
1206 1376 1315 1424 aetcrnae
1340 1368 1447 1440 gaudiis
1470 1371 1565 1441 poliri,
1581 1372 1720 1428 catholica

920 1447 995 1494 tenet
1014 1439 1147 1496 Ecclesia.
1165 1463 1173 1486 ·
1197 1438 1256 1495 liuc
1279 1456 1365 1520 iisque
1386 1442 1475 1511 prima
1498 1440 1594 1497 editio.
1613 1444 1642 1498 ln
1657 1442 1721 1498 aliis

920 1512 1008 1566 solum
1037 1510 1178 1567 adduntur
1202 1517 1364 1583 sequentia:
1389 1511 1518 1568 «Eodem
1548 1512 1603 1581 die,
1631 1513 1720 1570 sancti

66 2104 100 2162 tx
119 2103 189 2162 Καὶ.
1609 2104 1659 2164 Die
1676 2102 1720 2164 it.

96 2194 205 2251 Natalis
219 2192 296 2251 beati
307 2191 496 2251 Bartholcmei
513 2191 640 2265 apostoli,
656 2191 704 2266 qui
728 2191 801 2265 apud
815 2190 922 2249 Indiam
940 2191 1044 2250 Christi
1067 2191 1251 2266 Evangelium
1266 2190 1431 2265 predicans,
1450 2192 1638 2252 decollatione
1652 2214 1722 2255 mar·

70 2289 171 2361 tyrium
185 2286 349 2360 complevit.
365 2285 453 2358 Hujus
467 2285 584 2358 apostoli
599 2285 814 2342 sacratissimum
830 2301 941 2357 corpus,
959 2285 1080 2357 primum
1094 2283 1129 2342 ad
1143 2284 1263 2341 insulam
1283 2283 1400 2356 Liparis,
1417 2285 1518 2342 deinde
1534 2287 1721 2347 Beneventum

68 2379 243 2447 translatum,
267 2376 315 2450 pia
335 2376 461 2432 fidelium
477 2376 655 2433 veneratione
676 2374 839 2431 honoratur.
863 2373 967 2428 Eodem
984 2373 1038 2442 die,
1055 2372 1127 2445 apud
1142 2372 1329 2446 Cartaginem,
1346 2379 1533 2431 trecentorum
1557 2384 1721 2449 martyrum,

69 2467 112 2542 qui
134 2465 208 2541 passi
231 2473 298 2522 sunt
320 2473 445 2538 tempore
467 2464 610 2525 Valeriani
633 2471 660 2520 et
681 2462 810 2520 Gelieni:
834 2461 953 2534 denique
977 2468 1038 2534 post
1061 2461 1199 2534 supplicia
1221 2461 1274 2520 sibi
1298 2462 1387 2532 illata,
1413 2461 1554 2521 Christum
1569 2464 1619 2522 Dei
1634 2465 1722 2521 filiuni

69 2559 152 2614 mum
167 2557 299 2625 latentes,
313 2554 342 2611 in
356 2555 499 2612 clibanum
514 2555 598 2612 calcis
612 2570 758 2611 accensum
771 2551 891 2609 demersi
912 2557 987 2608 sunt.
1007 2552 1051 2607 Eii
1064 2568 1120 2625 quo
1134 2552 1217 2609 etiam
1233 2551 1401 2609 candidatus
1414 2552 1462 2610 ille
1480 2555 1619 2611 exercitus
1632 2554 1723 2611 beato⁶

69 2663 137 2717 mm,
153 2646 244 2703 blaesa
257 2644 380 2704 eandida
395 2645 497 2701 meruit
512 2642 680 2716 nuncupari.
697 2643 817 2700 Civitate
831 2642 993 2714 neronam,
1008 2642 1096 2698 sancti
1112 2640 1250 2710 audoeni,
1265 2641 1441 2718 confessoris,
1452 2642 1499 2715 qui
1509 2643 1641 2700 saeculum
1652 2643 1723 2700 salu⁴

70 2735 152 2794 briter
166 2734 334 2810 despiciens,
351 2734 510 2792 sanctitatis
528 2734 638 2803 merito,
654 2732 788 2806 episcopii
802 2733 916 2807 adeptus
930 2744 970 2791 est
984 2733 1128 2792 honorem.
1144 2732 1283 2803 Nivernis,
1293 2732 1405 2791 Patricii
1421 2733 1537 2791 abbatis.

834 2863 951 2921 NOTAE.

99 2967 143 3024 Ex
158 2968 283 3034 Prolem,
300 2964 450 3033 Herinien„
465 2963 611 3032 Munerat..
628 2964 739 3022 Greisa.
754 2971 781 3021 et
795 2963 898 3022 Molcn.

674 3091 877 3149 VARIANTES
897 3088 1102 3151 LECTIONES.

98 3189 290 3251 Bartholomei
300 3191 426 3250 scribunt
439 3189 547 3249 codices
560 3205 667 3260 omnes,
682 3199 797 3264 excepto
808 3191 863 3247 Mo·
879 3193 901 3252 C
918 3193 1007 3246 cnlnm
1021 3189 1174 3262 despiciens.
1198 3187 1318 3246 Dubium
1338 3193 1379 3246 esl
1393 3186 1460 3263 quid
1474 3191 1598 3262 praeferri
1612 3184 1722 3264 debeat,

69 3267 157 3323 tanet
171 3266 244 3321 sorte
254 3265 386 3322 Pratensi.
399 3265 444 3320 Sic
459 3264 538 3334 plura
552 3263 605 3318 alia
620 3271 709 3318 errata
718 3263 864 3334 scriptoria
919 3262 1032 3334 episcopi
1046 3264 1181 3329 horrorem,
1192 3277 1226 3316 an
1241 3261 1365 3342 episcopii
1379 3262 1521 3317 honorem:
1539 3264 1627 3335 primo
1640 3265 1722 3322 modo

70 3347 221 3404 recurrunt,
236 3352 298 3410 quae
314 3337 359 3392 hic
372 3335 522 3407 conjungo,
537 3343 568 3390 ut
583 3335 719 3406 hippuris,
737 3335 866 3405 Cuitngi-
919 3335 1046 3390 scribunt
1061 3334 1182 3396 Prateii.,
1192 3332 1335 3387 Hei-iniec.
1347 3340 1374 3387 et
1391 3333 1487 3389 Roswe
1508 3333 1547 3402 d.,
1558 3335 1722 3391 alteroMu-

69 3426 131 3478 nm,
149 3409 269 3476 Galieiii,
284 3410 435 3478 Rotomopo,
449 3415 500 3463 etc.
521 3406 667 3469 Munerat,
683 3423 732 3477 pro
756 3407 866 3476 decipite
920 3415 1019 3471 norat,
1034 3405 1163 3484 Greveii,
1175 3402 1275 3458 biolaii.
1288 3411 1314 3458 et
1324 3402 1472 3474 Antuerp:
1501 3403 1537 3475 aj.
1551 3405 1721 3487 Hicquidem

69 3488 130 3552 port,
147 3489 215 3548 etc,
231 3479 324 3551 posuit
337 3479 441 3546 deinde,
465 3478 555 3533 nihilo
570 3478 783 3533 emendatiorem
802 3477 865 3531 inde
921 3476 1036 3533 nitidior
1046 3484 1096 3543 est,
1109 3476 1156 3530 ille
1167 3475 1297 3530 saeculum
1309 3491 1388 3530 suum
1401 3476 1487 3545 magis
1495 3493 1588 3548 sapere
1597 3477 1719 3547 videtur,

69 3553 300 3609 constructionem
316 3550 443 3618 reddens,
459 3550 492 3605 de
507 3566 560 3621 qua
575 3549 638 3604 vide
653 3546 867 3605 Observationes
920 3562 1000 3620 quem
1019 3546 1133 3619 proinde
1147 3545 1177 3600 in
1191 3553 1269 3601 textu
1285 3545 1458 3618 reliquimus.
1476 3545 1595 3604 Greven.
1617 3556 1644 3603 et
1658 3549 1722 3606 ito-

69 3632 91 3679 et
112 3625 257 3681 acetaria.
282 3622 355 3678 idem
382 3624 452 3677 male
471 3621 568 3677 scribit
581 3621 660 3676 Musa
674 3620 799 3686 condida,
817 3637 866 3692 pro
919 3620 975 3674 lari.
991 3626 1054 3674 ante
1070 3617 1185 3674 Potricii
1211 3616 1366 3690 praefigunt,
1382 3619 1477 3687 sancti,
1494 3618 1593 3693 reliqui
1608 3619 1723 3678 titulum

67 3696 154 3753 Narro
167 3695 294 3752 condida.
312 3694 453 3751 Heriuien.
469 3693 648 3765 transposuit,
664 3692 809 3748 salubriter
821 3710 868 3746 soe·
919 3691 1065 3748 omittunt.

743 3815 1045 3875 GESERVATIONES.

100 3917 293 3977 Bartholomoei
322 3919 439 3991 apostoli
470 3916 648 3975 festivitatem
681 3916 766 3974 variis
798 3915 865 3974 olim
921 3915 1016 3974 cendia
1040 3914 1121 3974 saciie
1135 3912 1284 3992 intelliges,
1309 3913 1390 3976 utiet
1407 3915 1722 3985 aiiaadtranslationes

67 3992 166 4049 diebus
192 3991 354 4049 celebratam
383 3990 467 4046 fuisse
495 3989 644 4061 praesertim
668 4006 683 4044 a
706 3989 819 4056 (tracis,
839 3996 866 4045 et
921 3991 1083 4060 spectantia.
1108 3990 1174 4057 Quae
1198 3992 1227 4046 iii
1250 3992 1329 4047 brevi
1353 3994 1449 4049 notula
1472 3994 1506 4050 de
1521 3999 1639 4068 apostoli
1654 4015 1722 4056 iero

67 4065 179 4138 quidem
192 4062 246 4120 boc
259 4072 392 4135 tempore,
409 4078 464 4118 non
479 4062 574 4117 eodem
591 4060 692 4133 ubique
708 4061 752 4116 die
768 4061 796 4116 iii
807 4062 866 4116 Ec·
920 4062 1033 4117 nomine
1046 4061 1174 4117 observat
1185 4062 1366 4130 Castellanus,
1377 4064 1411 4119 ab
1424 4065 1486 4121 aliis
1496 4069 1639 4138 operosius
1653 4071 1721 4127 olim

67 4135 147 4192 clesia
160 4134 247 4192 recoli
261 4136 327 4191 satis
342 4142 458 4191 constat.
471 4134 501 4189 ln
512 4133 729 4190 sacramentario
740 4133 864 4204 Gregorii
919 4131 1065 4205 disquisita
1076 4141 1150 4188 sunt.
1162 4133 1249 4188 Solito
1260 4135 1304 4189 lon
1327 4133 1368 4189 ius
1378 4135 1568 4194 Wandalberti
1578 4140 1722 4200 metricum

68 4209 179 4289 ponitur
198 4223 268 4262 xxiv
282 4208 312 4262 iii
327 4205 493 4262 Kalendaric
507 4205 604 4260 Allatii
619 4221 686 4260 xxv.
703 4204 758 4261 Nec
774 4205 865 4261 minus
920 4203 1051 4274 elogium,
1081 4202 1228 4258 Genesium
1251 4220 1285 4258 cx
1307 4151 1352 4258 {je
1364 4205 1489 4277 sequenti
1510 4211 1636 4279 apostolo
1651 4214 1722 4269 sub-

67 4280 187 4350 implexa
214 4287 241 4334 et
264 4277 369 4334 incerta
389 4285 455 4333 sunt
476 4293 536 4349 quae
558 4278 592 4331 de
616 4275 675 4347 ejus
698 4277 780 4349 gestis
805 4277 866 4332 cir·

68 4351 270 4418 cumferuntur,
285 4348 333 4405 sed
347 4366 408 4422 qnae
424 4348 458 4405 ad
472 4364 592 4419 presens
606 4364 662 4403 nori
677 4351 805 4415 attinent,
822 4348 864 4403 uti

66 4437 111 4478 nec
125 4439 188 4495 quaa
212 4421 247 4477 de
268 4420 444 4477 translatione
465 4437 521 4475 non
542 4422 581 4475 ita
604 4418 710 4490 pridem
726 4418 865 4489 disputata

66 4501 135 4549 suut.
152 4492 291 4552 Caeterum
307 4492 523 4564 hieronymiana
547 4488 702 4562 apographa
716 4489 862 4545 bartholo-

66 4564 134 4630 nei,
148 4565 178 4619 iii
203 4565 318 4621 Persida
340 4566 455 4620 natalem
470 4563 542 4618 diem
570 4554 693 4617 referunt
707 4577 759 4615 xiii
775 4561 863 4627 lunii,

67 4645 89 4691 et
111 4635 149 4691 ibi
174 4636 285 4692 codices
309 4638 394 4692 nostri
418 4634 505 4716 aliqui
525 4635 597 4689 inter
620 4631 750 4688 Auctaria
773 4631 807 4688 de
830 4650 863 4689 eo

67 4715 187 4778 egerunt.
211 4707 296 4763 Porro
319 4707 413 4763 eadem
438 4706 655 4778 hieronymiana
677 4705 757 4759 aliter
779 4704 862 4759 bodie

67 4779 241 4850 exprimunt:
261 4779 295 4834 In
314 4778 405 4843 Indici,
429 4777 513 4833 sancti
526 4775 716 4833 Bartholcnroei
733 4776 896 4847 apostolati

68 4865 121 4920 qnae
142 4851 170 4906 iii
192 4849 382 4907 vetustissimo
396 4849 603 4921 Epternaoensi,
625 4849 749 4921 sequenti
764 4849 808 4904 die
821 4849 858 4904 le·

68 4930 174 4990 guntur.
191 4921 290 4977 Utrum
301 4939 395 4978 earum
409 4919 682 4991 annuntiatioaliqua
693 4937 741 4993 pro
749 4921 862 4977 transla-

68 4992 146 5048 tionis
160 4994 336 5050 solemnitate
359 4991 518 5065 accipienda
542 4991 588 5060 sit,
610 4992 737 5047 rideatur
752 4992 862 5048 Floren-

68 5063 148 5118 tinins
163 5065 257 5120 citatis
271 5064 370 5121 diebus
384 5074 411 5120 et
433 5065 468 5121 ad
483 5063 639 5120 hidiculum
665 5065 861 5134 apostolorum.

66 5133 129 5190 item
143 5136 279 5193 Batonius
290 5137 318 5191 in
329 5135 533 5193 Notationibus.
547 5135 578 5190 lii
589 5134 662 5191 Beda
672 5134 753 5190 bodie
763 5134 863 5190 diserte

67 5205 180 5277 legitur:
215 5208 250 5264 In
281 5208 370 5276 liidie,
403 5209 494 5263 irnlcle
521 5205 711 5262 Bartholcmoei
738 5206 862 5276 apostoli.

66 5275 147 5343 Quem
161 5279 249 5334 ferme
268 5280 395 5351 seqnitur
409 5279 547 5345 hebenus,
564 5293 664 5333 nomen
681 5277 864 5405 interqqetans

64 5357 87 5403 et
109 5352 239 5406 virentem
252 5369 270 5406 a
287 5351 409 5407 barbaris
429 5350 590 5405 decuriatum
605 5364 738 5404 asserens.

67 5435 128 5476 unm
159 5438 277 5493 parvum
302 5423 342 5479 sic
369 5422 464 5494 ponit:
493 5421 684 5477 Bartholomoei
706 5419 865 5490 apostolici

67 5494 202 5564 martyris.
224 5493 285 5550 Ado
306 5494 334 5550 in
359 5493 556 5566 Martyrologio
573 5509 623 5547 suo
648 5490 726 5546 beda
746 5490 865 5546 similior

64 5573 109 5630 est,
127 5566 174 5621 sed
193 5565 277 5621 breve
293 5566 412 5638 elogium
424 5564 458 5620 ab
470 5564 528 5637 ipsc
539 5565 611 5620 inter
624 5562 787 5618 testivitates
801 5577 816 5616 a
836 5578 864 5617 ο·

62 5637 196 5692 stolorum
222 5637 372 5710 digestum,
386 5636 486 5693 Noster
507 5637 563 5692 fere
579 5635 715 5706 integrum
732 5633 796 5689 inde
811 5578 864 5690 qq-

61 5709 179 5780 seripsit.
208 5708 311 5777 Quanti
335 5712 445 5765 valeant
460 5708 585 5764 encomia
608 5706 641 5761 de
662 5704 864 5761 bartholomeo

783 5365 864 5404 onia-

916 4272 1020 4346 jungit,
1035 4289 1099 4330 cum
1117 4273 1261 4342 audoeno,
1278 4273 1311 4329 de
1326 4290 1380 4346 quo
1395 4274 1484 4331 inira:

981 4370 1187 4419 Bartholomaeus
1199 4385 1291 4419 nonam
1307 4381 1413 4421 exornat
1425 4372 1570 4436 retinetque
1586 4375 1689 4440 heatus,

983 4434 1056 4481 ludia
1068 4446 1120 4494 quo
1132 4434 1236 4481 doctore
1254 4435 1300 4482 Dei
1316 4436 1436 4492 cognovit
1462 4436 1594 4496 bonorem,

981 4495 1101 4544 Herculis
1118 4495 1250 4544 etBacchi
1266 4495 1364 4543 insanis
1381 4497 1423 4545 rix
1439 4507 1511 4548 eruta
1529 4500 1619 4548 sacris.

978 4557 1053 4605 Hunc
1069 4557 1140 4604 illurn
1155 4558 1221 4605 lama
1235 4567 1274 4606 est
1291 4560 1360 4606 varia
1375 4573 1418 4620 pro
1431 4572 1499 4611 sorte
1511 4563 1633 4623 sepulcri,

980 4619 1102 4674 AEoliam,
1117 4619 1245 4681 Lipniern,
1264 4621 1406 4671 Beneventi
1423 4632 1448 4671 et
1461 4624 1555 4686 templa
1567 4629 1657 4675 tenere¹

983 4683 1048 4731 Turn
1060 4695 1162 4745 quoqne
1174 4681 1288 4732 Genesio
1299 4685 1446 4747 resplendet
1457 4696 1567 4751 martyre
1579 4687 1671 4750 Ruina,

980 4745 1134 4795 Audoenurn
1149 4754 1253 4808 tumque
1267 4749 1336 4809 pium
1349 4748 1655 4814 Rothomagushouoral.

951 4846 1069 4901 Massam
1100 4843 1240 4900 condidam
1268 4844 1521 4919 Carthaginensem,
1554 4869 1603 4909 seu
1646 4854 1720 4910 otius

917 4916 1083 4985 Uticensem,
1108 4917 1189 4999 paulo
1204 4917 1275 4973 sorte
1291 4918 1435 4976 obscurius
1451 4930 1603 4978 memorant
1624 4869 1716 4978 iiiero·

917 4990 1042 5061 nymiani
1058 4988 1166 5045 codices
1179 5005 1250 5044 xviii
1265 4989 1393 5060 Augusti,
1405 4992 1453 5047 ubi
1467 4993 1519 5064 legi
1531 5002 1646 5064 possunt
1656 4994 1717 5048 Flo·

917 5060 1031 5116 rentinii
1047 5060 1254 5116 commentaria.
1271 5060 1436 5117 Verosimile
1450 5064 1595 5118 esteodem
1610 5062 1655 5118 die
1670 5081 1717 5120 re-

917 5132 970 5188 coli
988 5133 1016 5186 in
1035 5131 1202 5187 Kalendario
1225 5130 1445 5203 Carthaginensi.
1463 5134 1518 5189 Hac
1535 5133 1580 5189 die
1595 5134 1716 5204 primurn

917 5204 1023 5274 signata
1051 5209 1092 5257 est
1117 5217 1132 5256 a
1159 5201 1283 5257 Romano
1309 5218 1393 5273 parvo
1420 5203 1463 5258 bis
1486 5203 1596 5259 i‘erbis:
1621 5206 1718 5262 Morare

918 5273 1037 5329 candide
1061 5272 1227 5398 Carthagini.
1250 5273 1401 5345 Martyrum
1425 5289 1581 5342 nnmerum,
1607 5279 1716 5334 verosi-

918 5345 1021 5400 militer
1044 5358 1078 5399 eii
1102 5343 1156 5397 Pru
1176 5342 1263 5412 entio,
1284 5343 1318 5399 ad
1339 5351 1475 5400 trecentos
1489 5346 1615 5403 extendit
1629 5349 1713 5419 Ado;

917 5431 1042 5489 proquo
1066 5422 1137 5470 recte
1160 5421 1246 5469 certat
1268 5415 1402 5470 Baronius
1426 5430 1460 5469 ex
1475 5416 1573 5472 Pontio
1588 5418 1715 5491 diacono,

917 5488 990 5553 aliis,
1005 5503 1039 5541 ex
1065 5485 1093 5541 S.
1118 5484 1266 5555 Augustini
1282 5484 1465 5554 sermonibus,
1481 5487 1616 5546 minorem
1631 5492 1716 5550 fuisse

918 5556 1104 5629 opinantibus.
1128 5555 1205 5612 Unde
1234 5571 1314 5628 porro
1336 5558 1462 5629 martyrii
1486 5575 1571 5631 genus
1594 5572 1622 5619 et
1648 5567 1717 5622 alias

917 5627 1138 5688 circumstantias
1153 5627 1289 5698 acceperit
1313 5626 1439 5684 laudatus
1465 5632 1537 5701 Ado,
1567 5649 1622 5691 non
1650 5638 1716 5694 satis

918 5703 987 5758 mibi
1003 5702 1099 5774 liquet.
1113 5699 1251 5755 Usuardus
1265 5698 1384 5771 elogium
1400 5700 1459 5773 ejus
1473 5704 1513 5759 sic
1525 5708 1712 5775 contraxit,ut

60 5781 225 5852 composita,
242 5797 361 5854 quorum
385 5796 472 5837 unum
496 5780 585 5836 edidit
603 5778 711 5844 Surius,
723 5793 761 5833 ex
782 5776 864 5833 Tille-
918 5774 1056 5830 duriorem
1072 5769 1474 5852 reddideritconstructionem,
1487 5783 1567 5834 utens
1580 5778 1715 5834 adverbio

60 5853 178 5919 montio,
203 5860 281 5908 tomo
297 5853 319 5920 l,
342 5871 358 5910 a
380 5868 441 5926 pag.
468 5850 531 5919 387,
546 5857 574 5907 et
596 5850 625 5907 in
649 5847 722 5906 notis
735 5865 768 5905 eo
783 5848 863 5907 redu·
918 5846 1029 5917 deniqne
1063 5844 1129 5900 dum
1144 5841 1216 5898 nihil
1230 5843 1389 5930 praecessit,
1411 5845 1448 5904 ad
1463 5847 1545 5923 quod
1554 5848 1662 5904 merita
1678 5861 1732 5900 ie·

204 5954 325 6011 Parnoi.
347 5952 473 6013 CXXIV.
1571 5947 1611 6002 ib
