3834 6136
620 189 741 252 neuter
759 189 919 250 nonaum
937 187 1267 250 ANTISSIODORENSIS

1214 345 1771 367 -1Μ

773 491 905 567 LIBER
932 491 1112 567 PRIMUS.

377 774 492 833 CAPUT
510 775 658 834 PRIMUM.

124 867 152 926 S.
174 862 301 924 Germani
312 865 473 936 colloquium
486 882 544 921 eum
559 866 688 937 discipulo
702 865 834 937 mfuooto,
848 883 918 923 ocor·

159 938 198 994 tui
211 937 385 1006 resuscitatio,
399 937 506 1009 otioque
519 938 628 993 oioeutis
642 938 784 994 miraculo.

160 1058 185 1114 7.
206 1057 308 1114 ltiuera
327 1056 412 1113 sancti
428 1056 481 1112 viri
496 1056 654 1114 celestibus
668 1071 775 1128 semper
787 1055 919 1113 claruisse

123 1148 276 1216 miraculis,
291 1155 318 1204 et
341 1153 477 1220 gestorum
500 1147 658 1215 auotoritas,
679 1155 707 1202 et
730 1162 835 1216 eorum,
851 1163 920 1220 quos

124 1237 289 1313 peragravit,
301 1237 423 1294 fatentur
431 1235 575 1294 notissima
586 1244 765 1293 monumenta
775 1237 897 1294 locorum
911 1254 917 1294 :

124 1346 214 1403 neque
237 1330 310 1386 enim
337 1328 484 1385 mundanis
505 1328 626 1386 tenebris
647 1329 787 1386 lucernam
808 1330 849 1386 fas
864 1338 921 1386 erat

124 1420 229 1478 obnubi
252 1418 396 1488 sideream,
411 1434 493 1494 quam
514 1418 549 1475 ad
570 1434 693 1476 errorum
717 1418 920 1476 discutiendam

124 1510 270 1584 caliginem
292 1511 414 1568 suaviter
427 1518 526 1568 cuncta
540 1509 689 1584 disponens
703 1512 776 1566 Deus
789 1508 922 1566 caudela-

125 1599 176 1657 bro
191 1602 327 1658 locaverat
350 1603 379 1656 in
394 1601 520 1658 sublimi.
539 1601 575 1659 Ut
597 1617 660 1673 ergo
679 1600 873 1658 ecclesiasticis
887 1616 922 1655 ex

125 1697 219 1755 animo
233 1696 401 1757 utilitatibus
420 1697 562 1770 proprium
579 1696 729 1754 devoverat
744 1703 835 1768 capnt,
852 1693 920 1751 certi

127 1788 233 1843 ratione
244 1787 345 1859 negotii
357 1788 483 1856 contigit,
495 1805 558 1843 enm
569 1805 633 1845 cum
646 1785 760 1843 delectis
773 1783 924 1842 comitibus

127 1877 180 1934 iter
202 1877 386 1935 necessarium
408 1879 528 1950 aggredi.
558 1879 672 1951 lamque
695 1896 727 1934 eo
750 1877 922 1950 aliquantum

127 1984 279 2040 progresso,
303 1985 373 2023 unus
398 1968 595 2040 discipulorum
622 1969 691 2041 ejus,
721 1968 767 2041 qui
796 1977 923 2024 sanctum

128 2056 219 2110 virum
235 2054 268 2110 de
290 2053 420 2110 Hibernia
435 2056 523 2110 fuerat
539 2063 699 2126 prosecutus
713 2067 735 2120 ⁸,
752 2055 796 2110 cui
812 2054 924 2111 Micbo-
975 2097 978 2104 .

933 773 1103 837 fumeum
1117 775 1209 833 clauso
1227 773 1284 846 jam
1304 771 1445 828 vocavite
1467 769 1589 828 tumulo.
1614 771 1676 830 Hoc
1691 772 1774 831 mira-

972 867 1067 925 culum
1087 874 1114 924 et
1128 873 1196 923 tunc
1218 867 1272 923 late
1287 863 1386 936 patuit,
1404 868 1431 919 et
1453 860 1547 918 adbuc
1560 861 1775 923 celeberrimum

973 958 1096 1014 volvitur
1109 973 1158 1029 per
1172 972 1219 1013 ora
1233 962 1396 1012 cunctorum
1415 971 1421 1008 :
1443 967 1507 1008 uam
1523 960 1552 1008 et
1570 951 1655 1009 beato
1668 953 1775 1012 bficbo-

974 1048 1042 1104 meri
1057 1049 1117 1121 ipso
1138 1047 1167 1102 in
1188 1047 1247 1103 loco
1268 1045 1400 1115 deinceps
1416 1040 1571 1098 oratorium
1593 1050 1639 1099 est
1655 1051 1776 1105 constru-

974 1144 1060 1204 ctum,
1076 1135 1123 1191 ubi
1144 1142 1268 1191 mactum
1293 1132 1342 1188 Dei
1360 1131 1443 1204 digne
1458 1131 1664 1188 venerantibus
1683 1133 1778 1193 beina

975 1226 1111 1298 hodieque
1124 1223 1257 1280 beneficia
1270 1223 1462 1279 cumulantur.

1010 1317 1037 1373 9.
1056 1314 1128 1370 lllud
1151 1328 1225 1382 sane,
1248 1312 1321 1385 quod
1345 1311 1417 1384 apud
1441 1311 1541 1368 urbem
1568 1311 1778 1386 Aquilisimam,

976 1405 1044 1472 sive,
1060 1413 1091 1460 ut
1104 1420 1170 1460 usus
1188 1401 1359 1473 frequentior
1372 1401 1546 1472 Egolismam
1561 1400 1574 1438 ⁴
1591 1403 1778 1477 cognominat,

976 1502 1160 1567 perpetratum
1175 1493 1277 1561 ferunt,
1294 1502 1325 1547 eo
1345 1490 1485 1547 robustius
1498 1490 1639 1561 creditur,
1656 1508 1712 1565 quo
1725 1495 1779 1566 ejus

977 1585 1079 1642 indicia
1093 1585 1180 1643 oculis
1193 1582 1315 1656 subjecta
1330 1589 1532 1638 monstrantur.
1553 1581 1618 1649 Quo
1628 1599 1694 1640 cum
1705 1583 1780 1642 itine-

978 1675 1015 1730 ris
1029 1682 1099 1730 esset
1119 1672 1328 1730 continuatione
1346 1670 1463 1741 delatus,
1484 1671 1582 1746 digna,
1603 1683 1632 1731 et
1646 1691 1709 1748 quse
1722 1691 1779 1733 sane

977 1765 1070 1819 virum
1091 1763 1204 1820 docebat
1222 1763 1414 1836 apostolicum,
1435 1762 1605 1835 exceptione
1621 1762 1776 1834 honoratus,

978 1860 1009 1908 ut
1022 1869 1125 1909 novum
1141 1852 1264 1908 ecclesiae
1283 1851 1399 1909 senioris
1419 1852 1507 1908 altere
1520 1850 1628 1908 honori
1643 1854 1778 1926 apostulo-

978 1958 1039 1997 rum
1054 1942 1187 2014 principis
1200 1957 1364 1998 consecrans
1378 1940 1530 2011 dedicaret,
1547 1941 1657 2000 obnixe
1667 1946 1778 2017 postule

978 2037 1022 2085 tus
1036 2037 1095 2096 est;
1117 2029 1278 2101 rogantibus
1293 2030 1435 2086 charitatis
1455 2030 1550 2088 officio
1568 2047 1676 2088 morem
1689 2035 1777 2106 gessit.

128 2142 196 2199 meri
211 2140 375 2200 vocabulum
392 2143 455 2212 fuit,
470 2143 504 2199 ad
519 2143 589 2200 hanc
604 2143 691 2216 ipsam
704 2145 827 2201 delectus
840 2161 920 2216 expe·
938 2141 961 2201 B
980 2121 1102 2192 cumque
1117 2119 1146 2175 id
1157 2119 1273 2175 ⁸⁰¹⁰¹¹¹¹¹i
1289 2120 1345 2175 ΠΜ
1359 2128 1510 2192 Pflfadfleb
1529 2121 1696 2180 5¹¹¹¹⁰⁰⁰¹¹¹i²
1708 2125 1777 2197 ilfi·

128 2230 273 2299 ditionem,
288 2233 433 2306 quodcum
448 2234 507 2304 ipso
521 2233 597 2288 exire
608 2235 779 2306 nequiverat,
796 2240 857 2306 post
868 2251 924 2290 ma-

128 2323 205 2397 gistri
220 2325 337 2396 vestigia
359 2324 497 2397 profectus
511 2331 570 2393 est;
592 2324 639 2398 qui
659 2343 721 2382 cum
736 2324 770 2380 ad
791 2335 924 2398 castrum,

128 2413 173 2470 cui
189 2411 361 2469 Tharuodori
375 2407 389 2448 b
404 2429 504 2469 nomeu
523 2420 574 2481 est,
590 2413 726 2486 distatque
741 2413 775 2471 ab
790 2415 856 2472 urbe
875 2417 923 2488 (sc.

106 2571 112 2580 ¹
129 2504 376 2573 antissiodorensi)
393 2503 450 2558 fere
465 2502 557 2559 decem
572 2511 599 2560 ot
609 2511 671 2561 octo
684 2505 818 2576 millibus,
832 2525 925 2582 perve-

129 2600 225 2666 nisset,
243 2597 558 2668 lauguoreinterceptus‚
569 2597 672 2653 ibidem
688 2597 836 2669 decubuit;
858 2621 925 2677 pau·

129 2690 222 2762 cisque
245 2687 396 2760 interjectis
420 2687 517 2744 diebus
541 2688 600 2745 vita
622 2689 780 2762 defunctus,
801 2702 882 2768 atque
897 2695 925 2753 in

130 2781 203 2837 clim
219 2779 341 2851 ejusdem
356 2783 433 2850 rupis
449 2799 464 2836 a
480 2783 607 2839 fidelibus
619 2783 767 2857 sepultura
781 2786 926 2842 mandatus

130 2883 181 2930 esi.

165 2962 192 3019 8.
213 2959 336 3033 Contigit
361 2959 552 3016 beatissimum
581 2962 747 3019 Germanum
780 2973 841 3036 post
868 2963 927 3020 dies

130 3051 245 3127 aliquot,
262 3066 386 3107 remenso
401 3048 509 3117 itinere,
531 3048 565 3106 ad
580 3050 706 3107 eumdem
721 3051 865 3108 devenisse
881 3053 927 3109 lo·

130 3159 192 3199 curn
218 3141 312 3210 teredo
333 3155 473 3196 excessum
498 3138 640 3212 discipuli,
657 3148 842 3213 praemonente
863 3158 924 3198 euru

130 3231 245 3305 Spiritu,
257 3231 386 3288 didicisse
399 3249 404 3286 :
424 3231 433 3302 )
449 3230 635 3303 accedensque
645 3230 678 3287 ad
691 3230 794 3297 locum,
805 3248 859 3304 quo
870 3232 927 3288 fue·

127 3331 173 3393 rat
187 3325 348 3390 tumulatus,
364 3321 488 3380 oratione
503 3323 652 3395 praemisse,
667 3322 750 3394 jussit
766 3325 863 3380 revelli
879 3342 927 3381 se-

129 3416 267 3490 pulcrum.
294 3415 475 3473 Michomeres
501 3423 615 3471 vocatus
639 3430 674 3470 cx
698 3415 821 3487 nomine,
846 3417 926 3474 vitali

979 2217 1072 2282 tasque
1089 2215 1247 2265 sanctarum
1266 2211 1326 2280 ejus
1345 2225 1479 2266 manuum
1494 2210 1608 2268 celesti
1624 2228 1691 2270 mox
1706 2214 1777 2271 miru-

979 2301 1042 2357 culo
1056 2299 1221 2356 declaratur.
1242 2299 1404 2372 Ubicunque
1417 2300 1505 2369 enim,
1521 2310 1549 2358 ct
1564 2301 1680 2374 quoties
1692 2320 1737 2378 per
1747 2305 1777 2361 al-

980 2389 1048 2456 taris
1061 2405 1165 2447 cornua
1179 2388 1365 2462 mediumque,
1379 2391 1470 2448 crucis
1485 2390 1612 2464 effigiem
1623 2394 1777 2452 sanctificati

979 2478 1111 2550 unguinis
1126 2478 1233 2551 liquore
1247 2479 1385 2550 signavim
1407 2479 1445 2535 ita
1463 2496 1592 2538 marmor
1606 2481 1778 2558 impressione

980 2568 1090 2641 pollicis
1102 2568 1280 2641 liquefactum
1294 2569 1472 2642 subterfugit,
1486 2578 1518 2627 ut
1532 2570 1569 2626 ad
1580 2570 1732 2646 impulsum
1743 2575 1777 2633 di·

981 2658 1030 2730 giti
1045 2657 1152 2714 niveam
1164 2666 1274 2730 putares
1283 2659 1396 2715 cessisse
1409 2659 1573 2717 mollitiem.
1595 2662 1697 2720 Exstat
1712 2665 1775 2722 idem

981 2765 1102 2806 marmor
1115 2750 1195 2805 altari
1212 2749 1348 2823 hodieque
1358 2751 1568 2824 superpositum
1585 2762 1613 2810 et
1627 2757 1775 2826 spectaculo

980 2848 1007 2896 et
1022 2842 1202 2911 venerationi,
1217 2841 1290 2915 quod
1305 2843 1393 2898 sancti
1408 2842 1471 2900 Viri
1486 2842 1775 2904 benedictionescant-

981 2938 1050 2994 tum,
1066 2930 1232 3003 singularem
1243 2930 1456 3002 cjusattestatur
1470 2933 1591 3006 gratiam
1610 2935 1773 2995 meritomm.

1017 3033 1061 3090 10.
1080 3035 1112 3090 ln
1127 3033 1260 3090 suburbio
1273 3034 1466 3091 aurelianensi
1482 3034 1605 3094 ecclesia
1620 3043 1662 3094 est
1671 3036 1776 3110 ejusne

981 3124 1055 3180 mine
1069 3123 1205 3192 dedicata,
1230 3123 1337 3180 meritis
1360 3123 1536 3198 frequentius
1562 3127 1721 3195 illustrata3
1739 3126 1774 3184 tui

979 3214 1170 3272 construenda
1182 3214 1254 3270 banc
1263 3214 1347 3271 fnisse
1359 3223 1513 3271 memorant
1525 3217 1695 3289 primariam
1706 3218 1775 3274 ratio

981 3323 1044 3364 nem
1061 3325 1067 3363 :
1086 3323 1160 3376 cum,
1176 3308 1337 3381 compositis
1356 3306 1553 3365 ecclesiasticis
1572 3309 1705 3381 negotiis,
1719 3309 1775 3382 qui·

981 3396 1032 3454 bus
1046 3414 1128 3472 quam
1150 3398 1270 3454 maxime
1289 3397 1445 3470 urgebatur,
1468 3397 1602 3455 alacriter
1626 3399 1664 3456 ad
1677 3400 1774 3472 propria

130 3513 269 3579 resumpto
284 3522 346 3572 usu,
362 3504 494 3562 resedisse
511 3505 618 3561 fertur:
636 3520 721 3577 aquo
736 3508 927 3565 sanctissimus
943 3509 964 3570 (l
981 3504 1114 3557 semem&
1129 3487 1320 3545 Aureliaflssssfli
1336 3487 1398 3544 Uibi
1414 3487 1472 3560 iam
1493 3490 1648 3561 Pi01iffl¹¹⁸
1662 3489 1774 3546 immin*

129 3599 265 3673 pontifex,
280 3596 347 3668 quid
361 3603 462 3667 ageret,
477 3604 524 3650 aut
537 3595 560 3651 si
576 3595 667 3667 quiete
681 3595 827 3666 frueretur,
838 3600 927 3655 curio-

130 3691 187 3747 sius
216 3692 400 3760 percontatus‚
430 3685 483 3741 boc
513 3683 693 3741 confirmatur
718 3687 853 3758 accepisse
880 3704 928 3743 re-

130 3778 242 3853 sponsi;
263 3775 380 3843 Gratias,
404 3773 506 3847 inquit,
530 3772 611 3828 Pater
631 3773 813 3842 sanctissime,
835 3776 926 3848 praci-

129 3871 191 3945 puis
206 3867 312 3923 meritis
328 3866 383 3923 tuis
401 3873 428 3921 et
443 3881 493 3936 ago
509 3871 536 3918 et
551 3861 648 3930 habeo,
666 3863 796 3934 quoniam
813 3865 927 3924 obtentu

128 3957 308 4017 beatitudiuis
317 3962 380 4020 tuae,
392 3953 463 4007 nibil
475 3951 632 4019 molestum,
641 3950 719 4006 triste
728 3951 798 4007 nihil
808 3955 908 4024 pertuli
918 3976 924 4025 ;

129 4051 229 4102 cuncta
252 4041 322 4096 mihi
346 4038 464 4112 placida,
490 4035 612 4095 salubria
635 4045 762 4095 constant
786 4041 924 4102 univorsa.

130 4129 181 4189 Cui
192 4127 317 4203 pontifex
334 4145 340 4183 ε
358 4125 417 4194 Vis,
431 4127 479 4195 ait,
495 4142 602 4191 mecum
613 4125 703 4184 adhuc
717 4127 745 4183 iu
757 4129 926 4203 praedicatio-

129 4221 173 4277 nis
195 4217 286 4275 officio
309 4217 452 4286 desudare,
477 4231 522 4285 an,
550 4224 581 4272 nt
605 4233 735 4291 coeperas,
761 4220 927 4292 quiescere?

130 4313 200 4369 Tum
216 4309 263 4366 ille
279 4327 285 4366 :
302 4306 468 4377 dummodo,
480 4307 582 4381 inquit,
595 4313 647 4364 tuae
658 4325 712 4364 nou
729 4326 810 4381 grave
823 4312 926 4368 sitsan·

127 4399 229 4468 etitati,
245 4397 412 4472 peregrinari
437 4413 453 4451 a
475 4397 583 4455 Christo
608 4396 723 4453 ulterius
747 4415 855 4457 rreoesse
870 4418 926 4460 nou

128 4489 226 4560 habeo,
243 4489 299 4558 cui,
315 4493 346 4544 ut
367 4487 448 4560 coepi,
468 4485 607 4543 adherere
628 4487 765 4561 optimum
780 4488 851 4545 mibi
866 4497 924 4561 est;

128 4595 242 4654 oroque,
255 4579 330 4635 uude
352 4576 434 4633 modo
448 4584 578 4633 avocatus
594 4591 666 4644 sum,
685 4577 739 4632 tuis
754 4593 835 4651 quam
850 4578 927 4636 citis·

127 4668 197 4726 sime
220 4666 347 4741 precibus
370 4665 503 4721 revocari.
531 4663 591 4731 Ouo
615 4664 747 4737 predicto
763 4675 773 4702 ⁰
788 4674 927 4725 annuente

128 4755 268 4831 pontifice,
283 4761 365 4826 caput
380 4752 480 4809 iterum
498 4752 637 4826 deposuit,
653 4755 815 4829 cunctisque
826 4756 928 4813 miran-

982 3587 1043 3635 ret:
1064 3580 1203 3653 extemplo
1226 3579 1303 3651 sigua
1315 3576 1436 3635 basilicae
1451 3577 1586 3648 senioris,
1601 3579 1715 3636 nemine
1727 3579 1774 3635 im·

982 3669 1111 3741 pellente,
1122 3684 1264 3736 concussa,
1275 3676 1410 3725 concentu
1420 3667 1552 3726 ultroneo
1564 3669 1656 3743 (quod
1664 3669 1775 3727 estdictu

983 3758 1120 3830 mirabile)
1136 3758 1270 3814 adventus
1293 3757 1352 3829 ejus
1375 3765 1519 3831 ceperunt
1536 3775 1596 3817 esse
1618 3760 1772 3834 prenuntia.

982 3849 1059 3906 Tunc
1073 3849 1162 3905 eidem
1176 3849 1283 3906 civitati
1298 3857 1410 3908 sanctus
1428 3857 1489 3908 erat
1507 3851 1643 3909 Aniauus
1658 3864 1669 3890 ·
1684 3853 1774 3926 episoe

982 3954 1042 4011 pus,
1058 3937 1103 3993 vir
1112 3939 1256 3996 sanctitate
1266 3947 1293 3995 et
1308 3939 1449 3997 miraculis
1460 3946 1487 3995 et
1500 3939 1563 4013 ipse
1578 3939 1776 4015 gloriosusqri

982 4029 1090 4086 interna
1104 4028 1218 4102 spiritus
1232 4029 1345 4086 edoctus
1365 4029 1547 4096 revelatione,
1563 4031 1708 4088 universis
1720 4028 1776 4088 cleri

981 4120 1123 4194 plebisque
1138 4119 1320 4192 undecunque
1334 4121 1436 4177 coactis
1450 4119 1626 4192 agminibus,
1645 4131 1721 4180 extre
1734 4136 1774 4177 ur·

980 4208 1043 4266 bem
1067 4208 1226 4266 beatissimo
1249 4208 1385 4265 Germano
1405 4207 1517 4265 obviam
1539 4210 1652 4284 prodit,
1668 4211 1775 4284 excepit,

981 4305 1127 4354 veneratus
1139 4305 1189 4365 est,
1205 4304 1337 4370 tantoque
1348 4298 1504 4355 confectum
1521 4314 1559 4355 ex
1571 4299 1688 4370 itinere,
1703 4315 1776 4376 quau·

982 4395 1008 4444 ta
1023 4387 1116 4445 decuit
1125 4387 1320 4462 obsequiorum
1334 4387 1487 4462 diligentia,
1499 4390 1618 4447 refovit.
1640 4394 1664 4449 0
1678 4391 1778 4466 quantis

981 4476 1203 4534 illediesexacta
1217 4476 1340 4555 laetitiis!
1362 4475 1501 4544 Quantum
1516 4478 1648 4550 honoris,
1665 4479 1777 4539 thesami

982 4573 1114 4640 quantum
1134 4566 1201 4623 urbs
1217 4566 1265 4622 illa
1283 4565 1396 4637 ferebat,
1413 4566 1521 4624 duabm
1534 4571 1702 4643 apostolicis
1715 4569 1778 4627 tutu

980 4659 1128 4728 columnis,
1150 4659 1233 4717 olivis
1258 4662 1375 4732 geminis
1399 4661 1583 4735 impinguata,
1607 4662 1777 4724 candelabris

981 4748 1211 4823 splendidissimis
1221 4749 1375 4808 illustratet
1392 4750 1535 4824 Eoitaque
1546 4753 1614 4824 loci,
1626 4767 1777 4829 quoscum·

128 4844 213 4914 tibus,
229 4844 258 4899 iu
273 4859 338 4916 pace
353 4840 468 4916 quievit.
491 4841 621 4898 Fidenter
635 4841 766 4911 dixerim,
782 4859 844 4899 eum
859 4852 925 4902 tuuc
940 4873 964 4932 D
981 4838 1037 4895 tuis
1050 4841 1203 4898 sacerdotes
1221 4840 1396 4913 amplexibus
1417 4841 1581 4900 solemniter
1601 4846 1776 4918 exceperunt,

128 4934 265 4992 habitasse
279 4931 309 4989 iu
329 4930 476 4998 Germano,
492 4929 540 5003 qui
555 4928 694 5004 quondam
710 4932 925 5004 quatriduanum
979 4929 1093 4986 ecclesia
1107 4931 1281 5003 postmodum
1292 4932 1366 4990 beati
1379 4931 1507 4990 Germani
1519 4933 1637 4992 nomine
1654 4940 1776 4992 constru·

164 5109 177 5138 ι
196 5090 315 5150 Consule
328 5085 557 5146 commentarium
572 5086 706 5168 praevium
722 5103 750 5144 n.
772 5087 814 5145 74.
834 5091 926 5147 Hiber·-

128 5167 176 5220 uio
185 5163 232 5220 hic
243 5163 341 5242 legitur
355 5161 384 5216 in
395 5159 524 5241 onruibus
535 5175 599 5214 mss.
615 5165 716 5239 uostris
729 5177 735 5225 ;
756 5161 877 5234 adeoque
887 5164 926 5220 sic

130 5234 274 5309 legendum
302 5232 430 5314 videtur3
453 5232 529 5359 dlqcifet
549 5229 751 5357 Pqpeprocprus
770 5241 863 5289 noster
876 5236 924 5291 ali·

131 5304 461 5444 ‘lulillli'lllffllds
474 5317 628 5441 reblam,
641 5306 923 5446 &illiciln

132 5446 278 5518 Campania
294 5449 409 5504 Gallica.
518 5517 524 5528 ἰ
579 5518 584 5528 ,

168 5519 254 5575 tlloc
277 5535 341 5575 sanc
363 5526 465 5590 quanto
487 5517 641 5576 mirabilius
665 5528 717 5586 est,
734 5526 811 5575 tanto
830 5520 923 5576 minus

980 5086 1002 5140 si
1018 5103 1113 5169 verum
1127 5096 1177 5146 est.
1198 5091 1257 5162 lpse
1269 5087 1384 5146 Hericus
1398 5104 1454 5146 non
1469 5087 1584 5146 videtur
1594 5087 1625 5145 id
1641 5104 1693 5162 pro
1707 5092 1774 5144 certo

981 5156 1116 5229 imbuisse,
1134 5170 1165 5218 ut
1187 5162 1315 5217 innuitur
1329 5161 1410 5218 initio
1426 5160 1536 5217 numeri
1553 5161 1710 5234 mouentis.

1015 5230 1132 5303 “Vulgo
1146 5234 1314 5305 Auqouttme,
1341 5234 1407 5290 urbs
1424 5231 1589 5306 episcopalis
1608 5231 1663 5290 sub
1677 5228 1773 5288 archis

978 5302 1338 5378 piscopetuBurdegalensi.
1755 5369 1761 5380 ,

1014 5378 1081 5433 ‘De
1103 5379 1130 5433 S.
1151 5378 1258 5433 Auiuoo
1283 5394 1322 5447 ep.
1350 5376 1542 5433 Aurelianensi
1566 5374 1709 5458 agendum
1727 5377 1771 5429 eret

979 5445 1011 5501 ¹7
1030 5448 1202 5506 Novembris.
1233 5448 1393 5506 Diutissime
1412 5447 1514 5505 sedisse
1538 5447 1648 5504 dicitur
1667 5446 1772 5503 aSam·

978 5518 1138 5590 marthanio,
1154 5528 1219 5594 puta
1235 5521 1269 5577 ab
1283 5536 1356 5577 anuo
1371 5518 1476 5579 Christi
1495 5519 1610 5579 circiter
1625 5518 1679 5579 390
1695 5529 1771 5592 usque

136 5585 245 5647 videtur
256 5604 270 5644 a
281 5588 440 5647 Constantio
450 5590 493 5649 vel
505 5590 624 5664 ignorari
635 5591 679 5649 vel
690 5590 781 5649 omitti
789 5591 921 5666 potuisse,
976 5587 1010 5646 ad
1025 5588 1087 5649 tot.
