3834 6136
602 194 854 255 ruocnautrto
872 194 1057 254 ADVERSUS
1077 192 1307 254 WENllaONEli.

633 491 850 569 LlBELLUS
892 491 1279 569 rnoctttttrtortts

763 641 875 700 noum
892 641 1024 701 canon
1041 641 1144 700 aneis

423 779 626 842 ADVERSUS
647 777 890 839 wunttottntt
911 775 1252 840 tacutnetscoeutt
1273 779 1482 860 SENONUM‚

167 946 287 1010 illectis
308 944 472 1023 judicibus
496 942 641 1022 Remigio
664 940 937 1019 Lugdunensium,
953 940 1093 1001 Herardo
1112 941 1333 1017 Turonorum,
1349 945 1512 1008 Weuiloni
1527 947 1766 1031 Rothomagen·

124 1031 226 1104 sium,
248 1025 430 1088 etltodullo
443 1023 625 1102 Biturigum
640 1021 898 1102 archiepiscopis,
922 1021 955 1080 in
969 1026 1078 1081 sancta
1094 1022 1216 1100 synodo
1237 1024 1409 1087 duodecim
1429 1026 1668 1103 provinciarum
1693 1033 1778 1109 apud

123 1110 315 1173 Tullenscm
332 1104 529 1183 parochiam,
545 1104 579 1163 in
601 1101 786 1164 suburbano
807 1101 951 1181 ejusdem
968 1100 1055 1161 urbis
1070 1103 1158 1179 quod
1172 1101 1290 1163 dicitur
1308 1105 1514 1184 saponarias,
1532 1111 1663 1188 propria
1677 1111 1778 1188 ipsius

127 1207 228 1253 manu
259 1189 425 1264 porrectus
461 1201 545 1245 anno
587 1182 819 1245 incarnationis
857 1179 986 1242 Domini
1029 1197 1162 1257 nccctrx,
1203 1181 1380 1248 indictione
1411 1205 1472 1260 vn,
1508 1205 1584 1249 xxm
1616 1190 1774 1252 Kalendas

124 1271 241 1335 tuliae.

833 1372 1035 1387 ss

521 1465 544 1521 1·
948 1466 973 1526 Α
1359 1485 1407 1543 1v.

165 1587 236 1658 Quia
250 1584 321 1643 sicut
335 1582 404 1639 dicit
418 1588 528 1638 sanctus
550 1578 709 1651 Gregorius,
725 1587 799 1634 etex
815 1590 927 1633 consue·
1017 1577 1141 1652 Denique
1151 1595 1213 1637 cum
1223 1581 1372 1641 seditiones
1384 1585 1413 1641 in
1424 1601 1506 1659 regno
1517 1593 1612 1644 nostro
1627 1602 1674 1660 per
1689 1585 1778 1645 homi·

129 1669 547 1744 tudineolitana¹cognoscitis,
563 1669 593 1725 in
605 1671 774 1726 Francorum
787 1681 870 1738 regno
881 1680 929 1720 rc·
983 1680 1031 1723 nes
1060 1667 1241 1728 irreverentes
1267 1681 1409 1746 coepernnt
1438 1675 1618 1744 crebrescere,
1643 1691 1780 1733 consensu

127 1786 177 1843 ges
193 1779 338 1839 exgenere
353 1762 501 1836 prodeunt,
522 1757 590 1816 mihi
605 1775 620 1814 a
638 1758 742 1815 domno
764 1766 790 1814 ct
806 1756 929 1830 genitore
983 1755 1184 1830 episcoporum,
1198 1770 1400 1821 accaeterorum
1411 1766 1535 1824 [idolium
1550 1763 1780 1832 nostrorum,cbi·

126 1874 203 1926 meo,
217 1855 270 1929 pie
292 1851 431 1910 memorie
448 1843 589 1906 Ludovico
613 1847 749 1921 Augusto,
775 1862 837 1919 pars
852 1843 928 1917 regni
983 1846 1149 1918 rograpbum
1157 1847 1277 1908 invicem
1292 1853 1516 1926 conscripsimus,
1529 1854 1648 1927 qualiter
1656 1869 1706 1925 ego
1718 1867 1781 1925 erga
1876 1923 1879 1927 .

126 1944 312 2005 interiratres
326 1957 401 1998 meos
416 1955 491 2012 reges
504 1937 601 1997 divina
618 1935 799 2010 dispositione
814 1941 854 1991 est
867 1942 928 1990 tra·
983 1946 1029 1990 cos
1052 1946 1215 2008 cooperante
1237 1941 1357 1998 Domino
1381 1960 1460 2015 agere
1481 1945 1592 2010 vellem,
1612 1951 1638 2001 ot
1662 1942 1782 2015 qualiter

127 2039 198 2097 dita.
212 2037 244 2095 ln
255 2051 310 2110 qua
326 2030 486 2108 partcregni
502 2029 616 2087 vacabat
629 2036 697 2085 tunc
711 2034 819 2100 pastore
830 2034 928 2082 metro·
983 2022 1053 2079 mibi
1068 2026 1185 2082 consilio
1203 2036 1230 2084 et
1242 2029 1349 2087 auxilio
1371 2031 1456 2087 iidem
1472 2031 1567 2088 fideles
1581 2030 1670 2088 nostri
1682 2029 1782 2086 abinde

129 2129 204 2205 polis
217 2126 367 2195 Senonum,
382 2140 462 2198 quam
476 2118 801 2194 juxtaconsuetudinem
820 2116 930 2190 praede-
983 2113 1158 2184 postmodnm
1182 2116 1311 2174 solatium
1327 2119 1399 2176 ferre
1413 2119 1582 2177 debuissent.
1608 2117 1660 2177 Cui
1679 2119 1782 2191 scripto

129 2233 271 2278 meorum
281 2230 405 2271 meorum
421 2209 564 2269 Weuiloni
578 2218 646 2267 tunc
657 2207 758 2265 clerico
774 2204 877 2274 meo,in
887 2221 928 2262 ca·
984 2201 1095 2258 Weuilo
1104 2203 1178 2276 apud
1187 2205 1331 2278 Bajernam
1340 2209 1436 2265 villam
1445 2210 1557 2282 propria
1568 2225 1652 2266 manu
1662 2207 1781 2266 subscri·

131 2307 207 2382 pella
225 2321 287 2363 mea
299 2303 368 2360 mibi
385 2300 526 2369 servienti,
547 2298 595 2372 qui
610 2314 686 2354 more
702 2295 782 2353 liberi
793 2293 886 2353 clerici
901 2309 929 2349 se
984 2291 1048 2364 psit,
1063 2292 1135 2351 sicut
1147 2295 1177 2351 in
1190 2298 1318 2367 presenti
1332 2298 1427 2355 videre
1441 2299 1566 2373 potestis,

130 2395 203 2454 mihi
212 2392 465 2457 commendaverat,
474 2397 501 2446 et
511 2389 676 2446 fidelitatem
688 2392 858 2443 sacramento
869 2398 929 2457 pro·
1367 2387 1402 2445 q·

130 2485 256 2553 miserat,
272 2497 409 2541 consensu
423 2495 563 2537 sacrorum
572 2477 762 2551 episcoporum
773 2473 860 2547 ipsius
875 2488 929 2529 me·
1018 2472 1123 2531 Deinde
1136 2491 1200 2532 cnm
1215 2483 1310 2534 contra
1324 2493 1445 2550 paganos
1457 2477 1493 2534 ad
1508 2477 1627 2534 insulam
1646 2476 1712 2545 loci,
1730 2475 1779 2549 qui

130 2573 250 2649 tropolis
265 2573 300 2630 ad
316 2569 525 2646 gubernandum
541 2565 679 2636 commisi,
692 2573 719 2624 et
734 2563 806 2638 apud
819 2562 930 2637 episco-
984 2559 1108 2618 Oscellus
1120 2561 1233 2632 dicitur,
1256 2580 1319 2620 cum
1342 2564 1472 2623 fidelibus
1499 2565 1600 2623 nostris
1626 2575 1653 2623 et
1668 2572 1776 2622 terreno

131 2682 193 2740 pos,
208 2669 342 2740 mantum
360 2676 396 2718 ex
410 2676 455 2717 mc
468 2659 531 2728 fuit,
547 2667 579 2716 ut
592 2672 655 2714 eum
670 2655 772 2713 ibidem
789 2650 930 2724 archiepi-
985 2649 1093 2719 itinere,
1105 2658 1132 2707 et
1146 2652 1257 2725 navigio
1271 2654 1343 2711 sicut
1352 2653 1429 2711 scitis
1442 2655 1562 2726 perrexi,
1573 2654 1687 2726 quidam
1702 2671 1718 2711 a
1731 2670 1780 2711 no·

133 2770 249 2829 scopum
261 2751 422 2811 ordinarent
433 2748 552 2807 obtinui.
984 2738 1028 2796 bis
1041 2739 1199 2799 deficientes
1219 2743 1284 2816 iuga
1299 2745 1367 2817 lapsi
1391 2753 1467 2802 sunt.
1492 2744 1604 2803 Weuilo
1631 2751 1735 2816 autem,
1752 2760 1781 2801 sc

514 2838 549 2895 ΙΙ,
625 2867 646 2917 ··
947 2825 972 2888 Β
986 2847 1035 2904 pro
1045 2830 1206 2890 infirmitate
1220 2850 1269 2891 sua
1278 2835 1346 2891 illuc
1357 2834 1398 2892 ire
1413 2850 1469 2892 non
1481 2849 1561 2908 posse
1573 2833 1679 2903 dicens,
1694 2834 1730 2891 ad
1744 2849 1785 2891 sc·

84 2957 87 2961 ’
170 2941 237 3000 Post
259 2939 320 2997 baec
341 2937 375 2996 de
389 2937 527 2995 divisione
549 2932 624 3007 regni
648 2931 720 2989 inter
733 2946 777 2987 me
790 2935 817 2985 et
834 2927 932 2984 fratros
987 2919 1048 2976 dem
1063 2938 1140 2979 suam
1156 2938 1282 2980 reversus
1292 2932 1342 2980 est.
1354 2925 1427 2981 llum
1441 2931 1534 2980 autem
1550 2922 1579 2980 in
1594 2922 1740 2997 procinctu
1753 2939 1785 2980 eo

135 3049 225 3102 meos,
238 3031 309 3088 ratio
321 3037 362 3086 est
375 3037 469 3086 exorta
483 3024 637 3093 notissima,
653 3020 726 3078 undo
736 3026 840 3093 partem
854 3016 932 3073 divi·
987 3028 1037 3068 nos
1050 3010 1154 3069 infirmi
1166 3014 1338 3086 degeremus,
1352 3014 1437 3072 irater
1454 3021 1546 3070 noster
1557 3013 1726 3082 Ludovicus,
1742 3012 1786 3068 si·

986 3110 1034 3159 cut
1044 3101 1131 3171 scitis,
1141 3118 1205 3160 cum
1220 3119 1303 3158 manu
1316 3102 1423 3171 bostili,
1434 3102 1604 3160 etseditiosis
1614 3100 1786 3167 bominibus,

135 3122 229 3178 sionis
248 3135 311 3178 cum
326 3117 437 3186 mutuis,
460 3114 561 3173 nostris
585 3111 701 3180 scilicet,
722 3116 933 3180 nostrorumque

140 3208 267 3265 fidelium
280 3206 464 3275 sacramentis,
480 3203 644 3262 sicutetiam
654 3201 790 3276 primores
805 3194 882 3269 regni
893 3202 932 3251 to-

135 3303 194 3359 tius
208 3303 379 3371 invenerant,
395 3301 539 3359 tenendam
554 3306 581 3356 et
595 3296 799 3371 gubernandam
814 3292 932 3365 suscepi.

134 3388 226 3457 Quam
239 3389 404 3447 divisionem
419 3390 491 3446 inter
502 3405 545 3444 me
555 3394 582 3444 et
592 3387 690 3443 iratres
703 3401 778 3441 meos
788 3384 822 3440 de
835 3389 933 3440 caetero

132 3495 151 3535 a
164 3494 209 3535 me
223 3478 444 3535 substantialiter
458 3475 615 3544 tenendam,
630 3475 704 3532 sicut
718 3473 817 3539 etalii,
833 3471 881 3546 qui
894 3470 934 3529 ibi

134 3569 286 3626 adfuerunt
297 3567 430 3640 episcopi,
455 3565 567 3624 Weuilo
583 3564 653 3620 mibi
665 3562 851 3635 fratribusque
867 3561 934 3618 meis

135 3658 249 3733 propria
263 3672 348 3713 manu
359 3655 464 3727 juravit
478 3672 484 3710 :
501 3655 598 3712 Pacem
612 3653 696 3712 etiarn
710 3661 737 3711 et
751 3660 879 3710 mutuum
889 3652 935 3709 ad·

132 3745 274 3821 jutorium
290 3748 363 3803 inter
377 3762 419 3802 me
433 3753 461 3803 et
475 3745 621 3818 prefatum
634 3746 748 3803 tratrem
762 3743 934 3802 Ludovicum

134 3835 251 3895 Weuilo
262 3844 432 3894 sacramento
447 3835 577 3895 firmavit.

509 3969 556 4024 lll.

173 4069 268 4129 Sedet
282 4067 414 4143 posthoc,
429 4066 564 4123 electione
579 4081 639 4135 sna,
651 4064 823 4138 aliorumque
834 4065 936 4138 episco-

987 3208 1022 3249 ex
1037 3208 1121 3264 regno
1135 3208 1185 3248 suo
1198 3207 1313 3264 regnum
1322 3198 1448 3249 nostrum
1463 3191 1574 3264 irrupit.
1586 3189 1630 3246 Ad
1640 3188 1720 3261 cujus
1730 3189 1785 3246 col·

989 3281 1124 3355 loquium,
1142 3280 1201 3337 sine
1216 3297 1277 3338 mea
1286 3281 1431 3338 voluntate
1440 3288 1522 3355 atque
1537 3279 1660 3348 licentia,
1673 3278 1787 3337 Weuilo

987 3371 1076 3440 vonit,
1092 3387 1174 3445 quem
1183 3373 1418 3445 supplantatorem
1430 3388 1523 3427 meum
1532 3386 1600 3440 esse,
1616 3369 1690 3443 qnod
1704 3384 1787 3426 nemo

987 3459 1106 3532 cognovi
1120 3459 1311 3534 episcopomm
1321 3475 1357 3516 ex
1369 3476 1453 3533 regno
1468 3466 1563 3517 nostro
1572 3457 1644 3515 alius
1656 3456 1732 3515 iecit.

1024 3623 1064 3679 lie
1079 3628 1188 3693 cetero,
1198 3639 1262 3680 cum
1276 3549 1544 3695 contravpraedictnm
1555 3622 1669 3679 fratrem
1680 3635 1785 3690 meum,

989 3719 1016 3769 et
1032 3711 1161 3771 inimicos
1176 3729 1250 3772 meos
1264 3729 1296 3772 ac
1310 3721 1459 3772 vastatores
1473 3710 1616 3780 Ecclesia,
1627 3717 1655 3768 ct
1664 3709 1787 3782 depopu-

990 3804 1090 3860 latores
1103 3805 1179 3877 regni
1194 3805 1462 3879 quicumilloerant,
1478 3819 1542 3861 cnm
1558 3800 1687 3860 fidelibus
1696 3799 1746 3857 Dei
1754 3815 1786 3856 ac

989 3896 1092 3954 nostris
1106 3897 1225 3970 perrexi,
1247 3915 1298 3956 nec
1312 3914 1362 3971 per
1382 3898 1512 3971 seipsum,
1532 3911 1584 3952 nec
1598 3909 1647 3967 per
1662 3890 1787 3950 debitum

990 3987 1130 4057 solatium,
1155 3987 1228 4061 qnod
1243 3997 1426 4047 antecessores
1441 3988 1495 4045 mei
1510 4003 1596 4060 reges,
1619 3992 1646 4042 ct
1661 3999 1711 4057 ego
1726 3982 1784 4055 ipse

990 4095 1024 4134 ex
1040 4079 1164 4135 Ecclesia
1177 4078 1220 4136 illi
1236 4081 1383 4137 commissa
1397 4080 1498 4137 babere
1513 4079 1612 4136 solitus
1632 4091 1718 4144 eram,
1731 4073 1789 4130 ali-

135 4175 250 4235 ll⁰¹⁰¹¹¹s
265 4174 297 4215 ²⁰
311 4166 472 4215 ⁰ae¹⁰l⁰f¹¹ffl
491 4154 615 4212 fidelium
637 4154 714 4227 milli
728 4153 817 4211 ¹¹0⁸ffl
831 4153 936 4210 V⁰¹1111·
952 4185 975 4248 ῃ
990 4168 1058 4242 quid
1072 4167 1202 4239 adjutorii
1214 4168 1342 4240 prebuit,
1363 4169 1514 4242 presertim
1530 4184 1594 4227 cum
1612 4167 1667 4224 boc
1679 4164 1790 4222 devote·

133 4256 207 4318 tate,
221 4263 358 4306 consensu
374 4254 401 4302 et
418 4246 627 4315 acclamatione,
642 4261 704 4302 cum
720 4244 783 4301 aliis
799 4244 935 4319 archiepi·
992 4257 1027 4314 ab
1041 4258 1092 4314 1110
1106 4255 1243 4330 perierim,

132 4338 228 4412 scopis
239 4336 411 4411 etepiscopis
425 4336 537 4393 Weuilo
554 4335 583 4391 in
598 4333 710 4393 diocesi
721 4351 780 4405 sua,
798 4332 871 4408 apud
880 4337 938 4393 An·

133 4429 252 4488 relianis
266 4427 418 4495 civitatem,
438 4426 466 4481 in
482 4425 597 4483 basilica
608 4435 711 4485 sancte
725 4426 832 4496 Cmcis‚
844 4444 887 4485 me
897 4444 937 4485 se·

134 4517 262 4577 cundum
276 4516 454 4574 traditionem
464 4515 675 4574 ecclesiasticam
690 4531 781 4589 regom
796 4533 937 4576 consecra·

134 4608 190 4679 vit,
206 4617 233 4666 et
247 4607 277 4663 in
292 4608 369 4682 regni
382 4607 515 4681 regimine
536 4606 684 4665 chrismate
703 4624 780 4666 sacro
794 4610 936 4683 perunxit,

135 4705 166 4756 ct
177 4696 441 4771 diadematc„atque
457 4696 533 4770 regni
548 4706 656 4771 sceptro
666 4697 695 4754 in
709 4697 786 4771 regni
800 4699 870 4756 solio
886 4717 938 4758 su-

134 4786 278 4845 blimavit.
289 4787 313 4844 t
323 4803 377 4861 qua
385 4786 601 4858 consecratione,
609 4788 653 4844 vel
666 4787 744 4861 regni
755 4788 936 4857 sublimitate,

134 4876 309 4950 supplantari
321 4877 365 4934 vel
376 4873 474 4950 projici
487 4877 591 4934 anullo
601 4877 759 4948 debueram,
770 4880 866 4936 saltem
877 4879 937 4936 sine

135 4965 281 5025 audientia
291 4973 319 5023 et
330 4964 438 5039 judicio
453 4965 657 5040 episcoporum,
672 4984 790 5041 quorum
806 4969 938 5025 ministe-

135 5058 182 5117 rio
191 5057 223 5116 in
232 5074 324 5132 regem
338 5076 399 5116 sum
413 5066 599 5125 consecratus,
608 5066 636 5116 et
650 5057 698 5132 qui
709 5058 802 5115 tbroni
811 5058 863 5116 Dei
872 5066 937 5115 sunt

136 5149 220 5221 dicti,
232 5149 261 5207 in
272 5151 374 5227 quibus
383 5152 457 5209 Deus
471 5151 556 5221 sedet,
573 5159 600 5208 et
609 5167 658 5224 per
671 5166 740 5224 quos
753 5167 803 5208 sua
815 5151 939 5210 decernit

134 5236 260 5311 judicia:
288 5255 405 5313 qnorum
432 5241 553 5314 paternis
567 5239 787 5314 correptionibus
809 5249 837 5298 et
851 5241 938 5300 casti-

138 5327 254 5401 gatoriis
265 5327 382 5401 judiciis
396 5346 440 5387 me
454 5331 570 5390 subdere
587 5330 626 5389 ini
640 5336 761 5404 paratus,
777 5336 804 5385 ct
818 5329 847 5386 in
863 5347 938 5404 pre-

136 5413 212 5472 senti
227 5412 366 5474 subditus.

1028 4433 1098 4493 Cum
1122 4441 1213 4491 autem
1237 4433 1307 4489 ratio
1329 4440 1356 4489 et
1374 4429 1521 4488 necessitas
1545 4425 1615 4484 mihi
1639 4425 1789 4488 acciditde

992 4527 1061 4583 villa
1074 4527 1180 4582 Breona
1194 4533 1225 4582 ut
1238 4539 1254 4580 a
1268 4522 1398 4597 predicto
1414 4522 1497 4577 tratre
1511 4535 1573 4575 meo
1587 4516 1750 4574 secederem.
1762 4524 1789 4573 et

993 4617 1050 4692 ipse
1064 4617 1150 4674 frater
1164 4631 1242 4673 meus
1252 4612 1410 4670 Ludovicus
1424 4608 1526 4668 adhoc
1540 4607 1623 4666 rediit
1633 4607 1664 4664 in
1682 4612 1788 4681 partem

992 4708 1070 4780 regni
1082 4706 1137 4763 mci
1150 4713 1183 4763 ιιι
1197 4705 1267 4762 mibi
1282 4709 1510 4776 meumnepotem
1525 4699 1688 4773 subriperet,
1700 4706 1727 4755 ot
1742 4696 1790 4754 bo·

992 4798 1081 4855 mines
1099 4797 1153 4855 urei
1169 4804 1200 4854 ιιι
1215 4795 1286 4852 mibi
1301 4793 1482 4880 subtraberet,
1498 4808 1531 4847 ac
1545 4790 1641 4848 fideles
1654 4804 1730 4845 meos
1744 4801 1790 4842 va·

992 4896 1096 4946 stanter
1116 4887 1287 4962 imprimeret
1306 4881 1509 4961 [opprimeret],
1526 4881 1639 4939 Weuilo
1654 4894 1718 4937 cum
1733 4888 1788 4947 qno

992 4981 1082 5054 potnit
1096 4980 1194 5037 solatio
1209 4979 1243 5036 ad
1259 4976 1409 5052 praedicam
1425 4976 1539 5032 fratrem
1554 4986 1645 5028 meum
1663 4962 1791 5023 Ludovi-

991 5086 1055 5127 cum
1069 5070 1099 5125 in
1113 5087 1202 5127 meam
1216 5068 1441 5128 contrarietatem
1455 5065 1542 5122 venit.
1559 5061 1628 5118 Cum
1642 5072 1697 5129 quo
1713 5059 1792 5111 erant

991 5160 1226 5218 excommunicati
1235 5160 1316 5216 istius
1328 5156 1415 5231 regni,
1427 5164 1454 5212 et
1469 5150 1603 5218 seditiosi,
1620 5147 1654 5205 de
1668 5161 1786 5221 quorum

992 5234 1279 5309 excommunicatione
1298 5248 1522 5323 coepiscoporum
1549 5254 1662 5298 suornm
1685 5237 1792 5295 litteras

992 5337 1096 5411 accepit
1113 5356 1119 5395 :
1136 5347 1163 5395 et
1186 5340 1282 5395 missas
1306 5335 1431 5410 publicas
1454 5330 1532 5388 fratri
1558 5345 1628 5397 mco,
1645 5342 1708 5386 cum
1737 5339 1792 5398 quo

950 5441 975 5501 1)
988 5429 1042 5504 ipsi
1056 5428 1181 5488 seditiosi
1195 5436 1284 5499 etant,
1301 5429 1330 5485 in
1345 5425 1448 5499 palatio
1465 5437 1526 5479 mco
1538 5419 1690 5489 Attidium,
1706 5424 1735 5476 et
1748 5430 1793 5489 pa·

92 5534 101 5543 '
175 5539 188 5577 '
204 5541 324 5613 olitana,
342 5543 370 5601 id
385 5553 425 5603 est
437 5515 507 5602 olim
523 5554 605 5622 atque
618 5547 774 5622 antiquitus
789 5557 908 5625 recepta,
924 5567 981 5610 non
997 5551 1100 5610 abolita
1115 5559 1162 5610 aut
1178 5552 1297 5609 escleta.
