3834 6136
75 200 132 258 aas

613 210 932 268 MARTYROLOGIUM.
952 241 989 256 -·
1005 217 1110 273 MENS.
1131 220 1214 275 ΒΕΘ.

1679 239 1735 295 806

73 325 144 379 mirri
156 325 271 391 abbatis,
284 341 318 404 an
329 327 639 411 Maximiaicoufessori'a
650 336 664 387 t
676 334 755 390 llunc
765 335 877 391 niodum
894 345 919 402 Α
934 341 1048 397 Maaiiiii
1059 360 1122 400 oum
1138 345 1226 417 prima
1243 346 1333 404 Belini
1346 348 1470 408 editione
1491 353 1539 411 sed
1549 373 1595 413 eos
1611 375 1667 416 non
1679 379 1736 420 mo·

71 398 352 477 sequunturraliqiu,
364 416 434 470 quos
445 403 617 471 praeterimus
632 422 638 465 ;
657 405 745 459 Beliiii
758 407 878 463 secunda
935 428 1040 470 ramur.

71 469 162 526 editio
182 469 298 525 titulum
315 477 464 544 utrumque
482 473 639 545 conjunxit.
655 476 737 533 Pauci
752 479 879 534 scribunt

751 603 1054 667 oesnnvxrroivtts.

104 697 180 752 Dum
201 696 235 752 de
245 697 398 768 Papiniano
413 707 440 753 et
453 699 594 756 Mansuete
613 701 752 758 Africanis
767 705 875 775 episco-

68 766 111 839 pis
128 784 273 839 ageremus
293 786 381 823 xxviii
402 770 574 838 Novembris,
590 771 693 828 ibidem
713 777 872 832 notavimus

67 839 164 910 piures
189 839 262 910 apud
292 841 417 895 Adonem
447 845 590 913 populares
615 845 757 916 episcopos
775 864 807 902 eo
827 848 872 903 die

67 910 153 966 simul
171 912 407 988 enutrierantuui
435 913 462 967 in
490 917 681 984 persecutione
708 918 872 974 Wandalica

67 983 142 1052 passi
156 991 233 1049 sunt,
248 992 330 1053 atque
344 991 418 1037 inter
434 1001 480 1038 eos
500 987 681 1053 Viitcm'onum,
699 1004 780 1059 ipieui
794 1006 869 1045 eum·

67 1052 131 1108 dem
146 1070 205 1110 esse
221 1054 363 1109 credimus
376 1070 438 1109 cum
456 1063 549 1110 nostro
563 1057 615 1115 boc
631 1058 776 1127 hodierno,
792 1076 808 1115 a
823 1061 870 1117 Vi·

67 1132 145 1182 ctare
161 1125 270 1182 Vitensi
284 1125 403 1181 mirifice
419 1126 539 1194 laudato,
557 1130 628 1186 libro
651 1149 659 1186 r
676 1130 710 1185 de
734 1132 870 1188 Persecu—

68 1196 145 1254 tioue
157 1196 301 1264 Africana,
317 1196 390 1268 apud
419 1196 602 1276 libitlietium,
614 1219 673 1281 pap.
694 1202 737 1257 ts.
755 1203 867 1259 Abeasis

67 1273 185 1332 statutis
199 1270 335 1340 episcopus
351 1268 388 1322 ibi
401 1267 515 1336 dicitur,
533 1271 560 1325 in
580 1273 703 1328 editione
716 1271 866 1344 Ruinartii,

67 1367 128 1420 pag,
148 1343 191 1407 tit,
207 1342 337 1396 Abbauzia
350 1340 413 1401 ,sed
429 1357 460 1396 oa
472 1342 589 1398 variatio
601 1360 696 1415 parum
714 1344 747 1399 ad
768 1362 817 1401 nos
829 1355 868 1401 at·

66 1416 149 1475 tinet,
167 1417 227 1471 lluc
244 1415 330 1482 magis
341 1411 406 1465 lacit
422 1413 545 1483 predicti
563 1416 699 1470 lluinartii
719 1418 866 1484 correctio,

91 1508 128 1546 ua
143 1485 282 1543 Valeriani
299 1489 364 1537 atas
380 1485 554 1554 octogenaria
565 1488 826 1552 conlirinatur,cuin
840 1491 867 1544 in

68 1508 205 1618 animent
226 1553 347 1611 editione
370 1557 458 1609 soluin
483 1555 651 1613 indicaretur
679 1576 763 1613 uanos
788 1567 866 1614 uatus

64 1635 134 1704 ptus
148 1627 318 1702 septuaginta.
336 1623 406 1679 t'iito
421 1627 475 1680 alia
497 1628 524 1681 in
543 1628 681 1684 liuinartii
694 1632 783 1696 Notis,
803 1647 863 1702 pag.

68 1705 133 1760 159,
152 1703 214 1757 Hac
227 1696 319 1770 paucis
333 1695 367 1750 de
380 1696 455 1751 loiite
466 1697 539 1753 dicta
554 1699 620 1766 sint,
639 1719 673 1756 ex
687 1719 742 1771 quo
759 1703 865 1772 primus

65 1775 162 1829 transit
175 1779 269 1827 auctor
284 1768 397 1823 Rotnani
415 1769 502 1837 parvi,
522 1770 564 1825 bis
579 1771 670 1826 verbis
688 1791 693 1826 :
713 1773 744 1826 la
756 1773 863 1841 Africa,

70 1843 209 1903 Valeriani
230 1838 345 1911 episcoii
367 1846 390 1892 et
413 1858 461 1894 coa
476 1842 582 1910 essoris,
603 1844 758 1898 tt'aadulica
770 1861 865 1914 perse-

63 1918 177 1971 cutione.
192 1912 300 1969 Evolve
315 1857 514 1982 blartyrologia
537 1913 592 1967 alia
615 1914 730 1986 antiqua
758 1915 861 1983 onmia,

965 709 1001 789 ln,
1018 710 1209 770 vetustissimo
1233 717 1329 774 cadim
1353 719 1573 793 Hieronymisno
1593 725 1735 797 Epterna-

927 794 1002 834 censi
1013 797 1061 863 scu
1073 783 1269 864 Antuerpiensi
1281 791 1354 847 clare
1369 793 1495 863 signatur
1505 797 1627 852 secumla
1638 807 1735 858 nostra

927 861 1104 909 annuntiatio
1133 875 1138 911 :
1165 862 1194 912 lii
1225 860 1329 915 ciuitate
1356 864 1557 930 Aurelianensi,
1588 868 1734 928 ,Maximini

923 924 1071 991 presbyteri
1086 935 1109 981 et
1123 928 1291 997 confessuris.
1309 934 1339 987 ln
1363 935 1427 990 aliis
1451 938 1616 1008 apographis
1632 941 1733 1012 legitur

926 995 1050 1073 dlauimi,
1077 1015 1126 1079 pro
1155 1016 1209 1071 quo
1237 1018 1272 1056 ex
1297 1003 1404 1072 Beliuo,
1421 1008 1733 1079 Maurolyco,antaliis

926 1064 1202 1146 huiusmodiapuibus
1213 1074 1296 1128 etiam
1307 1075 1370 1129 addi
1386 1086 1498 1156 possent
1508 1079 1619 1136 codices
1634 1082 1732 1139 [isuar-

924 1136 995 1204 dini,
1006 1138 1109 1196 frustra
1121 1151 1224 1213 pugnat
1237 1146 1440 1204 Florentinius.
1456 1150 1516 1204 Nou
1534 1151 1730 1210 meliussancti

924 1223 1025 1264 nomeu
1056 1212 1165 1267 inllexit
1181 1215 1279 1270 Florus
1294 1233 1341 1288 per
1357 1217 1531 1287 Maximiani,
1548 1231 1669 1278 nectam
1687 1242 1730 1296 pe·

924 1279 1027 1336 culiare
1046 1283 1166 1354 etogium
1182 1285 1305 1354 adducit,
1321 1297 1351 1343 ut
1372 1305 1428 1344 non
1444 1291 1536 1347 cuivis
1552 1301 1649 1349 sancto
1664 1310 1730 1351 con-

923 1350 1020 1429 fessori
1037 1355 1124 1434 aptari
1140 1357 1227 1426 possit
1244 1375 1249 1413 :
1268 1360 1319 1425 Qui
1334 1360 1362 1412 in
1375 1377 1477 1417 aninmo
1493 1363 1728 1435 retipioaedepeas,

922 1438 979 1488 epus
995 1427 1095 1478 riteritis
1117 1430 1201 1482 aiiitta
1221 1430 1355 1485 miracuta
1365 1433 1496 1488 Dominus
1512 1436 1621 1504 operari
1635 1436 1729 1506 diptia-

923 1499 964 1547 tus
979 1503 1024 1550 est.
1042 1497 1134 1568 Neque
1151 1501 1236 1569 inagis
1255 1502 1367 1572 propria
1392 1512 1458 1559 sunt
1484 1504 1630 1561 Adoniana
1646 1507 1726 1565 buc:

921 1565 1105 1634 Aurelianis,
1130 1569 1198 1624 baali
1219 1572 1367 1627 Maximini
1383 1574 1541 1645 presbyteri,
1569 1580 1729 1634 uenerabilis

920 1639 1070 1693 satientatis
1081 1641 1149 1705 viia]
1162 1641 1209 1696 ubi
1221 1642 1337 1698 observo
1349 1653 1409 1700 tum
1426 1647 1654 1718 Hieronymiana,
1667 1659 1727 1705 tum

920 1707 1107 1777 Florum,tum
1119 1711 1242 1766 Adonem
1254 1715 1344 1768 urbam
1354 1717 1574 1773 Aiireliuneusera
1582 1719 1728 1791 designare

920 1781 1001 1846 velle,
1019 1796 1079 1852 quae
1100 1782 1245 1837 illaaimini
1273 1785 1438 1840 Miciacerisis
1461 1804 1526 1843 vera
1545 1791 1645 1860 positio
1671 1809 1727 1847 non

919 1858 970 1905 est.
992 1852 1091 1907 Noster
1116 1854 1208 1925 itaque
1235 1854 1401 1926 simplicius,
1419 1857 1465 1912 sed
1483 1866 1509 1913 et
1523 1862 1604 1930 paulo
1619 1863 1727 1918 distin-

919 1921 1000 1988 ctius,
1019 1939 1067 1992 per
1086 1925 1254 1979 territorium
1273 1927 1466 1983 Aurelianense
1483 1944 1540 1984 rem
1554 1933 1724 2003 exprimens,

64 1989 171 2045 nullam
188 1983 272 2055 liujus
284 1982 372 2037 sancti
387 1983 547 2038 memoriam
563 1984 688 2040 ini-enies
705 2003 711 2040 :
730 1984 801 2041 uuile
815 2002 863 2042 no·
878 1987 901 2046 B
917 1992 1135 2050 studioseetiam
1151 1995 1184 2050 ab
1200 1996 1277 2050 omni
1303 1998 1392 2068 elogio
1411 1999 1580 2057 abstinuisse
1600 2002 1723 2061 videtur.

64 2076 130 2115 vum
153 2056 260 2131 pondus
274 2053 406 2109 accrescit
430 2063 539 2121 nostrae,
561 2056 629 2110 alias
649 2057 786 2124 indicate,
804 2058 861 2129 opi-

64 2130 155 2198 nioni,
168 2143 266 2199 nempe
283 2126 426 2197 plerisque
445 2126 590 2182 Africanos
607 2137 715 2184 sanctos
729 2129 758 2184 in
774 2145 861 2200 perse·

63 2203 178 2258 cutione
186 2198 349 2257 wandalica
363 2214 464 2268 passos,
480 2198 514 2252 ab
528 2206 640 2254 auctore
651 2200 767 2255 Romani
784 2201 861 2272 parvi

64 2272 93 2328 iu
109 2274 205 2334 Fastos
228 2269 429 2326 ecclesiasticos
459 2269 577 2339 primum
600 2271 698 2326 relatos
719 2272 812 2338 inisse,
827 2271 860 2328 de

63 2361 118 2416 qua
131 2359 190 2399 ree
210 2343 282 2397 imus
302 2342 330 2395 in
345 2340 514 2410 {tractationis
530 2351 629 2397 nostro
645 2359 704 2423 cap.
725 2342 806 2398 isub
822 2343 859 2398 li-

62 2432 140 2470 uem.
161 2360 232 2482 Ario,
243 2413 397 2483 longiorum
407 2412 594 2467 encomiorum
608 2424 800 2478 concinnator,
817 2414 858 2468 in·

62 2487 204 2558 dignatam
223 2484 441 2556 persecutionem
468 2483 630 2564 diligentius
654 2494 802 2552 scrutatus,
823 2502 859 2541 ex

62 2557 165 2615 laudati
184 2557 304 2614 Victoris
316 2554 438 2610 Historia
452 2556 533 2625 elogii
559 2556 601 2610 sui
624 2557 765 2612 materiam
784 2573 858 2628 repe·

61 2631 117 2697 rit,
147 2629 262 2701 paucula
291 2626 425 2698 adjiciens
444 2627 478 2682 de
497 2625 646 2695 discissione
676 2629 856 2698 sanctimonii,

61 2717 121 2772 quae
135 2699 208 2772 apud
224 2699 366 2771 praeiatuiii
383 2697 544 2769 scriptorem
558 2714 590 2753 eo
606 2698 697 2768 modo,
709 2702 806 2756 saltem
818 2715 857 2756 ne·

61 2773 116 2829 lato
131 2789 148 2827 a
163 2769 243 2828 nobis
256 2774 326 2838 loco,
338 2786 392 2826 non
403 2770 554 2824 invenitur.
570 2771 705 2829 llaetcrum
716 2771 858 2829 Usuardus

60 2860 107 2900 sua
122 2845 218 2900 omnia
237 2860 273 2899 ex
285 2842 381 2898 Adone
395 2848 537 2899 mutuatus
552 2849 603 2898 est.

916 2063 977 2130 Quo
1005 2073 1095 2121 autem
1122 2066 1204 2122 modo
1228 2069 1468 2125 annuntiationem
1492 2086 1569 2127 suam
1593 2071 1726 2130 formasse

917 2143 1055 2206 putemus,
1072 2135 1179 2193 dictum
1209 2147 1249 2193 est
1269 2155 1352 2211 supra
1378 2139 1407 2196 in
1431 2141 1621 2200 Variantibus.
1644 2144 1726 2218 Apud

917 2207 1072 2263 Romanum
1094 2225 1220 2280 parrum,
1238 2210 1340 2266 Bedam
1356 2221 1383 2267 et
1400 2211 1553 2280 Rabanum,
1569 2223 1652 2271 notus
1669 2230 1724 2273 non

916 2285 957 2333 est
975 2278 1147 2336 Maximinus
1157 2290 1250 2336 noster
1262 2299 1268 2346 ;
1281 2289 1308 2336 at
1320 2283 1410 2338 multa
1422 2284 1456 2339 de
1467 2301 1499 2340 eo
1509 2284 1597 2341 edidit
1610 2286 1725 2344 Mabilio

915 2351 942 2404 in
957 2350 1107 2421 appendice
1118 2352 1212 2407 saeculi
1229 2370 1236 2407 r
1257 2353 1446 2420 Benedictini,
1457 2372 1473 2410 a
1484 2371 1544 2427 pag.
1556 2356 1620 2424 esu,
1632 2357 1724 2429 dupli·

913 2437 973 2477 eom
990 2423 1074 2478 vitain
1101 2423 1231 2489 reterens,
1249 2440 1313 2478 curn
1331 2425 1405 2479 libro
1431 2427 1642 2494 miraculorum,
1655 2446 1721 2500 priu-

914 2492 1007 2548 missis
1019 2494 1262 2549 obseruationibus
1276 2494 1435 2567 additisque
1445 2497 1519 2551 notis
1533 2514 1593 2622 puae
1609 2500 1642 2554 ad
1661 2516 1722 2554 san·

912 2564 949 2620 cti
963 2567 1030 2619 Acta
1042 2565 1070 2619 in
1084 2563 1180 2633 majori
1201 2572 1297 2619 nostro
1308 2582 1389 2637 opere
1403 2566 1531 2622 illustrari
1553 2584 1568 2624 a
1584 2584 1640 2624 non
1657 2587 1724 2626 mo-

912 2634 975 2690 dico
992 2642 1073 2691 erunt
1096 2635 1267 2706 adjumento.
1297 2637 1380 2692 Poeta
1402 2636 1606 2712 Martyrologus
1630 2642 1722 2698 solum

912 2706 1096 2763 Maximinum
1112 2707 1166 2762 boc
1178 2706 1303 2764 disticho
1321 2707 1457 2765 laudavit.

975 2785 1102 2838 Octavum
1118 2801 1175 2835 euin
1189 2788 1264 2847 ileno,
1281 2787 1440 2846 Maximine,
1456 2797 1582 2851 retentas,

975 2851 1117 2900 Aureliana
1130 2852 1200 2898 torax
1213 2851 1330 2912 praebent
1343 2851 1385 2900 cui
1406 2864 1466 2900 rura
1478 2852 1596 2916 Lyaeuin.

791 2966 984 3028 Auernum.

92 3085 249 3144 Rosomvo.
265 3081 354 3136 textui
378 3082 440 3139 satis
463 3099 532 3153 puro
546 3082 658 3154 adjicit:
679 3086 734 3139 «ln
750 3085 853 3152 Africa,

56 3154 187 3210 Faustini
204 3154 412 3222 martyris,oum
425 3155 487 3209 aliis
498 3171 566 3209 xxx.
583 3182 591 3200 ·
616 3157 664 3212 list
680 3157 708 3210 in
720 3157 854 3228 Hierony·

55 3226 164 3280 mianis
174 3225 318 3279 Faustinus
328 3226 368 3279 vel
383 3225 498 3280 Faustus
512 3242 575 3281 cum
587 3228 670 3285 sociis
679 3230 795 3300 aliquot,
806 3227 854 3284 sed

55 3297 132 3353 uuile
150 3296 184 3350 ad
200 3295 311 3365 triginta
321 3297 501 3363 accreverint,
517 3300 620 3354 nescio.

89 3369 247 3423 Puisauan.
264 3367 297 3423 de
320 3368 408 3437 prima
432 3369 513 3423 babet
537 3371 670 3440 usquead
685 3371 851 3439 confessoris,

55 3447 195 3566 expuncto
211 3445 268 3493 toto
282 3439 380 3507 elogio:
397 3440 545 3494 secundam
556 3457 620 3495 vero
630 3441 670 3496 sio
680 3442 830 3520 amplificat
844 3461 849 3497 :

945 3082 1083 3139 Vitricus.
1104 3081 1230 3152 signatus
1254 3097 1332 3136 num.
1348 3081 1421 3140 esis
1436 3082 1532 3154 adjicit
1550 3103 1555 3140 :
1576 3086 1720 3157 Rauenna,

908 3162 1062 3209 sumturum
1079 3152 1212 3208 Nauiauis
1227 3159 1251 3207 et
1267 3152 1420 3208 conitor-itit.
1438 3154 1577 3211 Celantur
1603 3156 1648 3211 die
1678 3174 1719 3212 se·

909 3226 1004 3297 quenti
1025 3230 1161 3294 martyres
1178 3224 1361 3290 Ravennates,
1377 3223 1424 3281 sed
1449 3225 1512 3281 aliis
1536 3225 1719 3295 nomiiiibus;

909 3297 1039 3352 intereos
1055 3302 1095 3350 est
1116 3294 1261 3359 «Navalis,
1280 3321 1287 3341 ·
1329 3312 1394 3351 uem
1411 3295 1458 3351 liic
1488 3312 1517 3352 er
1538 3296 1711 3354 ‹Naulavis·

908 3376 983 3424 certo
999 3367 1138 3437 designari
1156 3367 1299 3421 existimo.
1347 3367 1393 3422 ide
1420 3367 1460 3422 ibi
1501 3368 1643 3437 suardum,
1655 3368 1715 3440 ejus

910 3439 1040 3495 Auctaria
1055 3446 1083 3493 et
1099 3436 1332 3507 Martyrologium
1349 3438 1516 3493 Romanum.

61 3535 70 3558 ι
103 3527 122 3565 n
152 3509 294 3564 territorio
321 3511 586 3575 Aurelianeiisium,
618 3512 754 3583 depositio
780 3512 889 3589 bestie
944 3508 1336 3589 Bracaric.:·1iiteiiiiorio
1358 3508 1714 3580 Aurelianensium,sanoti

53 3581 169 3638 Maximi
185 3582 339 3653 pmsbyteri
364 3591 446 3651 atque
461 3581 578 3650 abbatis,
594 3583 761 3639 venerabilis
784 3599 853 3640 san·
908 3582 1023 3638 Maximi
1039 3580 1218 3637 contessoris.
1238 3605 1247 3627 .
1271 3578 1342 3635 Vide
1357 3596 1450 3652 supra.

54 3653 161 3709 utitatis
176 3653 242 3707 viri.
258 3677 268 3700 ι

89 3724 248 3780 Cumanas.
266 3743 271 3779 :
295 3724 401 3794 «Apud
429 3723 570 3791 Alincum,
586 3724 673 3780 sancti
689 3726 851 3782 Vualeriani

53 3795 176 3867 episooii
190 3802 218 3850 et
236 3796 412 3852 corilessoris.
433 3796 461 3849 lu
480 3797 620 3851 territorio
644 3799 850 3865 Aureliaiieiisi,

50 3867 143 3922 sancti
180 3868 297 3923 axiuiini
308 3867 478 3922 abbatisltic
489 3867 543 3924 luit
560 3869 644 3924 irater
654 3872 740 3926 sancti
755 3870 850 3928 Vitoiii

51 3937 239 3994 virdunensis
260 3938 417 4010 episcopi.»

88 4009 269 4066 ereximus.
283 4010 437 4079 anticipat:
459 4033 468 4056 ι
485 4010 566 4080 Apud
582 4010 765 4080 babiloniam,
783 4021 849 4069 tem·

49 4097 117 4153 pote
136 4080 371 4152 Nabupodonosor
387 4082 465 4148 regis,
484 4085 574 4153 passio
590 4091 746 4138 sanctorum
764 4085 849 4140 trium

49 4168 201 4224 puerorum
232 4154 365 4220 Ananiae,
384 4155 487 4209 Ararim
508 4162 535 4209 et
562 4155 691 4211 Misaelis.
724 4156 849 4222 Quorum

49 4240 169 4295 corpora
182 4225 363 4296 subquartam
380 4242 462 4296 specu
478 4228 566 4297 posita
575 4235 649 4281 sunt.
668 4228 747 4298 Apud
760 4227 849 4283 Ati'ri-

49 4311 125 4361 cam,
140 4296 227 4351 sancti
253 4296 395 4351 Aureliani
427 4296 488 4369 [pro
519 4298 670 4371 Valeriani]
686 4300 806 4370 episcopi
822 4307 849 4355 et

49 4367 229 4422 contessoris.
241 4368 326 4434 Quem
343 4367 377 4421 ob
390 4369 572 4424 constantiam
599 4370 761 4426 orthodoxae
785 4371 848 4426 fidei

50 4437 210 4494 Geisercus
224 4455 274 4493 rex
297 4440 462 4495 Arianorum
480 4441 626 4511 praecepit;
643 4451 673 4497 ut
697 4443 791 4497 nullus
819 4443 848 4497 in

50 4507 137 4564 domo
151 4525 238 4581 neque
256 4511 283 4564 in
299 4527 364 4581 agro
378 4512 537 4584 susciperet.
548 4511 672 4584 Cumque
685 4521 755 4569 esset
765 4530 849 4569 anno·

49 4582 343 4651 rumplnsoctogiiita,
356 4583 384 4637 in
395 4592 509 4649 stratu·
527 4593 592 4650 etc,
604 4585 754 4658 satispure.
776 4588 849 4641 ‹Au-

52 4651 178 4718 relianis,
189 4651 224 4708 da
263 4653 423 4710 iitiosaiicti
436 4656 548 4710 Maximi
565 4655 685 4727 episcopi
704 4667 731 4714 et
743 4658 847 4713 contes-

49 4723 131 4778 soris.
148 4669 370 4780 tiembbtenani
387 4727 506 4798 episcopi
524 4735 551 4782 et
569 4728 742 4785 contessoris.
756 4731 789 4784 tta
803 4730 850 4784 de·

49 4794 154 4864 positio
172 4795 244 4850 beati
268 4798 410 4852 Maximini
436 4799 551 4866 abbatis,
576 4815 680 4871 magnae
694 4801 848 4856 sanctitatis

944 3656 1067 3711 Rsusas.
1093 3652 1139 3708 SS.
1162 3651 1285 3708 Tiinotb.
1313 3658 1341 3707 et
1366 3651 1539 3724 Apelleum
1568 3651 1656 3725 priori
1685 3660 1714 3711 et

909 3728 1004 3780 multis
1017 3724 1080 3779 aliis
1092 3724 1224 3779 convenit
1239 3725 1267 3778 in
1283 3724 1396 3780 nomine
1413 3722 1589 3793 Mammised
1603 3724 1712 3795 scribit,

905 3795 1052 3868 piusbptrii
1066 3803 1090 3850 ct
1105 3795 1277 3864 consessor-is.

943 3868 1037 3924 ilditio
1057 3867 1254 3924 Lenaeo-Coi.
1280 3865 1313 3921 de
1342 3866 1491 3924 Valeriano
1515 3884 1601 3940 pauca
1624 3870 1712 3927 admi·

906 3949 963 3996 scet
976 3959 981 3995 :
1002 3938 1073 4006 «Qui
1085 3956 1147 3996 cuin
1159 3947 1231 3995 esset
1244 3955 1381 3995 annorum
1394 3940 1540 4013 plusquam
1557 3943 1711 4013 octoginta,

906 4019 1030 4082 tempure
1062 4012 1230 4066 Wandalicae
1260 4012 1480 4082 persecutionis,
1510 4030 1547 4068 ex
1575 4022 1712 4086 praecepto

905 4083 1046 4153 chserici
1063 4083 1145 4153 regis,
1166 4084 1396 4139 extraciiitatem
1415 4085 1594 4154 singulariter
1609 4086 1712 4158 expelli

901 4153 995 4224 jussus
1014 4162 1065 4219 est,
1083 4164 1110 4207 et
1126 4153 1163 4206 ita
1179 4163 1356 4277 praeceptum,
1375 4179 1383 4200 ι
1410 4162 1476 4222 eta,
1495 4165 1525 4211 ut
1549 4174 1633 4229 supra
1649 4161 1711 4214 Au-

904 4231 1044 4280 resanat
1060 4225 1178 4295 pluresa
1192 4223 1223 4277 ii.
1240 4224 1277 4279 De
1294 4222 1448 4278 Maximino
1463 4224 1503 4280 sic
1522 4225 1605 4282 babet
1624 4247 1629 4282 :
1655 4255 1663 4274 ι
1680 4229 1713 4285 lu

904 4295 1043 4352 territorio
1060 4294 1264 4361 Aurelianensi,
1280 4293 1368 4348 sanati
1382 4292 1528 4349 Maximini
1549 4295 1710 4376 presbyteri

903 4376 930 4423 et
944 4365 1108 4423 contessoris
1137 4364 1302 4420 venerabilis
1325 4364 1470 4420 sanctitate
1502 4365 1592 4422 viria
1614 4364 1651 4423 Et
1673 4366 1713 4422 ita

903 4439 990 4495 ferme
1002 4438 1068 4508 lepit
1084 4437 1254 4492 Auaraxax.
1427 4504 1432 4517 ⁸

938 4510 1065 4565 Gnarus.
1081 4527 1086 4564 :
1105 4507 1239 4564 «Octava
1250 4506 1449 4578 Conceptionis
1459 4515 1562 4564 sancta
1573 4508 1623 4565 Dei
1635 4508 1711 4582 geni·

903 4582 981 4638 tricis
992 4581 1094 4637 Maria.
1108 4601 1121 4629 »
1133 4579 1221 4635 Omisi
1237 4587 1334 4634 notare
1350 4577 1477 4650 superius
1488 4578 1517 4634 iu
1533 4579 1640 4637 codicis
1652 4582 1708 4638 Di-

903 4670 958 4708 xiei
974 4670 1021 4708 ora
1045 4651 1192 4723 superiori,
1212 4668 1295 4707 manu
1317 4651 1397 4722 plane
1427 4653 1532 4707 recenti
1558 4653 1629 4709 asari
1651 4661 1711 4710 tum

903 4724 998 4780 haberi
1014 4743 1019 4780 :
1044 4725 1167 4780 «Octava
1181 4723 1378 4794 Conceptionis
1390 4723 1601 4794 gloriosissimae
1645 4725 1709 4798 irgi-

904 4797 946 4852 nis
962 4797 1062 4852 Maria.
1080 4797 1192 4852 Festum
1206 4793 1444 4867 iiiinusdiiplex.·
1468 4795 1560 4868 Pergit
1579 4797 1709 4854 Gnsuex.

49 4865 117 4920 viri.
135 4889 144 4911 ·
161 4867 298 4924 Notabilis
313 4870 359 4923 bic
375 4871 450 4925 iocus
464 4880 514 4938 est,
536 4878 566 4925 ut
584 4873 745 4928 ostendatur
765 4890 847 4946 quam
863 4879 886 4937 D
908 4870 964 4924 «ln
980 4870 1111 4940 Aplrrica,
1130 4869 1230 4923 natalis
1245 4875 1405 4923 sanctorum
1421 4868 1559 4936 Faustini,
1577 4868 1709 4936 Candidi,

47 4935 132 4992 tacite
143 4937 321 4994 librariorum
335 4941 474 5012 imperitia
485 4950 593 4998 sanctos
607 4946 846 5016 multiplicaverit,

47 5023 114 5064 cnm
129 5008 178 5064 bic
193 5025 229 5065 cx
242 5010 350 5069 duobus
366 5013 395 5067 in
413 5020 490 5068 textu
506 5022 600 5069 nostro
619 5016 717 5086 positis
730 5025 848 5090 quatuor

48 5095 138 5135 exsui·
156 5089 216 5137 ant.

84 5097 270 5209 Hiiiaxoras.
286 5155 413 5228 incipite
431 5158 510 5230 longa
528 5142 688 5214 histoiiade
702 5159 785 5215 Jacob
802 5176 846 5232 pa·

47 5222 183 5292 triarcba,
198 5241 260 5296 qua
273 5227 387 5283 aliunde
400 5231 494 5284 notior
507 5237 535 5286 et
547 5229 651 5286 certior
663 5238 705 5286 est
717 5244 801 5302 quarn
816 5240 848 5289 ut

46 5309 83 5349 ex
98 5293 154 5351 boc
173 5296 270 5354 codice
292 5298 339 5355 liic
360 5299 661 5358 caerimoniarum
681 5309 760 5359 textu
781 5301 848 5359 satis

63 5381 136 5423 urus
147 5377 201 5437 est,
216 5367 265 5425 sed
280 5368 354 5427 inter
370 5370 549 5429 Valerianum
569 5380 597 5430 et
613 5372 797 5430 Maximinum
810 5388 848 5431 ex

68 5438 93 5494 'e
108 5438 278 5510 praecedenti
292 5441 391 5499 inserit
406 5461 412 5499 ε
433 5442 580 5514 «viane,
590 5445 683 5502 umato
694 5443 847 5503 umuti-

44 5508 136 5582 picini
148 5511 275 5584 episcopi
289 5522 318 5570 et
328 5514 536 5574 marsupiis.-

79 5581 525 5647 mascusius-utram.
546 5604 561 5653 ,a
586 5608 601 5639 ι
622 5582 858 5661 Feltini&

43 5655 111 5725 copi
129 5662 162 5712 et
171 5654 352 5727 meminoris,
363 5658 412 5733 qai
425 5670 491 5717 nrt
503 5664 853 5770 ἕλει-’.Ἢ

44 5724 448 5859 iiiffitviffuliil'*
467 5728 502 5770 ω

903 4940 1054 5010 Ueniliam,
1071 4948 1099 4996 et
1112 4941 1230 4996 alioruin
1247 4939 1347 5011 viginti
1362 4948 1436 4996 octo.
1451 4966 1460 4989 ι
1484 4940 1548 4997 ilaec
1562 4942 1629 4997 satis
1643 4956 1706 4995 con-

903 5015 1020 5069 veniunt
1034 5030 1098 5070 cum
1120 5013 1215 5068 codice
1235 5013 1396 5080 lioswaro„
1413 5012 1447 5067 da
1465 5029 1526 5092 qua¹
1545 5028 1645 5092 supra;
1661 5007 1709 5090 sed

901 5100 1035 5141 numerus
1049 5085 1097 5139 ille
1114 5084 1309 5140 Africanorum
1323 5092 1478 5154 martyrum
1493 5092 1609 5152 triginta
1626 5098 1709 5136 unius

901 5172 958 5212 non
973 5156 1085 5212 videtur
1099 5170 1134 5211 ex
1150 5156 1350 5227 Hieronymian
1364 5171 1377 5209 s
1392 5153 1458 5211 colli
1481 5152 1487 5206 i
1502 5168 1591 5224 posse.
1614 5151 1709 5233 ‘.V⁰¹’

901 5227 980 5310 quini
998 5226 1175 5284 contessoris.
1191 5251 1200 5274 ι
1221 5227 1264 5282 Au
1280 5226 1327 5282 liic
1337 5225 1407 5281 iorte
1422 5170 1550 5304 Foiquiai
1563 5222 1709 5278 Marmen-

900 5316 950 5369 srs,
965 5298 1000 5355 de
1059 5316 1076 5355 o
1100 5296 1161 5353 beri
1191 5306 1293 5365 actum,
1326 5311 1429 5351 nomen
1453 5295 1628 5367 duplicatum
1652 5310 1707 5351 non

900 5369 970 5429 est?
994 5394 1003 5418 ι
1031 5378 1088 5426 tem
1106 5376 1208 5426 sanetas
1224 5368 1364 5425 memorias
1376 5365 1629 5423 loaniiisllornerii
1641 5383 1707 5422 mo-

900 5437 1501 5517 mmpintpiartmrtiiiismittissimis,
1515 5436 1596 5508 cujus
1609 5437 1707 5494 merita

898 5513 1038 5573 Minu
1050 5526 1100 5588 per
1114 5510 1250 5570 minente
1259 5511 1347 5568 multa
1356 5507 1501 5566 ostendere
1511 5507 1642 5582 diguatus
1652 5516 1705 5567 est.

898 5582 1097 5647 ummo·
1134 5582 1220 5641 ‘nisa

920 5598 1261 5719 :marimanam
1288 5651 1390 5711 litteris
1418 5652 1522 5710 Italicis
1549 5661 1609 5727 post
1630 5661 1706 5734 octo-

898 5724 1107 5774 ·fflhffi
1132 5748 1145 5775 ι
1158 5726 1293 5786 Funere
1310 5724 1479 5784 Waadxlioa
1494 5728 1705 5799 persecutionis,

1241 5798 1338 5861 auam
1352 5798 1424 5872 repit
1435 5797 1534 5856 Ariani
1547 5797 1582 5857 sd
1597 5797 1707 5856 tradem
