3834 6136
125 187 179 247 lla

672 184 989 242 Manrvncicuiuii.
1010 215 1044 229 u-
1063 185 1168 242 nulls.
1190 184 1262 240 tun.

1735 185 1789 246 itt

123 322 151 369 et
170 309 304 371 Ursicini.
320 332 330 356 ν
361 309 402 365 De
425 306 535 380 quibus,
556 305 602 361 hic
616 306 695 363 valde
719 306 851 375 contusis,
873 309 941 367 alibi
957 313 980 373 Α
996 310 1107 366 ilenrici
1124 310 1296 382 imperatoris
1311 311 1404 382 primi.
1421 336 1430 359 ·
1458 313 1518 368 lain
1537 311 1661 369 diximus
1674 313 1728 370 coli
1749 331 1790 371 vn

129 383 246 441 clarius.
272 405 280 427 ι
296 381 358 451 ipso
373 377 430 445 die,
445 377 579 449 depositio
595 379 681 434 sancti
694 379 851 436 llomnaldi.
867 406 876 429 ι

162 456 266 511 Eniric
283 449 487 507 Lunsc0.·Coi..
501 449 540 505 sic
553 448 678 505 orditur:
703 475 711 497 ‹
726 452 755 506 ln
771 450 934 517 Hervordia,

122 529 227 585 testum
244 522 364 582 visionis
378 521 505 604 gloriosa
520 520 639 591 Virginis
649 522 741 579 Mariae
750 523 846 578 matris
857 524 928 580 [ici.·

123 601 195 656 Tum
212 596 248 652 de
272 594 409 651 Gerrasio
424 600 451 649 et
474 593 597 649 Protasio
613 592 679 650 satis
695 609 772 668 pure,
794 594 847 651 nisi
864 595 936 666 equod

123 672 153 727 iii
173 669 229 725 tine
245 666 279 723 ad
294 665 444 736 interempti
459 663 585 732 addatur,
610 689 618 709 ι
640 674 666 722 et
682 665 793 736 sepulti,
808 666 873 721 licet
888 666 937 738 ja-

125 747 245 799 cueruut
261 739 318 793 iere
341 735 474 793 trecentis
488 735 601 792 anuis·
623 739 663 793 De
680 735 805 793 Ursicino
824 736 937 795 additur

123 814 270 886 sepultura
293 825 343 881 per
359 807 490 877 Vitalem,
516 813 655 888 utsupra.
674 809 827 881 Sequitur:
852 835 861 855 ·
881 809 936 866 Ce-

124 882 268 944 nomanis.
286 879 374 937 sancti
392 877 546 934 iunocentii
570 880 691 953 episcopi
714 887 741 937 et
760 879 934 936 confessoris.

125 959 157 1014 ln
175 954 280 1022 Sentio,
297 960 400 1009 sanctu
412 951 570 1023 Margaretae
583 951 693 1024 regins.
708 976 716 997 ·
741 951 805 1009 Vita
819 951 881 1007 dala
896 960 936 1008 est

127 1026 250 1085 xlunii.

162 1099 262 1155 Betis.
277 1095 369 1150 textui
384 1110 454 1168 puro
469 1093 499 1150 iii
515 1093 570 1149 sine
584 1091 715 1163 subiicit:
738 1095 829 1153 ‹lteiu
845 1093 935 1150 sancti

127 1168 276 1228 llumnaldi
289 1165 486 1224 contessoris.»
509 1166 548 1221 lte
563 1181 618 1291 quo
633 1181 724 1236 snpra.

161 1242 291 1297 Gasinx:
316 1265 325 1285 ι
340 1239 369 1293 ιιι
388 1236 552 1300 llervordia,
578 1244 666 1292 estuni
682 1235 800 1290 visionis
811 1236 936 1302 gloriose

127 1329 239 1383 semper
250 1311 369 1382 virginis
379 1308 430 1371 Dei
444 1308 585 1378 genitricis
599 1308 700 1363 Mariae.
718 1307 852 1362 llonilacii
868 1324 935 1362 mar-

127 1385 208 1455 tyris,
218 1379 610 1462 discipulisanclillomualdi.
619 1379 682 1446 Qui,
694 1379 806 1435 obtenta
815 1379 935 1444 licentia,

126 1456 258 1513 llussiam
279 1469 338 1510 sive
348 1451 536 1518 Sclavoniam‚
549 1450 619 1504 miro
633 1449 752 1515 feriore,
763 1459 789 1504 et
808 1448 935 1512 niarlvrii

127 1527 283 1592 desiderio,
301 1523 405 1581 Christi
426 1521 607 1593 Eiangelinin
623 1521 838 1577 annuntiaturus
856 1510 935 1577 adiit.

129 1599 264 1670 Cumque
292 1594 425 1668 plurimos
450 1594 640 1660 convertisset,
670 1593 757 1664 capite
784 1601 935 1659 truncatus,

131 1667 269 1740 martyrii
285 1666 397 1741 gloriam
412 1665 591 1742 adeptusest.
608 1666 674 1722 llein
686 1672 842 1720 sanctorum
858 1664 937 1717 loan-

131 1741 179 1796 nis
187 1747 216 1796 et
229 1738 385 1805 Benedicti,
398 1736 446 1809 qni
457 1746 484 1792 et
493 1736 545 1807 ipsi
556 1753 570 1790 a
581 1735 695 1799 Sciatis,
708 1734 935 1806 evangelizantes,

128 1811 272 1903 martyrio
296 1808 422 1866 coronari
450 1815 620 1863 mernerunt.
647 1833 656 1852 »
688 1807 877 1863 Remittentur
903 1805 937 1861 ad

130 1901 169 1939 xii
186 1880 368 1940 hovemhris.
385 1881 470 1955 «Ipso
484 1879 540 1947 die,
551 1878 637 1935 sancti
653 1877 807 1934 iunocentii
817 1875 938 1963 episcopi

130 1954 353 2012 Cenomanensis
377 1960 404 2008 et
424 1951 600 2016 confessoris,
621 1950 736 2007 Dendati
759 1948 879 2021 episcopi
892 1948 937 2003 si-

130 2025 291 2082 rerniensis
306 2031 333 2081 et
347 2023 523 2090 confessoris,
540 2021 708 2148 llildepermi
724 2019 842 2093 episcopi
857 2018 940 2100 primi

131 2095 374 2153 llalrerstadensis
388 2102 415 2150 et
431 2094 605 2161 confessoris,
635 2093 715 2148 ratris
729 2091 815 2147 sancti
828 2091 939 2157 hulgeri

131 2168 361 2226 monasteriensis
375 2167 508 2239 episcopi,
533 2164 678 2222 Romualdi
699 2162 806 2220 abbatis
825 2170 852 2219 et
867 2178 939 2217 cou-

133 2241 256 2307 lessoris,
279 2238 396 2296 Ordinis
418 2236 637 2294 Camaldulensis
655 2234 826 2293 inclinaturis
842 2233 937 2359 Ennii.

133 2312 222 2385 liujus
234 2312 324 2366 vitain
335 2309 489 2366 virtutibus
502 2318 528 2365 et
541 2308 682 2364 miraculis
697 2307 830 2377 inclytam
863 2312 939 2359 etrus

136 2383 263 2440 Damiani
279 2381 427 2454 episcopus
449 2387 477 2436 et
491 2380 645 2437 Cardinalis
664 2379 781 2452 eleganti
796 2376 869 2448 stylo
886 2375 939 2430 de-

135 2454 241 2512 scribit.
263 2454 342 2512 Obiit
366 2461 458 2509 autern
483 2469 557 2511 anno
571 2451 636 2508 vitae
652 2468 708 2508 snee
729 2466 795 2517 cxx,
818 2457 939 2519 tempore

858 2563 1066 2576 ---—

138 2622 187 2679 xil
204 2623 273 2679 Kal.

995 381 1146 437 Februarii.
1173 382 1352 438 ‹Translatio
1373 389 1473 439 sanctae
1497 382 1663 452 Martiarum,
1688 385 1788 454 reginae

990 454 1098 514 Sentias,
1115 453 1309 509 sororissancti
1323 454 1450 510 Eilwardi
1465 454 1534 521 regis
1549 454 1665 527 Angliae.
1682 482 1691 502 »
1710 456 1788 511 Dixi·

990 541 1052 605 inus
1066 526 1147 605 eliani
1167 526 1226 606 ,coli
1251 543 1269 580 x
1284 526 1370 592 lunii,
1386 526 1434 581 ubi
1446 542 1538 582 veram
1557 534 1658 584 sanctae
1678 529 1788 599 genealo

991 613 1062 667 grani
1078 613 1213 653 invenies.

1026 669 1134 723 Morari.
1149 686 1154 723 ε
1180 670 1259 724 diem
1274 671 1359 725 sancti
1374 669 1519 727 liniiinaldi
1533 669 1709 726 contessoris.
1720 671 1788 726 item

991 748 1090 794 sanctae
1111 741 1240 806 Alenae,»
1260 749 1312 796 etc.
1330 751 1359 796 ιιι
1374 759 1456 812 supra
1471 742 1499 796 in
1517 742 1719 798 Bnuxeiiussi.
1736 742 1789 798 Sed

991 809 1036 867 hic
1051 810 1172 878 additui,
1189 812 1343 869 minorihus
1352 813 1427 885 typis
1441 832 1446 868 :
1471 839 1479 861 ι
1494 813 1579 884 Cujus
1593 814 1791 872 elevatiolacta

990 889 1031 937 est
1044 898 1117 937 anno
1132 900 1248 939 unicui.
1263 885 1407 940 Doniinica
1421 892 1483 941 ante
1492 886 1665 942 nativitatem
1676 886 1789 943 loannis

991 952 1129 1024 baptiste,
1143 954 1378 1026 perGodscalcum
1391 956 1515 1012 abbatem
1527 957 1760 1027 Adligemensem.
1773 983 1782 1006 ι

991 1025 1029 1078 Ile
1044 1025 1185 1082 Boiiilacio
1199 1033 1225 1082 et
1240 1027 1320 1082 llilde
1340 1045 1426 1095 serinii,
1439 1038 1471 1085 nt
1483 1028 1608 1084 linares.
1621 1029 1691 1084 Turn
1704 1046 1709 1083 :
1721 1029 1789 1084 ‹lio-

991 1094 1051 1149 deiii
1066 1097 1120 1176 die.
1133 1097 1204 1167 apud
1222 1047 1549 1167 urheriii'esuntiensein,
1561 1101 1790 1156 commemoratio

990 1175 1077 1222 sancti
1100 1169 1229 1247 Stephani
1252 1170 1480 1242 Protornartyris.
1509 1171 1577 1227 Crini
1603 1172 1675 1227 eiiini
1700 1171 1789 1229 sancti

991 1237 1122 1318 Stephani
1141 1240 1296 1305 brachium,
1312 1259 1379 1297 auro
1395 1253 1421 1298 et
1432 1243 1547 1312 gemmis
1582 1252 1757 1313 reparatum,
1773 1259 1789 1299 a

991 1309 1338 1370 lurrbusessetsublatum.
1356 1261 1789 1370 maxianusoiieiiaturtuniultus

991 1382 1086 1450 populi
1112 1383 1287 1438 lamentantis
1311 1392 1337 1438 et
1360 1385 1495 1440 dicentis:
1524 1385 1596 1440 nihil
1616 1387 1669 1440 sihi
1688 1396 1789 1440 restare

992 1459 1090 1532 praeter
1101 1462 1228 1519 niestein,
1242 1471 1304 1509 cnm
1320 1454 1406 1510 vilain
1418 1473 1494 1510 suam
1511 1455 1539 1509 in
1551 1457 1665 1512 brachio
1680 1455 1789 1528 patroni

991 1539 1034 1577 sui
1049 1524 1180 1593 Stephani
1195 1525 1385 1595 perdidissent.
1403 1529 1489 1592 linem
1506 1528 1654 1581 tumultuin
1667 1528 1790 1598 piscato-

991 1609 1033 1648 res
1047 1594 1199 1659 audieiites,
1216 1599 1405 1652 monstrabant
1422 1599 1522 1668 populo
1540 1598 1627 1653 locum
1647 1599 1676 1655 iii
1692 1597 1788 1661 fluvio,

949 1665 1038 1732 Rubi
1058 1666 1162 1720 nuduni
1187 1667 1329 1722 brachium
1355 1677 1490 1736 sanctum,
1511 1686 1574 1724 cuni
1599 1669 1703 1724 lumine
1718 1669 1791 1724 inter

991 1753 1074 1808 aquas
1090 1738 1116 1790 in
1132 1739 1205 1791 sicco
1220 1739 1350 1808 positum,
1367 1756 1462 1795 omues
1485 1741 1567 1795 siinnl
1590 1740 1724 1807 videntes,
1741 1741 1790 1796 in·

992 1807 1144 1861 dubitatum
1159 1808 1241 1863 lidem
1252 1809 1310 1880 ejus
1322 1811 1447 1866 miraculi
1460 1810 1574 1882 posteris
1585 1812 1782 1884 reliquerunt·

991 1880 1030 1932 lte
1043 1879 1088 1934 liis
1102 1887 1128 1934 et
1142 1880 1205 1935 aliis
1218 1880 1252 1935 ad
1267 1890 1392 1937 sanctum
1407 1882 1576 1954 Stephanum
1592 1883 1790 1953 spectantibus,

992 1957 1087 2019 agetur
1100 1967 1167 2005 xxvi
1180 1952 1345 2008 Decembris
1360 1955 1422 2009 llaec
1435 1954 1462 2008 in
1478 1954 1566 2024 prima
1576 1953 1707 2009 editione.
1722 1954 1791 2009 Alia

992 2021 1025 2075 de
1042 2022 1204 2088 llnniualdo,
1221 2034 1251 2077 ul
1267 2024 1294 2078 in
1311 2025 1407 2094 prinis.
1432 2025 1500 2080 Tuni
1518 2043 1523 2080 :
1547 2049 1557 2069 ι
1574 2025 1702 2090 Bisoiitii,
1718 2041 1791 2080 corne

993 2094 1154 2147 memoratio
1176 2096 1263 2150 sancti
1289 2097 1461 2167 Stephani.»
1490 2098 1605 2162 Cretera,
1637 2096 1792 2152 minorihus

994 2163 1077 2234 typis,
1089 2172 1119 2218 ut
1127 2164 1183 2235 jani
1200 2166 1404 2236 descripsimus.
1418 2170 1448 2224 lii
1459 2168 1530 2223 line:
1555 2193 1564 2215 ι
1580 2168 1609 2222 ln
1622 2168 1688 2222 urhe
1703 2167 1791 2224 Cone·

993 2235 1131 2304 nensiniii,
1152 2238 1238 2293 sancti
1253 2240 1355 2293 Sozimi
1372 2241 1510 2310 martyris.
1530 2264 1538 2286 ι
1561 2239 1604 2293 Ex
1619 2240 1701 2294 solitu
1717 2239 1793 2293 iente

994 2307 1088 2362 Graeco
1099 2317 1226 2379 acceptus
1240 2317 1290 2364 est.
1308 2310 1378 2367 l'ide
1396 2313 1464 2368 Acta
1480 2310 1549 2380 ejus,
1565 2310 1599 2365 ab
1618 2308 1794 2367 lleiischeniu

993 2387 1118 2435 accurate
1133 2380 1279 2436 illustrata.

1682 2621 1732 2677 Die
1746 2620 1792 2678 ²0.

176 2710 285 2776 Roma,
299 2707 436 2781 depositio
450 2707 537 2763 sancti
552 2707 651 2763 Novati
665 2706 758 2762 fratris
779 2706 918 2764 Timothei
933 2710 1096 2783 presbyteri,
1112 2709 1159 2783 qni
1175 2709 1209 2766 ab
1224 2709 1356 2781 apostolis
1367 2708 1396 2764 in
1411 2708 1465 2765 lide
1480 2708 1582 2765 eruditi
1595 2715 1669 2765 sunt.
1687 2707 1795 2768 Horum

139 2815 246 2855 sorores
259 2800 372 2856 luerunt
387 2799 468 2856 beata
482 2797 648 2855 Potentiana
665 2806 691 2855 et
706 2798 843 2857 Praxedes
864 2817 947 2861 sacra
963 2802 1085 2874 virgines
1104 2799 1220 2858 Christi.
1240 2799 1358 2858 Ciuitate
1374 2801 1488 2858 Themis
1501 2807 1659 2857 sanctorum
1674 2798 1750 2854 Pauli
1767 2807 1796 2856 el

140 2892 247 2953 Ciriaci.

911 3006 1029 3064 NOTAE.

171 3107 281 3165 Texlus
295 3113 338 3165 cst
352 3105 382 3162 iii
396 3105 515 3173 Protea„
531 3104 680 3172 Hermian,
700 3108 857 3174 Torrentem,
875 3103 1136 3176 eiiituerpatllujore,
1151 3105 1297 3171 elatraret„
1312 3106 1422 3160 Gieeeu.
1440 3105 1578 3161 etrllolen.

765 3232 969 3291 initiantes
989 3219 1185 3289 Lectiones

173 3335 203 3391 ln
224 3331 404 3406 paucissimis
426 3331 558 3389 diuorum
581 3331 695 3389 Codices
710 3332 808 3387 nostri.
825 3332 946 3387 Potentia
960 3334 981 3390 l}
999 3332 1051 3396 vnis,
1068 3346 1117 3401 pro
1129 3328 1282 3395 Tliomis,ut
1295 3327 1593 3398 scribiintreliqnl,qiii
1604 3326 1685 3381 etiarn
1700 3340 1796 3380 omnes

146 3406 169 3459 iu
182 3402 401 3476 antuerp-hlei.
416 3403 545 3460 mendum
561 3411 613 3468 est,
625 3404 666 3459 uti
680 3413 707 3459 et
717 3404 905 3459 Pindencinnn
917 3403 945 3457 iii
999 3401 1177 3456 consentiunt
1190 3400 1219 3453 in
1236 3400 1353 3469 cipriani,
1374 3399 1496 3467 exceptis
1517 3397 1637 3453 Pratensi
1654 3404 1680 3452 et
1694 3397 1796 3452 llluue-

145 3477 291 3533 llunerato.
309 3475 446 3533 Caelerum
462 3476 625 3531 Potentiorem
643 3492 743 3530 nomen
761 3474 943 3540 servavimus,

145 3558 221 3605 utest
243 3548 332 3603 eliani
354 3564 405 3603 xiii
424 3545 501 3613 hlaii,
545 3563 580 3601 uo
595 3546 640 3603 dre
661 3548 779 3602 natalem
798 3545 858 3615 ejus
880 3561 944 3600 curn

145 3618 263 3676 Usuardc
272 3618 454 3675 recoluimus.
471 3618 503 3674 ln
538 3617 670 3674 eriniensi
685 3619 757 3673 inale
774 3617 944 3690 legiturliio·

999 3481 1068 3539 rato,
1092 3473 1121 3525 in
1144 3469 1245 3551 quibus
1269 3472 1368 3525 melius
1389 3470 1518 3540 Cyrinei:
1543 3469 1589 3525 sed
1604 3485 1654 3524 nos
1668 3467 1796 3524 codicum
1848 3533 1852 3541 ¹

999 3550 1147 3599 torrentem
1163 3558 1314 3613 sequimur.

820 3739 1121 3799 cessaverimus.

176 3844 217 3898 lie
231 3843 334 3897 Noeolo
343 3842 425 3898 silent
440 3841 636 3914 Martyrologia
644 3843 808 3915 Hieronymi
820 3853 846 3900 et
861 3843 941 3898 Bevlre

144 3931 204 3970 cum
218 3913 288 3968 suis.
307 3916 405 3969 Auctor
419 3915 536 3970 Romani
551 3915 698 3986 patricius
714 3915 872 3970 niemoviam
889 3914 940 3985 pri-

144 4002 201 4041 mus
215 3984 355 4052 vindicat,
379 3985 430 4040 boc
455 3986 537 4041 modo
552 3986 695 4041 scribens:
720 3988 818 4053 donin,
844 3985 943 4040 ilion-oti

144 4056 238 4124 framis
265 4056 393 4112 Timothei
433 4057 559 4127 esbpteri,
580 4057 626 4127 qni
647 4058 679 4111 oli
702 4060 829 4128 apostolis
844 4056 942 4111 eruditi

145 4136 207 4182 ruat.
224 4126 379 4200 lpsissimis
393 4130 402 4183 i
416 4129 451 4184 lis
465 4128 557 4185 verbis
566 4146 646 4184 suum
662 4129 722 4184 Ado
736 4129 942 4185 exorditureio

160 4199 222 4266 um,
240 4199 317 4273 qnod
333 4215 365 4254 ea
389 4199 475 4255 ferme
500 4200 594 4255 omnia
617 4201 887 4272 complectiturque
907 4215 942 4253 ex

190 4271 258 4326 toris
271 4271 306 4326 ad
318 4270 497 4327 Timotheum
512 4271 628 4343 epistola
643 4273 671 4326 iii
687 4273 764 4327 Actis
778 4272 940 4328 recitantur.

112 4396 116 4409 ,
149 4341 180 4395 ht
195 4341 276 4398 iuliis
290 4342 498 4423 llartyrologiis
516 4360 650 4416 nusquam
667 4342 941 4398 innuiturPotenlia·

150 4415 281 4479 samael.
296 4414 386 4469 utalii
398 4414 533 4481 scribunt,
543 4414 742 4470 Puderitianam
754 4424 780 4470 et
791 4413 940 4469 Praxedem

88 4542 90 4551 ,
151 4481 261 4539 duorum
275 4485 389 4540 illorum
405 4484 520 4540 iratnim
536 4486 634 4541 Novati
647 4495 673 4541 et
687 4485 824 4540 Timothei
835 4500 942 4539 sorores

88 4598 91 4607 .
153 4553 226 4611 luisse
240 4573 248 4623 ;
263 4556 340 4628 quod
359 4557 458 4612 Noster
474 4557 590 4628 primum
611 4558 737 4617 asseruit.
755 4573 809 4611 non
825 4557 878 4611 alia
894 4572 942 4609 ra-

154 4624 214 4682 tione
227 4627 407 4689 salvandum,
428 4644 509 4700 quain
525 4644 579 4701 qua
594 4629 688 4683 Pastor
712 4629 745 4684 de
770 4629 876 4683 Nervato
892 4627 940 4692 ait,

998 3848 1072 3908 runt,
1095 3840 1236 3913 supposita
1254 3837 1416 3894 omnimoda
1432 3836 1521 3892 citatae
1540 3835 1596 3906 jani
1614 3835 1713 3907 saepius
1729 3835 1796 3890 alibi

995 3913 1118 3992 epistolae
1136 3911 1261 3977 veritate,
1287 3926 1369 4003 quain
1394 3907 1606 3963 aTillemontio
1628 3906 1795 3978 impugnari,

997 3983 1180 4040 diiiimnsxix
1191 3982 1264 4039 Maii.
1282 3984 1320 4037 he
1334 3980 1400 4054 qnid
1418 3990 1507 4035 autern
1526 3979 1570 4033 hic
1585 3987 1685 4033 temere
1697 3993 1797 4032 assera·

1000 4063 1055 4122 tur,
1076 4071 1132 4109 rein
1154 4063 1236 4110 totam
1259 4054 1339 4109 novis
1358 4053 1432 4108 curis
1447 4050 1657 4106 examinandam
1674 4048 1798 4104 remitti-

997 4142 1058 4181 nins
1069 4126 1103 4181 ad
1117 4143 1165 4181 xxi
1177 4126 1254 4195 lulii,
1271 4141 1325 4197 quo
1339 4124 1383 4179 die
1397 4125 1424 4178 in
1440 4124 1517 4179 Actis
1528 4122 1561 4178 de
1572 4121 1694 4177 Praxede
1704 4121 1799 4194 dispu-

996 4197 1110 4252 tandum
1127 4199 1189 4252 erit.

1033 4269 1170 4323 Toniitani
1195 4269 1250 4323 duo
1274 4268 1376 4322 Paulus
1399 4274 1426 4320 et
1448 4265 1585 4336 Cyriacus,
1602 4266 1630 4319 iri
1655 4263 1798 4321 nonnullis

998 4339 1113 4394 Usnardi
1139 4339 1299 4406 Codicibns,
1316 4339 1470 4410 prmgrcssis
1493 4336 1591 4390 diebus
1610 4333 1737 4398 indicati,
1762 4348 1797 4387 ox

996 4410 1057 4482 eius
1073 4418 1163 4466 mente
1178 4410 1229 4466 liac
1243 4410 1287 4464 die
1303 4408 1456 4464 collocandi
1473 4415 1548 4471 sunt,
1563 4406 1597 4460 ab
1614 4407 1671 4476 ipso
1687 4420 1717 4458 ex
1734 4402 1797 4457 iiie·

997 4482 1169 4552 ronyniianis
1183 4480 1297 4552 accepti,
1320 4478 1465 4550 praeteritis
1488 4477 1580 4543 sociis,
1593 4477 1686 4548 quales
1697 4472 1796 4527 Nolke·

997 4570 1044 4607 rus
1056 4560 1208 4608 enumerat
1225 4551 1301 4604 iente
1315 4566 1365 4605 sun
1378 4550 1490 4618 paulurn
1505 4546 1625 4601 uberior.
1644 4546 1727 4599 Porro
1737 4559 1797 4614 quei

997 4625 1029 4678 ad
1045 4624 1204 4677 hodiernam
1223 4622 1336 4676 classem
1353 4625 1488 4690 spectant,
1504 4617 1607 4671 ridein
1623 4615 1699 4672 Actis
1714 4630 1796 4686 expo·

156 4697 236 4763 nien
247 4698 438 4768 fraternoster
453 4700 481 4753 in
494 4701 612 4767 immisi-o,
630 4699 860 4826 qpeinadmoduni
877 4697 942 4753 alibi
957 4698 981 4756 D
995 4696 1057 4760 sila,
1080 4710 1164 4765 eaqne
1185 4693 1280 4749 cciiler
1300 4709 1361 4746 cnm
1387 4690 1439 4745 alia
1462 4706 1516 4744 nen
1542 4689 1659 4744 niultuni
1675 4686 1796 4743 absimili

157 4765 275 4837 diximus,
291 4770 475 4826 Petronillam
496 4771 612 4843 apostoli
656 4773 707 4826 etri
724 4770 808 4826 liliam
829 4786 942 4825 nuncu-

159 4841 212 4905 pari,
225 4857 327 4913 nempe
352 4842 441 4914 prima
467 4841 514 4897 illa
528 4843 759 4910 Christianorum,
781 4859 835 4897 non
851 4842 942 4898 carnis

160 4919 198 4984 eut
206 4912 357 4983 sauguinis,
365 4912 413 4969 sed
428 4913 559 4969 nobiliori
568 4914 633 4969 lidei
647 4915 790 4970 allinitute.
803 4915 847 4969 Sic
858 4914 942 4985 igitur

161 4982 321 5056 intelligenda
336 4993 403 5040 sunt
411 5001 477 5111 quae
491 4985 631 5041 Usuardns
644 5002 726 5056 supra
739 4985 866 5040 ductores
879 5001 943 5040 suos

161 5054 399 5112 llleleteiilohoc
433 5055 457 5111 ie
479 5073 513 5112 eii
563 5058 623 5113 ssit.
646 5058 698 5124 Qui
715 5073 791 5124 vero,
807 5065 834 5112 et
849 5064 941 5110 ntruin

160 5135 211 5201 ⁵²90
223 5142 316 5196 unsri,
332 5126 390 5183 dici
405 5129 502 5199 possit,
537 5137 648 5185 ovatum
664 5135 691 5183 et
705 5127 881 5183 Timotheum
896 5127 944 5181 di-

160 5199 262 5266 mistos
281 5199 471 5271 apostolorum
485 5199 580 5268 luisse,
596 5200 705 5256 docebit
719 5199 747 5253 iu
764 5199 839 5254 Actis
854 5199 944 5269 Pape-

159 5260 284 5342 hrccbius,
294 5271 325 5325 iu
341 5269 531 5345 benigniorem
542 5280 645 5343 partem
660 5271 740 5325 facile
751 5269 942 5335 inflectendus,

160 5349 176 5386 ιι
186 5342 297 5409 apostoli
318 5349 347 5396 et
362 5341 491 5413 discipuli
507 5343 655 5415 appellatio
675 5358 730 5396 non
747 5342 831 5396 nimis
853 5340 945 5411 regido

160 5410 306 5483 loeipiatur.
323 5413 361 5471 Et
376 5413 434 5470 hec
448 5413 560 5485 quidem
575 5414 615 5469 sic
627 5414 707 5469 facile
721 5413 849 5484 componi
863 5421 944 5483 pote-

996 4775 1097 4831 tnrma,
1114 4782 1185 4820 xviii
1199 4764 1273 4819 lunii
1292 4763 1434 4830 recensita,
1452 4770 1533 4835 atque
1549 4762 1576 4816 in
1594 4759 1731 4817 Auctnrris
1742 4775 1798 4813 no-

996 4838 1061 4892 stris
1076 4839 1162 4892 lerme
1186 4838 1280 4904 relata,
1305 4835 1456 4908 praesertim
1483 4835 1510 4888 in
1532 4833 1681 4890 Codicibus
1696 4831 1797 4885 Pulsa-

997 4910 1074 4964 neusi
1090 4918 1116 4964 et
1126 4908 1303 4975 Florentinis,
1315 4908 1362 4980 qui
1379 4907 1532 4964 lincnieiise
1547 4905 1579 4959 ad
1595 4905 1794 4979 Hieronymum

998 4982 1110 5053 propius
1125 4996 1205 5053 quani
1230 4980 1263 5035 ad
1287 4979 1440 5034 Usuarduni
1456 4977 1590 5034 accedunt
1629 4976 1691 5055 limo
1705 4971 1797 5051 obiter

997 5052 1140 5108 dictasint
1156 5053 1183 5105 in
1203 5051 1317 5123 gratiani
1333 5068 1427 5106 eorum
1444 5049 1491 5122 qui
1507 5051 1558 5104 ista
1573 5054 1693 5126 penitius
1704 5048 1796 5097 intro-

998 5124 1101 5194 spicere
1134 5124 1282 5189 volnerint‚
1315 5124 1391 5178 salva
1415 5120 1525 5176 interim
1553 5134 1629 5172 ouini
1659 5131 1693 5170 ex
1722 5121 1797 5195 parte

999 5194 1145 5250 Usuardini
1163 5201 1264 5262 teitus,
1282 5195 1304 5249 si
1320 5211 1376 5249 nori
1387 5193 1513 5256 veritate,
1530 5191 1625 5244 salteiii
1637 5185 1796 5258 simplicita-

1000 5273 1025 5319 te
1041 5266 1227 5336 integerrima,
1245 5282 1326 5338 quam
1351 5265 1431 5319 unice
1447 5262 1527 5317 nohis
1541 5257 1716 5332 qiraerendani
1735 5273 1797 5329 pro-

1000 5354 1151 5408 posuimus.
1588 5361 1591 5366 -

858 5536 1049 5593 AUClellh.

186 5634 333 5694 anwsvn.
353 5636 407 5694 hoc
431 5637 490 5695 solo
512 5654 527 5693 a
548 5636 665 5711 puritate
679 5636 782 5703 devint,
799 5635 871 5708 quod
891 5642 952 5708 post
1006 5644 1091 5704 ctnin,
1109 5637 1145 5690 ita
1161 5635 1212 5692 linc
1227 5636 1271 5690 die
1285 5632 1421 5689 celebrat:
1446 5631 1567 5689 «Natalis
1579 5629 1733 5690 beatissimi
1744 5645 1805 5689 ete·

160 5704 270 5782 cirinen,
289 5709 319 5765 in
334 5708 392 5764 line
410 5708 495 5764 addat
511 5727 517 5764 :
532 5709 858 5781 murtpruiu,etolioi·nm.

184 5778 341 5838 Tumens.
357 5780 462 5837 ιοοιιιιιι
476 5779 620 5854 proprium
628 5779 761 5853 peculiari
776 5787 840 5836 nota
853 5778 950 5837 distin·

1007 5709 1080 5764 mitae
1094 5708 1345 5774 iohannis‚saiictee
1363 5703 1537 5762 Pulsanensis
1550 5703 1674 5767 ecclesia
1682 5700 1808 5773 elilim
1817 5746 1870 5773 a„

1006 5779 1058 5846 Qui
1069 5779 1151 5835 vivus
1166 5778 1194 5834 iu
1210 5779 1323 5847 seculo,
1339 5793 1367 5836 se
1380 5776 1630 5836 totisvirihusmor
