3834 6136
52 227 101 290 ddi

587 225 905 294 MARTYROLOGIUM.
927 270 961 281 -
984 228 1088 295 MENS.
1110 234 1193 297 AUG.

1657 235 1709 304 362

54 359 157 418 inodo:
189 380 200 405 ι
222 355 329 413 Eodem
349 354 404 424 dis,
422 355 493 413 Foro
516 356 602 427 stttae,
626 359 713 416 sancti
734 361 857 419 Cassiani
871 364 897 424 A
911 370 1002 419 tanict
1015 363 1701 449 historiamsanctiZenobiiepisccpi'lilorentini.i

54 429 197 504 martyris.
214 427 269 495 Qui
283 444 348 483 cuin
359 426 472 484 adorare
484 428 567 500 ydola
581 431 725 500 noluisset,
741 432 857 490 interro·

54 513 133 578 gatus
149 507 366 574 spcrsecutoie,
389 499 463 572 quod
470 516 561 628 penus
576 503 643 558 artis
670 500 792 573 haberet,
810 522 857 561 re-

54 573 166 649 spondit
180 571 255 646 qnod
266 587 367 644 pucros
377 578 456 628 notas
489 582 588 631 oceret.
602 575 710 630 Etmox
724 576 858 648 spoliatus

55 646 189 713 vestibus,
205 661 238 701 ac
254 642 384 699 manibus
394 653 454 714 post
473 651 580 716 tergum
595 647 738 712 revinctis,
753 647 857 704 statui-

53 719 150 775 turin
173 716 279 784 medio,
304 715 465 788 vocatisque
482 717 584 788 pueris,
611 718 712 790 quibus
732 718 857 776 docendo

54 806 153 848 exosus
168 789 260 845 factus
276 795 345 854 crat,
360 786 424 843 data
437 797 478 844 est
492 787 607 846 facultas
617 806 679 845 euni
691 791 854 861 perimendi.

53 865 86 919 At
99 863 143 917 illi
181 869 296 917 uantum
308 858 456 915 doluerant
466 859 614 928 discentes,
626 868 734 916 tantum
745 879 773 917 sc
789 862 857 918 ulci-

53 934 88 991 sci
103 877 269 1007 gaudentes,
285 931 334 987 alii
349 946 414 986 cum
424 931 527 987 tabulis
541 932 624 988 buxis
640 932 786 996 feriebant.
808 934 856 989 alii

54 1005 160 1063 subulis
174 1012 203 1060 et
212 1003 297 1076 stylis
307 1002 499 1058 vulnerabant.
517 1003 639 1072 Quorum
655 1011 759 1077 quanto
773 1005 857 1061 iiilir-

54 1078 194 1133 miorerat
208 1091 318 1141 manus,
334 1081 413 1130 tanto
428 1075 581 1146 graviorem
599 1077 726 1147 martyrii
737 1093 855 1148 poenam,

55 1148 138 1206 dilata
161 1155 253 1204 morte
275 1145 422 1203 faciebant.
446 1145 575 1214 Pictavis‚
606 1147 741 1220 depositio
756 1156 857 1204 sancta

54 1219 229 1292 Radegundis
244 1216 356 1290 reginae,
368 1233 450 1289 quam
462 1217 489 1272 in
501 1218 653 1290 Thuringia
675 1227 782 1291 captam
807 1220 856 1275 Lo-

55 1291 162 1348 tharius
177 1293 348 1348 Francorum
364 1288 474 1369 rexsibi
486 1288 629 1361 conjugem
645 1291 779 1356 sociavit;
796 1308 857 1363 quas
884 1336 887 1341 .

54 1371 113 1437 post
130 1370 241 1419 mutata
254 1370 339 1427 veste,
357 1360 508 1417 virtutibus
523 1373 550 1417 et
565 1361 707 1418 miraculis
728 1363 780 1418 late
795 1365 857 1418 cla-

55 1435 121 1491 ruit.
137 1436 208 1491 ltem
223 1432 312 1490 sancti
328 1431 464 1489 Wicberti
479 1432 596 1488 abbatis.
617 1458 625 1480 ι

88 1506 273 1562 Hacsuovsis.
287 1520 293 1559 :
316 1527 326 1550 ι
341 1504 445 1571 Romae,
457 1505 547 1558 natale
558 1504 629 1560 beati
641 1504 856 1577 Ypolitimarty·

56 1577 95 1634 ris
110 1585 140 1634 st
155 1577 292 1633 sociorum
304 1573 366 1647 ejus
379 1573 473 1630 decem
489 1582 516 1630 et
530 1583 602 1637 octo.
619 1576 652 1632 de
667 1576 773 1632 familia
797 1592 855 1633 sua.

57 1647 148 1716 Quem
166 1647 262 1704 beatus
281 1646 444 1702 Laurentius
467 1648 607 1702 convertit
625 1646 660 1702 ad
681 1646 763 1703 fidem
779 1655 856 1719 post-

911 434 997 492 Addit
1012 434 1173 492 Sinozziiu.
1190 454 1195 491 :
1219 434 1329 508 «Cujus
1347 436 1405 493 vita
1419 445 1526 494 exstitit
1542 441 1670 512 gloriosa,
1681 454 1710 502 et

911 506 950 564 sic
966 508 995 562 in
1011 523 1075 589 pace
1089 507 1205 580 quievit.
1222 531 1231 555 »

948 578 1041 634 Editio
1057 579 1245 637 busaeo-Coc.
1271 578 1301 635 iu
1331 580 1482 653 Hippolyto
1510 599 1566 638 uon
1590 585 1708 642 multum

910 648 1003 706 differt
1017 650 1051 706 ab
1067 650 1247 707 ilicniiovnu.
1271 652 1303 706 lu
1328 651 1457 709 Cassiano
1485 652 1541 709 fere
1564 671 1632 726 pura
1657 665 1708 714 est.

911 722 1000 776 Tum:
1025 723 1077 778 =ln
1103 739 1171 803 pago
1195 723 1309 780 Pictano
1333 723 1466 794 (Pittaco)
1492 727 1579 782 sancti
1606 727 1709 784 Juliaui

911 792 1027 848 abbatis.
1038 793 1168 861 pictavis,
1178 793 1314 867 depositio
1323 803 1423 852 sanctas
1434 794 1618 868 Radegundis,
1633 822 1643 847 ο
1655 807 1710 861 etc.

909 865 949 920 Dc
968 881 999 919 ea
1019 866 1085 921 satis
1100 866 1270 922 dictumest.

947 936 1055 1003 Baiis,
1071 937 1099 992 in
1118 946 1195 993 textu
1218 954 1273 993 non
1295 939 1361 994 satis
1385 938 1542 1010 castigatus,
1566 940 1661 1013 adjicit
1681 943 1710 999 in

911 1005 985 1063 line:
1009 1009 1137 1064 «Eodem
1151 1009 1207 1074 die,
1222 1009 1255 1065 de
1276 1010 1358 1066 ositio
1373 1011 1460 1067 sancti
1471 1011 1644 1082 Simpliciani
1654 1014 1711 1086 epi·

910 1079 985 1151 scopi
1001 1086 1028 1134 el
1043 1081 1238 1136 contessoris·
1256 1081 1382 1139 becunda
1391 1082 1476 1138 editio
1488 1085 1589 1141 rectius
1602 1086 1710 1155 scribit,

912 1150 1090 1221 Simplicium.
1107 1151 1177 1209 Vide
1192 1167 1220 1208 se
1241 1168 1309 1209 uene
1323 1154 1486 1209 Auctarium
1503 1155 1592 1212 Gnsv.

946 1221 1072 1278 Gusvsu.
1090 1239 1095 1276 :
1120 1223 1206 1295 «ipso
1218 1170 1276 1291 aie,
1297 1223 1452 1282 wichberti
1469 1225 1589 1299 episcopi
1605 1236 1632 1284 et
1647 1245 1710 1285 con·

911 1292 1031 1348 fessoris.
1062 1295 1217 1350 Potentiani
1247 1293 1295 1421 pun
1318 1313 1371 1350 aon
1394 1296 1521 1352 Pontiani
1533 1297 1560 1371 i]
1576 1299 1708 1371 episcopi.

910 1363 1070 1430 Mediolani,
1087 1366 1223 1436 depositio
1265 1368 1319 1421 eati
1345 1367 1517 1437 simpliciani
1540 1370 1661 1441 episcopi
1684 1380 1712 1427 et

910 1435 1084 1491 contessoris.
1101 1436 1154 1503 Qui
1169 1437 1204 1492 ob
1214 1436 1348 1493 celebrem
1364 1439 1519 1494 sanctitatis
1530 1456 1585 1495 suae
1598 1440 1709 1508 lamam,

911 1521 945 1561 ex
961 1506 1072 1562 erimita
1085 1506 1162 1563 senio
1176 1507 1312 1575 confecto,
1337 1507 1416 1564 beato
1442 1510 1588 1565 Ambrosio
1612 1528 1711 1568 sncce-

911 1575 989 1645 dens,
1000 1579 1072 1633 sicut
1087 1579 1115 1633 in
1128 1578 1183 1634 vita
1195 1579 1318 1634 solitaria
1328 1580 1447 1635 Domino
1457 1581 1614 1652 specialiter
1628 1583 1710 1638 exsti·

911 1654 981 1704 terat
994 1648 1121 1715 devotus,
1139 1651 1178 1705 ita
1200 1650 1234 1706 ad
1255 1649 1377 1721 regimen
1399 1653 1520 1708 ecclesias
1544 1662 1711 1726 assumptus,

55 1735 141 1846 paam
158 1718 229 1775 vidit
249 1717 391 1786 miracula,
411 1734 471 1790 qua
486 1717 553 1774 fecit
568 1734 615 1790 por
629 1735 691 1773 eum
708 1720 853 1774 Dominus.
871 1720 893 1780 Β
909 1721 998 1775 sancti
1018 1720 1158 1776 Ambrosii
1175 1721 1298 1777 imitatur
1321 1722 1430 1777 exstitit
1446 1732 1564 1779 strenus.
1588 1725 1617 1780 ln
1643 1741 1712 1797 pago

78 1808 105 1846 ic

82 1791 88 1801 '
115 1798 262 1863 postquam
273 1805 373 1862 corpus
383 1788 853 1861 Laurentiisepulturaetradidisset‚

54 1869 147 1920 tentus
160 1870 203 1918 est
217 1878 234 1917 a
248 1861 406 1929 Valeriano,
423 1868 450 1915 et
467 1861 552 1917 Decio
567 1869 755 1933 praesentatus,
770 1861 855 1917 nuda·

54 1943 97 1990 tus
110 1940 152 1990 est
168 1941 244 1988 veste
259 1949 309 1988 sua
322 1939 350 1988 et
363 1931 483 1988 fustibus
495 1950 591 2000 casus,
608 1942 634 1989 et
648 1949 711 1989 cuni
723 1948 779 1988 non
791 1949 855 1989 con·

54 2005 168 2062 sentiret
182 2003 338 2061 sacrificare
350 2004 451 2076 ydolis,
469 2002 539 2074 jussi
555 2011 725 2060 suntcinnes
735 2004 855 2060 delumi-

55 2075 90 2132 lia
108 2076 168 2158 ejus
181 2075 273 2149 capite
287 2076 421 2132 truncari.
437 2076 518 2132 Passa
532 2083 572 2133 est
586 2076 669 2132 etiarn
684 2075 763 2132 beata
778 2076 856 2133 Cou-

55 2147 147 2205 coidia
160 2147 260 2204 nutrix
275 2147 393 2220 Ypoliti,
408 2146 468 2218 ipso
482 2147 538 2211 die,
555 2147 665 2220 quando
680 2148 801 2204 fustibus
814 2155 855 2203 est

55 2236 121 2276 caesa
135 2218 169 2276 ad
186 2227 315 2276 mortem.
332 2219 368 2273 Et
391 2219 449 2290 ipse
468 2218 597 2291 Ypolitus
612 2218 715 2290 gratias
728 2221 785 2274 Deo
799 2220 855 2290 egit

55 2290 88 2346 de
103 2291 266 2348 lortitudiue
289 2306 432 2347 servorum
452 2307 576 2359 suorum,
600 2300 627 2347 et
641 2299 708 2346 tunc
729 2290 856 2361 Ypolitus

55 2366 160 2420 tractus
173 2370 212 2420 est
223 2378 275 2445 pei
289 2360 386 2418 cardos
396 2368 423 2417 et
433 2361 552 2419 tribulos
565 2363 599 2418 ab
609 2362 687 2443 equis
699 2361 854 2428 indomitis,

55 2432 142 2490 donec
163 2433 293 2507 spiritum
314 2433 461 2490 emitteret.
483 2458 493 2483 ι
514 2435 545 2490 ln
563 2433 692 2491 Cassiano
713 2440 740 2489 et
762 2433 856 2489 Rade-

56 2505 144 2578 gunde
158 2505 297 2563 nonnihil
311 2505 395 2561 etiam
411 2503 593 2588 interpolatus
606 2512 656 2561 est.

89 2578 293 2634 namacius:
313 2577 364 2632 ιιι]
379 2592 448 2649 pago
462 2577 627 2645 Prctaveusi‚
640 2577 728 2635 sancti
740 2576 856 2634 Viniani

56 2644 113 2778 Καὶ
116 2665 171 2776 pppis
185 2649 301 2731 iuliani,
312 2649 352 2704 sel
360 2649 450 2720 potius
460 2649 574 2705 luniani
584 2649 610 2723 i]
621 2649 728 2706 abbatis
736 2648 856 2706 coenobii

78 2737 94 2777 o
114 2737 123 2776 ι
137 2736 264 2778 sacensis·

87 2792 201 2849 Maiam
215 2789 548 2850 -Canrus-Usriiasscn:
566 2792 716 2865 ‹Hippoliti
726 2791 857 2863 martyris

57 2860 130 2946 [qui]
192 2863 385 2921 rcarduntum
400 2869 427 2917 et
443 2863 560 2919 tribulos
575 2871 689 2931 tractus,
705 2865 787 2920 emsit
801 2863 855 2933 spi·

56 2943 152 2993 ritum.
186 2933 340 3009 adegundis
352 2933 461 3005 regina,
485 2936 646 2993 Concordiae
660 2936 777 2992 nutricis
792 2934 856 3005 ilip-

56 3007 143 3080 polyti
154 3013 185 3062 et
199 3007 318 3063 aliorum
330 3022 379 3061 iiix
392 3004 426 3061 de
437 3005 496 3078 ejus
509 3006 624 3062 familia.
640 3007 762 3063 Cassiani
780 3023 857 3060 niar-

910 1790 1075 1859 Pictavensi,
1085 1792 1282 1848 sanctiluliani
1294 1790 1411 1848 abbatis'.
1424 1793 1504 1875 Apud
1513 1794 1711 1865 Mediolanum,

909 1862 1053 1918 translatio
1066 1870 1225 1919 sanctorum
1243 1871 1395 1935 martyrum
1408 1863 1534 1933 Sisinnii,
1545 1866 1615 1922 Mart
1638 1866 1672 1921 rii
1687 1876 1714 1924 et

910 1934 1073 2016 Alesaudri.
1090 1935 1156 1990 item
1168 1934 1256 1992 sancti
1272 1934 1438 2008 laudulphi.
1452 1883 1712 1993 Ermendrudvisvir·

911 2022 1024 2076 ginis.»

946 2077 1055 2133 Mcuau.
1085 2077 1148 2133 aliis
1175 2077 1275 2134 litteris
1293 2077 1327 2134 de
1352 2077 1482 2136 Cassiano
1502 2080 1592 2137 textui
1617 2080 1715 2139 inserit

910 2147 1001 2216 Bodas,
1027 2149 1071 2205 vel
1086 2149 1193 2206 Adonis
1208 2149 1309 2205 verba:
1339 2176 1347 2196 ι
1362 2150 1464 2207 Scribit
1479 2150 1532 2208 hoc
1547 2153 1714 2210 Prudentius

911 2228 999 2291 poeta.
1017 2245 1025 2268 ι
1062 2221 1092 2275 ln
1107 2220 1207 2276 ssoede
1222 2221 1388 2292 Radegunde
1410 2222 1544 2294 subjicit:
1569 2249 1578 2271 ι
1594 2226 1618 2280 A
1642 2227 1715 2281 For-

912 2298 1007 2346 tunato
1036 2292 1196 2372 presbytero
1215 2291 1361 2364 descripta.
1384 2292 1488 2348 Eodem
1506 2294 1561 2362 die,
1577 2295 1715 2368 depositio

910 2362 997 2418 saucii
1016 2362 1189 2434 simpliciani
1205 2364 1326 2490 episcopi
1339 2372 1366 2420 ct
1380 2364 1556 2421 confessoris.
1577 2367 1639 2438 Ipso
1658 2367 1713 2435 die,

910 2435 998 2489 sancti
1025 2433 1193 2505 Laudulpbi.
1235 2450 1253 2490 u
1279 2435 1426 2490 Germania
1441 2435 1595 2506 provincia,
1624 2438 1715 2494 natale

910 2505 999 2561 sancti
1014 2506 1060 2561 Wi
1080 2504 1152 2560 beiti
1162 2505 1243 2577 presb
1277 2506 1316 2561 eri
1332 2513 1359 2561 ct
1372 2507 1571 2563 contessoris.»
1588 2509 1659 2565 Dein
1672 2517 1715 2581 ty·

911 2576 953 2647 pis
968 2521 1139 2631 minoribus:
1163 2599 1172 2621 ι
1188 2578 1220 2631 ιιι
1260 2577 1345 2647 agiis,
1357 2578 1444 2633 sancti
1457 2577 1585 2648 iligbaldi
1600 2579 1715 2634 confes-

911 2649 992 2714 soris,
1004 2647 1032 2702 in
1050 2646 1169 2703 Lindissi
1183 2646 1300 2704 abbatis.
1317 2650 1356 2703 De
1367 2665 1422 2719 quo
1436 2648 1511 2703 Beda
1521 2650 1550 2702 in
1566 2649 1650 2719 gestis
1660 2651 1716 2704 An·

911 2720 1018 2790 giorum
1036 2719 1085 2774 lib.
1102 2734 1142 2786 iv,
1157 2734 1216 2789 cap.
1229 2719 1255 2774 3.
1268 2717 1436 2785 Eodemdie‚
1454 2722 1542 2787 sancti
1559 2720 1715 2791 Hariolpbi,

912 2790 994 2862 primi
1010 2788 1117 2845 abbatis
1128 2790 1327 2861 Elwangensis.
1340 2814 1348 2836 ι
1369 2790 1515 2847 Editiones
1525 2790 1586 2845 aliae
1597 2791 1625 2845 iu
1637 2799 1717 2847 textu

912 2861 961 2916 vix
975 2861 1117 2916 differunt.
1134 2863 1164 2917 lii
1181 2861 1256 2916 line:
1282 2861 1433 2932 «Ipso‘die,
1455 2861 1542 2916 sancti
1558 2860 1716 2933 Laudnlpbi

910 2933 1033 3005 episcopi
1051 2932 1234 2988 Ebroicensis.
1249 2958 1257 2978 ·
1277 2934 1315 2987 De
1326 2932 1507 3004 Simpliciano
1518 2941 1545 2988 et
1559 2932 1715 3004 Wigberto,

913 3012 943 3059 ut
961 3020 1052 3074 supra.
1070 3003 1159 3059 Tum:
1182 3004 1258 3060 «Die
1273 3002 1379 3059 decima
1403 3004 1496 3071 tertia,
1520 3008 1608 3060 sancti
1631 3004 1718 3075 patris

56 3077 227 3150 tirisEuplii
239 3077 394 3150 martyris.»
413 3078 457 3133 Ex
467 3078 512 3134 die
525 3078 691 3150 praecedenti
703 3077 758 3135 liuc
768 3085 858 3133 trans·
876 3080 938 3140 cet
955 3075 1120 3131 confessoris
1135 3075 1259 3132 Maximi.
1278 3100 1286 3120 ·
1306 3076 1423 3131 Demum
1440 3075 1596 3130 minoribus
1617 3077 1692 3146 typis
1709 3092 1715 3129 :

56 3149 264 3278 himera.
281 3237 289 3276 ι
310 3220 492 3290 «sericiani,
507 3221 595 3278 sancti
611 3220 784 3293 simpliciani
801 3220 857 3293 epi·

59 3293 141 3366 scopi,
157 3292 290 3366 discipuli
304 3295 393 3352 sancti
406 3294 558 3351 Ambrosii.
575 3294 625 3350 Hic
640 3293 796 3366 composuit
809 3293 858 3347 vi-

921 3148 1048 3204 ·Eodem
1080 3147 1135 3213 dic,
1164 3146 1449 3218 sauctillariolphi,›
1475 3153 1540 3212 etc,
1570 3153 1601 3201 ut
1626 3146 1717 3201 estin

912 3217 1139 3362 ppeipppfieditione.
1154 3218 1224 3275 Vide
1237 3218 1348 3273 Castell.
1365 3217 1470 3289 quipro
1482 3217 1638 3289 Hariolplii,
1651 3217 1718 3288 legit

783 3425 998 3440 ..ι-ι*-

62 3498 123 3561 xlx
135 3497 204 3561 Kal.

1615 3495 1666 3561 nse
1683 3493 1717 3563 ιι

92 3593 194 3668 Vigilia
207 3589 416 3668 Assumptionis
430 3602 531 3653 sauctae
546 3588 648 3650 Maria.
664 3585 757 3649 Romae
772 3585 818 3648 via
828 3588 926 3668 Appia,
942 3587 1042 3652 natalis
1054 3590 1126 3652 beati
1139 3595 1252 3654 Eusebii
1264 3589 1417 3671 presbyteri
1432 3601 1460 3654 et
1473 3595 1651 3668 contessoris,
1664 3605 1718 3673 qui

63 3687 246 3746 aConstautio
263 3688 400 3759 Augusto,
415 3688 451 3744 ob
466 3686 615 3745 Catholicis
628 3683 712 3741 bdeid
722 3684 902 3754 elensionem,
918 3684 948 3740 in
963 3684 1082 3757 quodam
1097 3684 1227 3747 cubiculo
1242 3685 1341 3743 domus
1356 3704 1412 3744 suae
1423 3686 1558 3756 inclusus,
1575 3687 1669 3761 ibique
1686 3688 1716 3744 in

63 3777 183 3834 oratione
196 3784 356 3837 constanter
372 3793 560 3850 perseverans,
576 3774 773 3833 dormitionem
789 3775 904 3848 accepit.

825 3899 943 3958 ΝΟΜ.

96 4008 211 4069 Codices
222 4006 283 4084 puri
298 4020 364 4070 sunt
381 4011 502 4081 Protea,
515 4009 666 4080 Masiniss,
680 4008 937 4084 Artacie-Major,
952 4011 1100 4081 Munerat,
1118 4011 1229 4068 (trecea.
1246 4020 1274 4069 et
1288 4013 1393 4072 Melan.

649 4137 851 4198 VARIANTES
870 4138 1077 4199 LECTIONES.

95 4236 159 4297 Tota
185 4235 315 4296 constitit
341 4238 372 4295 in
387 4235 493 4296 duabus
509 4234 637 4296 codicum
651 4235 855 4310 discrepantiis.

65 4308 148 4367 Prima
162 4318 215 4380 est,
244 4309 319 4384 quod
342 4310 584 4384 Aiituerp.-Major
606 4318 634 4366 et
651 4310 787 4366 Munerat.
808 4326 857 4381 pro

66 4380 224 4452 Comtsutio,
252 4383 324 4438 male
345 4383 470 4439 scribunt
488 4383 671 4448 Constantino,
695 4381 768 4462 quod
788 4396 858 4507 saepe

64 4453 122 4511 alibi
136 4455 243 4512 iactum
256 4454 475 4512 observavimus.
487 4454 572 4525 Magis
586 4470 601 4509 a
616 4453 730 4526 reliquis
741 4451 815 4508 disce
837 4458 858 4506 it

910 4236 1063 4302 Gievenus,
1078 4235 1137 4306 ejus
1157 4250 1191 4289 ue
1206 4234 1235 4289 in
1250 4233 1412 4304 hujusmodi
1427 4234 1600 4294 variantibus
1619 4255 1715 4313 perpe·

911 4316 976 4364 tuus
990 4313 1109 4363 sectator
1151 4306 1259 4361 olanus.
1282 4304 1401 4377 Uterque
1420 4305 1504 4377 igitur
1518 4307 1606 4387 princi
1630 4311 1655 4364 io
1676 4312 1716 4366 ita

910 4379 1071 4435 enuntiant:
1092 4377 1188 4448 Vigiliu
1199 4376 1597 4449 AssumptionisDeiqemtri'cis
1636 4379 1713 4436 urite.

911 4452 954 4505 Ex
969 4447 1202 4522 reliquisabunde
1215 4455 1323 4503 constat
1337 4447 1434 4502 adonis
1449 4457 1476 4505 et
1487 4448 1605 4505 Usuardi
1620 4450 1712 4508 lectio.

734 4574 1036 4636 OBSERVATIONES.

94 4682 117 4735 A
131 4695 188 4752 quo
202 4677 378 4752 potissimum
392 4687 515 4752 tempore
530 4677 662 4736 celebrari
676 4677 796 4750 primum
807 4694 860 4735 coe·
874 4679 898 4737 D
913 4673 1024 4749 quidem
1039 4672 1140 4746 aliquis
1155 4680 1276 4740 notatur,
1286 4671 1333 4728 sed
1347 4668 1549 4741 iisdistinctus,
1564 4682 1621 4743 aut,
1636 4674 1659 4732 si
1673 4676 1714 4733 ita

63 4752 139 4876 ffm’
158 4752 257 4807 saltem
274 4750 301 4805 in
317 4749 425 4818 Galliis,
443 4752 538 4822 Vigilio
554 4751 750 4820 Assumptionis
765 4755 861 4804 sauctae

87 4824 166 4891 arie,
182 4838 218 4877 ex
233 4820 340 4878 Adonis
362 4832 441 4879 aetate
465 4823 579 4878 omnino
603 4822 787 4893 colligendum
808 4829 859 4890 est,

63 4894 106 4965 qni
120 4894 194 4949 inter
208 4896 409 4965 martyrotcgcs
432 4910 491 4949 eain
503 4895 609 4966 primus
622 4894 650 4949 in
664 4910 754 4951 sacros
767 4895 860 4949 Festos

63 4964 187 5020 retulisse
211 4965 343 5032 videtur;
373 4965 571 5022 vetustioribus
594 4966 734 5034 omnibus,
751 4973 782 5020 ut
796 4972 860 5021 sunt

915 4748 968 4813 vis,
984 4745 1115 4802 confusus
1141 4744 1381 4812 characteristicis,
1404 4745 1487 4801 etiam
1515 4746 1604 4803 Titulo
1619 4748 1714 4804 coadi-

916 4820 990 4885 tora's,
1007 4835 1066 4891 quae
1078 4817 1163 4873 alium
1178 4818 1327 4874 ailoiuanc
1338 4817 1389 4873 hoc
1401 4824 1496 4873 nostro
1510 4819 1711 4876 demonstrent,

915 4891 987 4947 Beda
1002 4890 1240 4946 annuntiationem
1256 4906 1332 4944 siiarn
1344 4889 1438 4961 paucis
1450 4889 1662 4955 circumscribit,
1679 4904 1713 4944 ne

915 4961 1052 5035 positione
1099 4962 1190 5017 uidem
1217 4977 1360 5033 expressa:
1384 4962 1480 5017 Nouate
1507 4958 1713 5016 saactiEnsebii
1804 4969 1805 4975 ¹

63 5034 284 5109 Hieronymiani,
310 5038 464 5095 Romanum
487 5053 615 5110 parvum,
642 5037 723 5105 Reda,
751 5038 859 5102 Florus,
912 5035 1067 5106 presbyteri.
1108 5049 1238 5089 omanum
1258 5049 1373 5103 parvum
1394 5032 1492 5088 melius
1505 5046 1563 5085 rem
1577 5030 1709 5100 explicat:

63 5106 199 5176 Rabanus,
230 5107 264 5164 de
290 5124 323 5164 ea
374 5110 434 5164 lane
461 5109 626 5191 taceqtibus.
655 5107 861 5166 Waldalbertus
916 5108 1014 5170 Roinoe,
1034 5105 1143 5159 Musedii
1155 5105 1303 5184 presbyteri
1324 5110 1348 5158 et
1368 5101 1535 5181 confessoris,
1560 5101 1610 5181 sub
1631 5101 1711 5156 Cons-

62 5178 126 5234 item
140 5179 175 5236 de
199 5181 259 5235 solo
281 5126 402 5236 Eusebio
428 5180 565 5241 meminit.
593 5189 624 5236 ut
648 5188 708 5252 post
726 5179 860 5234 dicemus.
917 5178 999 5232 tentio
1013 5175 1128 5238 Ariane,
1147 5177 1241 5238 sepulti
1256 5175 1283 5229 iit
1297 5174 1439 5229 caemeterio
1458 5172 1574 5227 Calliste.
1586 5170 1712 5252 lJluracx

63 5251 176 5307 interim
191 5250 335 5307 Usuardus
349 5268 435 5325 aeque,
451 5269 483 5309 ac
496 5251 634 5309 Notkeius
648 5251 763 5307 totidem
779 5251 861 5322 sylla·
916 5248 994 5304 Actis
1008 5245 1066 5316 ejus
1085 5245 1192 5315 colligit
1205 5246 1275 5309 Ado,
1291 5262 1351 5316 quas
1372 5242 1506 5299 nonnulla
1533 5249 1711 5312 castigatione

62 5321 214 5379 bissuaex
232 5323 329 5380 Adone
352 5323 566 5396 descripserunt.
596 5324 686 5396 Atque
702 5322 747 5376 bio
762 5322 861 5377 iterum
917 5319 1052 5390 indigent,
1087 5315 1341 5372 uemadmodumet
1361 5330 1392 5394 ea
1415 5330 1474 5386 quae
1491 5311 1711 5371 RabanusBedau

64 5395 276 5452 monitosvelim
288 5396 405 5452 Romani
416 5398 492 5466 parvi
502 5395 702 5467 suggillatores,
712 5409 793 5465 quain
805 5392 863 5449 suis
917 5333 1114 5467 superaddidit.
1131 5386 1264 5468 Videatur
1279 5386 1413 5465 Batonius
1426 5383 1460 5439 ad
1475 5398 1578 5464 annum
1594 5401 1712 5468 ccccvii,

63 5466 238 5522 abducantur
250 5466 497 5539 praejudiciisdum
509 5467 735 5538 Martyrologium
748 5464 818 5521 illud
828 5480 863 5519 eii
917 5459 1041 5527 numid,
1052 5455 1319 5539 ubideclericorum,
1333 5454 1498 5535 biucreduci
1509 5455 1622 5539 Romani
1636 5458 1712 5540 Libe·

67 5537 160 5594 Adone
176 5547 351 5594 contractum
360 5540 518 5610 importune
525 5539 706 5605 contendunt,
716 5536 764 5592 ubi
775 5544 801 5592 et
812 5535 865 5592 boc
917 5534 970 5602 rio,
981 5533 1058 5587 illinc
1068 5529 1152 5584 Felici
1165 5528 1376 5609 adbaerentium,
1391 5525 1714 5608 schismateplemusagi·

69 5610 163 5666 etaliis
173 5609 337 5667 diebustam
348 5611 436 5666 multa
444 5610 473 5665 in
481 5611 577 5667 Adone
588 5610 804 5682 reperiuntque
813 5608 864 5664 Ro·
917 5612 973 5673 tur,
985 5611 1011 5660 et
1020 5602 1047 5658 in
1056 5617 1110 5674 quo
1120 5599 1255 5655 Eusebius
1283 5605 1368 5652 artem
1379 5614 1433 5653 non
1445 5597 1579 5654 modicam
1587 5599 1715 5683 babuisse

66 5683 135 5738 mani
158 5680 240 5756 parvi
259 5682 366 5738 auctori
381 5698 521 5754 nunquam
541 5689 607 5739 nota
620 5681 705 5737 fuisse
722 5679 865 5736 manileste
919 5675 1037 5732 videtur.
1049 5675 1239 5755 ilursustomc
1280 5669 1315 5751 ll,¹
1325 5668 1458 5752 pag.8di,
1473 5669 1614 5727 adduntur
1623 5674 1716 5751 aliqua

65 5763 145 5825 patet.
161 5754 327 5810 DeEusebio
343 5753 396 5810 lioc
410 5762 504 5810 nostro
514 5755 638 5812 Romano
649 5752 720 5809 nihil
733 5753 796 5808 item
810 5766 865 5807 me·
940 5746 1100 5804 robabiliter
1122 5740 1188 5823 huic
1216 5740 1336 5823 Eusebio
1353 5741 1525 5811 ascribenda,
1543 5744 1591 5799 scd
1605 5755 1716 5814 proprio

66 5834 175 5884 inciam
188 5824 300 5884 codices
316 5825 537 5897 Hieronymiaui,
554 5825 627 5899 apud
642 5840 711 5898 quos
729 5823 866 5881 Eusebius
919 5764 1053 5879 foueam
1068 5823 1174 5875 ceteris
1185 5812 1379 5874 examinanda.
1391 5812 1534 5874 Notlisius
1546 5813 1726 5873 Adoucmse·

209 5924 332 5983 Parnoi..
353 5923 479 5984 CXXIV.
1566 5913 1609 5969 Ὦ·
