3840 6136
127 230 178 291 sei
687 185 689 188 ⁵
786 227 938 287 usurum
957 227 1119 287 sesacni
1727 218 1783 278 aaa

164 360 359 426 Nausicaan,
376 356 491 412 mutatis
503 356 644 424 Kalendis,
665 355 747 413 hodie
762 358 858 414 scribit
872 357 963 420 hocA
978 359 1069 417 cunda
1081 356 1178 431 adjicit
1195 371 1230 412 ex
1244 355 1352 423 Adone,
1375 376 1384 402 i
1400 359 1427 409 et
1441 351 1548 424 sepulta
1560 348 1696 432 alustiue
1707 362 1785 421 pres·

127 432 230 491 modo:
260 454 269 480 ι
291 447 331 486 vii
348 427 465 489 Kalend.
487 427 621 487 Novemb.
638 429 669 487 ln
693 428 813 498 Perside,
835 430 925 486 natale
980 430 1087 504 bytero,
1103 446 1167 487 cum
1175 436 1262 485 matre
1274 425 1410 497 suajmita
1418 431 1544 482 sanaim
1557 420 1778 502 illyppolitiriii.3

124 504 271 573 beatorum
293 501 481 574 apostolorum
497 498 627 573 Simonis
646 508 672 559 et
695 500 781 562 Judae.
803 501 854 560 lati
870 502 926 559 duo
981 502 1294 573 lnPharone‚puraest.
1308 496 1662 578 «lnPhrygia,eaiietoruiii
1671 491 1784 575 Therai,

129 593 145 634 a
165 572 319 634 ostolialiis
330 570 490 629 nominihus
500 573 688 629 nominantur.
700 572 928 644 Symonvoeatur
981 573 1129 646 Policarpi‚
1145 572 1216 640 Gaii,
1236 570 1353 639 liminii,
1375 569 1510 638 Ianuarii,
1525 567 1629 635 Tetrici,
1644 564 1787 625 Gonnum

153 663 272 704 ananeus
295 644 340 700 vel
362 643 469 700 zelotes
493 643 534 714 (ic
547 658 598 714 pao
613 654 680 699 recte
697 661 760 699 scae
782 644 926 716 observat),
982 652 1010 702 et
1023 643 1156 701 Florentii
1173 650 1364 716 martyrum·
1395 639 1513 697 Nomina
1526 637 1641 697 confusa
1662 637 1729 692 suut
1750 651 1787 693 ex

129 721 214 778 iudas
228 734 293 773 vero
304 716 397 773 dictus
411 722 452 770 est
467 714 585 772 Tatheus
599 713 759 790 [Thodaeus]
775 724 803 772 et
826 717 855 771 in
870 717 929 773 Ec·
983 717 1086 773 Dieron
1109 715 1208 771 misnis
1222 713 1267 771 die
1277 711 1451 786 praecedenti.
1475 709 1603 767 «Eodem
1617 706 1674 777 die,
1689 706 1787 765 nataie

130 788 316 849 clesiasticah
340 787 424 867 stoma
446 786 504 858 ipse
521 795 635 845 vocatur
651 789 764 859 -Lyheus
779 787 927 860 [lebbeus
983 789 1070 846 sancti
1088 733 1219 845 {creceii
1240 785 1386 867 martyris.
1409 783 1516 865 Dctava
1536 781 1625 865 'hmtae
1634 778 1745 839 brutii
1757 786 1788 836 et

130 805 339 932 eelLebbaeusi.
361 860 395 915 lh
410 857 594 929 duoapostoli
618 860 730 916 inerunt
750 859 848 915 iratres
865 860 928 922 (set-
984 859 1120 917 sodalium
1149 875 1207 931 ejus
1227 857 1358 914 undecim
1382 856 1502 911 millium
1525 854 1684 927 virgiuum.
1710 875 1720 901 i
1756 851 1788 908 li

132 942 181 991 hm
196 933 277 1004 eiius)
303 929 395 987 Jacobi
415 930 531 986 minoris
555 939 581 987 et
596 928 647 985 filii
671 930 771 1002 Alphei
796 939 822 987 et
837 931 930 987 Mariae
982 931 1164 989 translatione
1179 928 1335 996 Generosa,
1351 944 1429 1001 pura.

133 1007 198 1065 Cleo
218 1005 271 1060 bie.
284 1003 408 1073 Quorum
419 1001 536 1072 primus,
548 1002 576 1058 id
587 1009 629 1060 est
643 1001 795 1074 Symon,in
809 1003 931 1074 AEgypto
1003 1004 1116 1063 Datin.
1145 1002 1175 1057 in
1197 1009 1347 1057 textuuou
1369 997 1487 1057 omnino
1519 1013 1596 1066 urus,
1613 993 1788 1065 influesci-

132 1021 294 1152 praaiiicavit
315 1082 342 1130 et
357 1073 459 1130 multos
473 1072 508 1129 ad
531 1073 614 1129 fidem
636 1073 782 1141 convertit,
798 1073 931 1130 iniracula
986 1074 1065 1131 icit:
1090 1045 1233 1130 «diritate
1254 1070 1359 1139 Cuma,
1374 1069 1463 1129 sancti
1510 1068 1590 1127 idelis
1608 1065 1781 1140 martyria·

133 1148 213 1223 plura
236 1147 311 1214 iecit,
340 1144 468 1202 ecclesias
496 1145 637 1214 fundavit,
666 1152 693 1201 et
718 1145 872 1202 sacerdotes
900 1160 931 1201 ae
1013 1145 1057 1201 ide
1071 1144 1221 1218 Martyrolo
1242 1143 1298 1199 ium
1314 1145 1478 1200 Romanum.

134 1220 225 1292 episco
245 1235 275 1274 os
290 1215 517 1274 illieconstituit.
542 1217 624 1273 ludas
638 1233 705 1272 vero
724 1216 804 1274 beato
819 1217 931 1273 Thomas
1022 1216 1171 1274 enim:
1201 1161 1328 1272 ‹ilctava
1350 1221 1506 1270 sanctarum
1528 1211 1659 1269 undecim
1673 1207 1789 1266 milium

135 1236 258 1364 apostoio
275 1289 363 1345 iuerat
386 1288 546 1358 associatus,
572 1295 598 1344 et
621 1306 684 1347 euin
706 1305 738 1345 eo
766 1298 821 1345 tres
843 1304 931 1361 reges,
986 1287 1137 1361 virginum.
1163 1288 1263 1344 Beatus
1286 1286 1374 1343 Pharo
1398 1300 1445 1359 per
1465 1291 1587 1341 sancum
1603 1281 1724 1341 Pharam
1739 1296 1790 1338 so-

135 1362 184 1439 qui
195 1361 316 1419 Domino
330 1360 358 1416 iii
382 1359 526 1417 curialibus
549 1375 663 1417 munera
685 1359 853 1428 obtulerant,
869 1376 932 1417 eon·
987 1376 1079 1417 rorem
1092 1375 1172 1417 suain
1186 1358 1221 1415 ad
1231 1364 1428 1430 comtemptum
1442 1355 1533 1414 saeculi
1545 1354 1689 1421 adductus,
1701 1366 1792 1411 uxore

136 1434 230 1490 vertit.
243 1432 398 1504 Abagarum
409 1448 500 1505 regem
514 1449 530 1488 a
543 1431 618 1506 lepra
627 1431 736 1489 curavit
749 1440 776 1488 et
786 1431 933 1501 convertit,
988 1448 1038 1489 sua
1051 1431 1224 1489 Blidechildc
1241 1446 1318 1487 sacro
1340 1427 1477 1485 velamine
1491 1434 1658 1494 consecrata,
1680 1424 1743 1498 ipse
1755 1436 1790 1481 ex

136 1513 163 1563 et
178 1506 257 1586 plura
272 1503 374 1561 ibidem
398 1503 531 1561 miracula
545 1504 622 1574 iecit,
646 1513 673 1561 et
687 1503 815 1560 eeclesias
830 1501 934 1559 ibidem
988 1502 1095 1561 Gemite
1109 1501 1394 1576 palatino‚iratrisuo
1409 1499 1489 1557 beato
1503 1499 1656 1567 walberto,
1672 1496 1704 1553 iu
1723 1510 1791 1569 pou·

137 1576 294 1634 aedificavit.
310 1575 415 1635 Deinde
428 1577 457 1631 in
471 1575 668 1649 Mesopotamia
682 1585 709 1632 et
726 1575 853 1631 inPouto
867 1590 934 1647 prai-
989 1575 1097 1633 tiheatu
1120 1573 1267 1633 bleldensis
1290 1571 1411 1630 ecclesiae
1437 1570 1578 1629 suecessit.
1601 1568 1672 1629 Cum
1696 1574 1791 1651 autem

138 1648 233 1706 dicans
248 1646 434 1722 [praedicavit]
452 1657 479 1704 et
492 1654 586 1719 gentes
601 1646 663 1703 illas
676 1646 825 1704 indomitas
839 1654 866 1702 et
878 1645 934 1702 bel·
990 1656 1112 1720 tempore
1127 1645 1244 1719 quodam
1268 1651 1332 1700 ante
1346 1659 1482 1700 carcerem
1504 1643 1651 1709 transiens,
1674 1644 1792 1701 sinete-

138 1719 229 1777 luinas
257 1736 306 1775 suo
333 1717 459 1801 dogmate
484 1717 627 1775 instruxit.
653 1720 770 1775 Demunr
796 1718 879 1775 ludas
905 1709 1790 1788 inBrumclamoresaudisset:Exiteinquit,liheri,‚eot1u⁰ll

138 1792 290 1863 AEgyptum
313 1797 391 1844 renrt
406 1788 440 1845 ad
460 1788 572 1845 fratrem
589 1805 669 1844 suum
693 1788 854 1860 Symoneiii,
871 1805 934 1845 cum
1007 1789 1189 1858 mniteamini,
1204 1788 1351 1860 statimque
1367 1787 1481 1843 vincula
1493 1802 1589 1843 eorum
1607 1782 1698 1842 soiuta
1712 1787 1788 1838 sunt.

139 1879 194 1935 quo
208 1860 329 1933 perrexit
344 1861 372 1915 in
380 1861 444 1915 Pers
465 1860 539 1926 dem,
555 1860 602 1916 ubi
613 1859 682 1916 duos
697 1876 789 1930 magos
803 1868 830 1916 et
844 1861 936 1916 Aroen
988 1807 1110 1918 ianuam
1123 1878 1186 1918 euin
1211 1875 1276 1916 cxvi
1297 1859 1377 1914 annis
1399 1858 1428 1913 in
1445 1858 1532 1914 inulta
1554 1855 1703 1915 sanctitate
1716 1869 1791 1927 prai-

140 1941 168 1988 et
182 1933 296 1987 Artaxat
310 1877 524 1987 contundebant.
544 1932 655 1987 Xertein
680 1947 768 2001 regern
784 1931 935 2003 babylonis
989 1934 1073 1990 fatain
1092 1933 1236 1989 ecclesiam
1261 1931 1390 2000 rexisset,
1427 1929 1516 1986 uievit
1538 1928 1570 1985 iu
1583 1944 1660 2003 paee.
1686 1929 1718 1984 lu
1731 1926 1794 1981 Lu-

140 2020 202 2061 euin
218 2003 360 2070 sexapinta
370 2001 484 2057 milibus
493 2003 762 2073 i¹irorum,exceptis
772 2002 936 2059 mulieribus
990 2004 1078 2073 eauia,
1109 2003 1217 2072 Quinti,
1246 2002 1391 2070 Feliciani‚
1440 2000 1601 2057 ancincti.·
1630 1997 1706 2057 vide
1733 1994 1793 2053 haee

139 2082 167 2131 et
182 2074 305 2145 pari-ulis
327 2074 555 2145 baptizaverunt;
579 2074 626 2129 uhi
643 2089 691 2144 per
713 2089 816 2128 annum
839 2080 865 2128 et
880 2082 936 2128 tres
990 2076 1091 2132 melius
1116 2075 1162 2132 die
1183 2073 1319 2146 sequenti.
1352 2072 1501 2129 ‹Ferrutii
1520 2071 1662 2145 martyris.
1691 2066 1792 2127 Felicis

140 2161 247 2204 nienscs
261 2139 432 2211 manseruni,
448 2153 475 2199 et
483 2144 834 2212 ecelesiasaedisicaverunt,
847 2146 935 2216 ponti·
991 2147 1131 2217 martyris.
1156 2145 1267 2214 Nethis,
1291 2143 1427 2216 depositio
1454 2144 1540 2201 sancti
1561 2141 1706 2201 l'hereutii
1728 2137 1793 2213 epi-

140 2218 205 2274 sices
215 2226 242 2273 ct
251 2216 405 2273 sacerdotes
419 2224 572 2273 statuerunt
586 2224 615 2273 et
627 2218 745 2273 multum
760 2216 892 2289 populum
903 2215 936 2272 ab
991 2219 1066 2289 scopi
1080 2227 1107 2274 et
1125 2217 1299 2274 confessoris.
1316 2215 1437 2272 Dodonia
1451 2214 1625 2273 confessoris.
1638 2215 1711 2271 ltem
1723 2210 1794 2269 hea-

141 2305 232 2347 errore
242 2297 449 2356 converterunt,
465 2295 492 2343 et
507 2288 682 2362 postmodum
698 2289 726 2344 iii
743 2287 936 2361 Swanyrcivi·
991 2291 1014 2348 ti
1028 2289 1159 2355 chilloni,
1176 2289 1223 2361 qui
1237 2287 1271 2344 de
1285 2288 1377 2345 Scotia
1391 2303 1407 2343 a
1419 2295 1513 2346 sancto
1531 2286 1657 2345 Pharoue
1673 2285 1706 2342 in
1725 2298 1794 2356 pro·

141 2370 197 2418 tate
218 2361 288 2417 tenti
305 2369 370 2416 sunt
397 2361 443 2415 tlbi
459 2370 638 2433 preceperunt
654 2378 668 2416 a
683 2360 848 2417 demonibus
862 2360 938 2416 exire
992 2361 1113 2418 vinciam
1122 2360 1330 2418 Atrebatensem
1341 2360 1451 2429 missus,
1463 2360 1549 2442 ipsam
1558 2374 1623 2415 sana
1632 2373 1683 2414 sua
1692 2354 1793 2415 doctri·

141 2433 174 2489 de
190 2433 281 2505 ydolis
295 2432 378 2489 stilla
391 2431 574 2517 confringere,
591 2433 664 2506 quod
677 2440 704 2488 et
717 2433 851 2490 iecerunt.
861 2432 938 2488 'l'unc
992 2451 1028 2491 na
1049 2441 1077 2489 et
1096 2432 1292 2490 miraculorum
1309 2430 1396 2501 signis
1410 2430 1522 2489 Christo
1544 2429 1705 2504 aequisivit.
1721 2427 1794 2485 luter

141 2504 286 2578 pontifices
302 2504 330 2558 in
350 2504 487 2585 apostolos
510 2511 652 2561 irruerunt
670 2512 697 2560 et
718 2504 809 2561 subito
832 2503 938 2561 occide·
993 2523 1063 2580 qua,
1088 2521 1151 2562 cum
1175 2503 1288 2576 praefato
1316 2502 1442 2560 Pharonc
1461 2518 1560 2575 corpus
1584 2500 1724 2569 reficiens,
1746 2514 1795 2580 vas

142 2585 233 2632 runt.›
252 2574 395 2631 llabetbic
405 2576 578 2645 vulgatorum
590 2576 721 2632 Actoiuni
732 2576 936 2646 compendium.
993 2580 1113 2634 vitreum
1136 2592 1200 2633 casu
1234 2575 1406 2633 confractum
1432 2577 1557 2631 oratione
1582 2573 1794 2649 redintegravit.

150 2648 270 2714 diesim,
287 2647 371 2702 beatae
386 2646 498 2719 Cyrillae
509 2646 635 2720 virginis,
646 2647 710 2702 filiae
720 2648 796 2703 Decii
807 2647 937 2718 junioris,
993 2649 1147 2707 'translatio
1168 2656 1268 2705 saneta
1288 2646 1401 2706 Cunerai
1416 2647 1534 2719 virginis
1555 2654 1582 2703 et
1598 2645 1742 2729 martyris,
1761 2656 1796 2697 ex

142 2719 266 2785 Caesaris,
277 2734 408 2790 quaecum
423 2727 568 2775 matresua
581 2718 735 2790 Typhonia,
747 2727 808 2790 post
823 2729 939 2775 mortem
994 2722 1123 2779 societate
1141 2719 1269 2777 undecim
1294 2719 1414 2774 millium
1431 2718 1608 2791 virgiuum.»
1639 2715 1713 2775 vide
1735 2728 1796 2789 quat

139 2790 228 2864 patris
242 2789 296 2858 sui,
310 2788 571 2849 Christianaeileeta
583 2798 623 2846 est
639 2808 644 2846 :
661 2797 688 2846 et
699 2789 749 2845 sub
764 2790 879 2847 Claudio
890 2790 939 2846 im·
994 2793 1147 2851 dictasunt
1162 2808 1204 2848 xii
1218 2790 1304 2847 lunii.

142 2869 266 2990 peratore
282 2877 330 2933 pro
345 2860 398 2917 fide
416 2860 520 2918 Christi
535 2861 670 2918 decollata
684 2870 735 2917 est.
756 2864 836 2927 ltern,
852 2862 939 2919 sancti
1030 2865 1138 2921 Nouis.
1155 2869 1217 2936 post
1233 2861 1377 2920 Choncnoei
1389 2862 1452 2918 aliis
1468 2862 1568 2919 litteris
1579 2858 1670 2918 textui
1687 2856 1795 2927 inserit,

166 2932 246 2989 idelis
269 2932 409 3005 martyris.
435 2933 513 2995 Item.
538 2932 626 2989 sancti
646 2931 746 3004 loseph
769 2932 820 2988 silii
844 2933 939 3001 Jacob,
994 2937 1041 3008 qai
1057 2943 1081 2991 et
1096 2936 1198 2991 Zelotes
1213 2935 1348 2991 scribitur.
1362 2936 1392 2991 ln
1403 2933 1478 2991 fine:
1497 2932 1641 2998 «Parisiis,
1650 2927 1797 2987 translatio

143 3003 269 3062 translati
280 3004 307 3060 in
322 3004 504 3060 Britanniam.
516 3005 548 3060 ln
561 3003 662 3062 hiethis
671 3004 794 3074 civitate,
804 3004 940 3078 depositio
995 3015 1095 3065 sanctae
1110 3006 1267 3077 Generosa,
1285 3032 1294 3056 ι
1315 3015 1382 3073 etc,
1401 3014 1432 3063 ut
1447 3004 1530 3062 babet
1551 3003 1680 3079 superius
1693 3002 1797 3060 Muris·

143 3075 231 3134 sancti
249 3075 374 3132 Terencii
388 3074 509 3148 episcopi
524 3082 551 3131 et
565 3074 767 3132 contessoris.»
958 3096 1060 3160 Gnsr.
1097 3076 1248 3134 «Ciuitate
1277 3078 1381 3145 Cuinis,
1410 3078 1498 3134 saneti
1522 3076 1626 3134 Fidelis
1654 3070 1796 3147 mmyrls

178 3150 360 3211 Aeniorum:
394 3147 550 3216 ‹Parisius‚
570 3147 713 3204 translatio
728 3154 829 3204 sanetae
845 3146 941 3206 Geuo-
995 3150 1100 3207 Eodem
1115 3149 1170 3216 die,
1187 3149 1325 3207 dedicatio
1338 3148 1459 3206 basilicae
1472 3149 1560 3209 saneti
1571 3144 1714 3204 Lamberti
1728 3158 1796 3201 mar-

143 3220 243 3277 veiae.»
265 3219 308 3275 An
323 3218 351 3274 in
363 3219 469 3275 ceteris
484 3235 568 3291 purus
581 3219 619 3277 sit
633 3235 689 3276 non
704 3219 725 3275 li
745 3227 801 3277 uet.
995 3221 1075 3296 tyris.
1097 3221 1180 3277 Facta
1196 3228 1237 3276 est
1264 3229 1355 3276 autem
1381 3220 1441 3278 haic
1466 3218 1604 3278 dedicatio
1627 3226 1709 3276 sexto
1725 3230 1798 3273 anuo

179 3289 275 3373 Copias
296 3289 393 3373 Ussrni
415 3306 430 3372 a
452 3288 628 3364 Ilosemberg.
653 3309 658 3348 :
689 3315 711 3372 ι,
740 3292 792 3349 etis
814 3291 939 3361 civitate,
996 3294 1169 3377 episcopatus
1184 3290 1304 3349 Bildrici
1321 3293 1409 3348 nostri
1433 3293 1525 3375 episeo
1545 3292 1565 3361 i,
1587 3286 1798 3353 enucliatim

143 3372 232 3421 sancti
246 3362 371 3423 Tereueu
386 3362 507 3446 episcopi
522 3371 549 3420 ct
562 3363 737 3422 confessoris.
752 3385 762 3412 i
996 3380 1058 3421 viro
1072 3363 1122 3422 Dei
1138 3363 1287 3422 hereberto
1301 3363 1459 3421 Coloniensi
1483 3308 1701 3436 arciiiepiseopo.
1718 3358 1797 3427 tem,

178 3435 359 3493 Marenem:
383 3435 551 3493 iAmhianis
570 3436 692 3506 civitate,
708 3435 844 3508 depositio
854 3432 941 3491 saneti
997 3446 1098 3494 sanctie
1114 3436 1228 3496 Cuneraa
1243 3435 1370 3507 virginis,
1394 3451 1454 3508 quaa
1477 3435 1647 3508 martyrium
1665 3444 1799 3490 eonsum-

144 3504 230 3563 Salvii
246 3506 366 3578 episcopi
389 3513 416 3562 et
441 3508 616 3565 confessoris.
639 3507 692 3575 Qui
716 3507 866 3564 'lauderico
880 3521 942 3576 rege
997 3509 1086 3564 mavit
1105 3508 1134 3565 in
1158 3525 1174 3564 ο
1194 3508 1260 3580 pido
1274 3507 1408 3564 boensi.»
1438 3508 1477 3564 De
1500 3504 1640 3573 Terentio,
1658 3512 1798 3575 utsupra

144 3576 242 3635 Galliis
256 3577 408 3656 imperante
434 3578 579 3658 sanctitate
593 3585 620 3634 et
651 3578 719 3658 retia
733 3579 841 3649 plenus,
890 3577 942 3633 nti·
1005 3579 1140 3636 «Eodem
1165 3524 1220 3650 iiie,
1245 3579 1380 3650 depositio
1403 3578 1476 3635 beati
1510 3577 1633 3636 Dodonis
1656 3572 1799 3656 monachi,

143 3647 257 3728 ficetum
270 3645 392 3718 eusdem
405 3618 464 3706 ioci
476 3647 607 3728 obtinuit.
622 3595 707 3719 (iupus
720 3664 820 3719 corpus
862 3655 942 3705 osto·
998 3651 1128 3732 discipuli
1146 3651 1234 3707 sancti
1249 3651 1371 3709 Ursiiiari
1386 3649 1543 3722 episcopi.»
1565 3644 1800 3709 {editiunculam

145 3717 216 3773 rrolo
231 3732 293 3771 vieo
308 3716 470 3773 translatum
486 3728 513 3774 et
528 3717 611 3788 digno
621 3734 684 3773 cuin
699 3715 803 3774 bonore
813 3719 942 3775 decenter
998 3721 1031 3779 de
1047 3721 1135 3778 Fideli
1143 3730 1169 3777 et
1182 3721 1300 3789 (lunera,
1314 3730 1347 3779 ut
1355 3722 1452 3805 pp'ma.
1474 3744 1483 3768 ι
1498 3720 1600 3778 Eodem
1612 3720 1801 3789 die,eomme·

146 3794 187 3844 est
200 3786 373 3843 adornatum.
392 3811 401 3834 ι
423 3788 494 3845 Vide
508 3788 716 3870 castellanum..
787 3859 794 3870 ·
999 3792 1115 3849 moratio
1142 3792 1230 3850 saneti
1266 3790 1386 3850 Ferrutii
1412 3791 1555 3866 martyris,
1609 3807 1673 3855 uem
1703 3786 1803 3851 bullus

182 3858 426 3916 stirne-ciniis
441 3859 620 3915 Durasiscr.
635 3877 640 3915 :
667 3883 676 3906 ι
689 3859 810 3916 Simonis
826 3867 853 3915 et
867 3859 943 3917 ludae
998 3864 1220 3993 archiepiscopus
1234 3865 1421 3937 moguntinus,
1437 3871 1529 3921 motus
1538 3808 1729 3922 celeiierrimis
1742 3858 1803 3915 mi-

147 3929 477 4005 apostolorumCyrillai,
488 3929 642 4012 iiliachecii
653 3930 776 4000 Caesaris,
787 3931 904 4005 virginis
916 3941 944 3989 et
998 3937 1110 4007 reculis,
1124 3936 1152 3992 iu
1188 3936 1329 3993 ebutium
1345 3922 1805 4063 coenobiumpuod'iiieideustadt

147 4001 311 4074 martyris.»
332 4003 372 4058 De
387 4002 501 4071 Narone,
518 4002 616 4074 pridie.
999 4016 1110 4076 vocant,
1124 4024 1151 4063 m
1207 4026 1223 4064 o
1238 4025 1301 4065 eum
1316 4008 1421 4067 honore
1433 4014 1540 4065 transtu
1554 4008 1585 4064 it.
1597 4006 1702 4074 Fame,
1712 4002 1805 4077 depo-

183 4074 214 4129 ln
229 4073 365 4129 Virronis.
380 4073 432 4129 sub
449 4090 527 4130 num.
543 4072 613 4131 sele
628 4073 704 4130 deest
717 4075 832 4132 Neronis
845 4083 873 4131 et
887 4074 944 4132 Ge·
999 4079 1064 4137 sitio
1077 4078 1150 4136 beati
1196 4079 1335 4149 odonis·
1364 4086 1417 4136 etc.
1444 4082 1484 4136 De
1497 4076 1636 4146 Terentio,
1660 4083 1694 4132 ut
1707 4092 1742 4132 su

147 4144 265 4213 noveta,
280 4152 312 4200 ut
326 4143 443 4201 habetur
457 4146 486 4201 iu
501 4153 635 4228 extracto.
706 4216 712 4228 ·
1007 4153 1082 4207 «Die
1104 4151 1133 4205 iii
1152 4150 1238 4207 esima
1258 4160 1365 4219 octava,
1391 4159 1549 4208 sanctorum
1574 4088 1806 4231 mammis*-

183 4217 340 4299 Airusirs.:
365 4217 550 4299 ‹Monstroilo
566 4225 741 4299 monasterio,
761 4219 850 4277 saneti
864 4218 945 4277 silvii
1000 4221 1086 4279 reucii
1101 4231 1128 4278 el
1166 4222 1276 4292 eonilis‚
1293 4230 1319 4278 et
1330 4222 1418 4279 sancti
1431 4224 1515 4296 patris
1529 4220 1673 4293 Stephani,
1689 4217 1807 4276 sibae

148 4304 268 4361 episcopi
283 4297 311 4345 et
324 4288 499 4347 confessoris.
515 4315 525 4339 ι
544 4289 616 4349 Vide
630 4292 789 4349 Artemiten.
1001 4301 1117 4366 poeta.»
1133 4293 1374 4352 DeGenoveiahic
1388 4293 1480 4364 habet,
1493 4302 1525 4351 ut
1534 4299 1576 4350 est
1590 4292 1621 4350 iu
1628 4306 1698 4365 puro
1708 4296 1805 4349 textu.

183 4361 306 4442 Neurus.
321 4359 368 4417 SS.
384 4361 506 4418 Timoth.
527 4363 680 4435 etApoll.:
700 4361 945 4431 ‹sessionisde-
1000 4367 1139 4421 Domum:
1169 4366 1299 4436 «Leodii,
1315 4365 1452 4423 dedicatio
1475 4364 1595 4424 basilica
1609 4360 1806 4420 sanetiiam-

147 4433 249 4505 positio
264 4432 353 4490 sancti
367 4433 503 4490 Divitiani
517 4434 639 4508 episcopi
656 4441 683 4490 et
698 4434 895 4493 contessoris.»
1001 4435 1082 4506 berti,
1097 4462 1107 4485 ·
1129 4446 1193 4506 ete,
1209 4446 1241 4496 ut
1254 4439 1285 4495 iu
1306 4437 1404 4512 priori,
1420 4446 1535 4511 excepta
1553 4450 1622 4495 voce
1634 4434 1737 4504 corvi,
1749 4448 1814 4507 quae

183 4504 283 4560 Enirio
299 4504 502 4575 huneco-Coe,
522 4505 552 4562 iu
565 4507 655 4578 prima
669 4507 735 4564 satis
756 4524 835 4582 pura,
856 4505 886 4563 in
899 4520 947 4562 sa-
962 4500 985 4559 D
1003 4507 1056 4586 bic·
1065 4509 1236 4567 excluditur.

868 4656 1079 4669 μ-

149 4694 187 4751 iv
202 4696 266 4753 irai.
1732 4670 1765 4706 ‘⁴
1806 4737 1814 4752 .

185 4782 385 4852 hierosolimis,
396 4783 495 4841 natalis
509 4783 582 4843 beati
595 4785 715 4845 Narcissi
726 4787 859 4862 episcopi,
876 4803 957 4861 quem
972 4789 1127 4857 sanctitate,
1143 4787 1276 4861 patientia
1287 4805 1319 4846 ae
1333 4789 1388 4847 lide
1400 4787 1568 4847 laudabilem
1579 4787 1680 4857 fuisse,
1691 4690 1816 4845 siricii

149 4881 241 4931 narrat
255 4874 447 4932 ecclesiastiea.
468 4876 529 4948 Ipsa
542 4876 598 4945 die,
613 4877 686 4950 apud
700 4877 831 4936 Sidonem
844 4878 951 4948 orbem,
973 4880 1045 4936 beati
1061 4877 1175 4936 Zenobii
1196 4879 1353 4952 presbiteri,
1366 4881 1414 4954 qui
1429 4881 1480 4938 suh
1499 4880 1661 4937 uovbdmaa
1678 4892 1815 4952 pansau-

148 4965 234 5023 tionis
246 4964 393 5024 acerbitate
407 4966 543 5040 martyrio
555 4975 703 5024 coronatus
716 4975 768 5027 est.
783 4969 815 5025 ln
829 4969 951 5027 Lucania
964 4969 1117 5045 provincie,
1128 4978 1286 5028 sanctorum
1297 4979 1453 5046 martyrum
1467 4968 1599 5040 lacincti,
1615 4967 1731 5039 eunii,
1740 4964 1814 5027 reli·

149 5055 223 5114 eiani
236 5063 264 5114 et
275 5055 364 5115 Lucii.
927 5076 933 5087 ·

903 5191 1021 5250 NOTAE.

152 5285 229 5431 GEs
245 5285 367 5435 Protess,
381 5287 528 5359 Hericisii,
539 5288 696 5360 Torscceii„
710 5289 935 5365 Ancisem-liei,
950 5291 1098 5363 Ncsioeyd„
1120 5292 1251 5362 Antaerp.
1270 5297 1298 5346 et
1313 5286 1521 5357 Noe-Lahir„
1539 5250 1691 5354 Doceat,
1707 5283 1813 5359 sets,

175 5391 262 5432 resec.
276 5384 304 5433 et
346 5379 418 5436 olea.

749 5502 952 5565 timebatis
975 5504 1184 5566 LECTlONES.

184 5607 224 5664 De
234 5606 429 5690 ιΗίιροεοὶίνηὶε
443 5611 517 5671 dicta
536 5613 686 5671 sufficiant.
706 5612 838 5686 Ejusdem
861 5613 947 5670 terme
999 5613 1153 5670 Difficultas
1165 5609 1353 5685 estquomodo
1366 5609 1401 5668 de
1413 5607 1533 5666 Zenobio
1545 5606 1690 5691 scripserit
1706 5607 1810 5666 Deur-

149 5687 334 5751 penerissuut
348 5683 478 5751 Narcissi,
550 5686 639 5755 'cia
661 5687 790 5757 hystorie,
808 5684 945 5755 Spdoiieiii,
999 5684 1062 5753 dus,
1077 5685 1125 5758 qui
1145 5683 1270 5739 Adonem
1286 5681 1439 5739 certissime
1453 5697 1510 5754 pras
1534 5678 1625 5737 oeulis
1641 5677 1762 5749 habeus,
1779 5678 1812 5735 in

151 5751 291 5834 synodaiis,
319 5752 433 5823 Senohii,
458 5701 597 5824 reiiiiiiii,
620 5764 674 5813 ete.
695 5756 841 5829 llosweyd.
863 5755 947 5813 verba
1000 5772 1031 5813 eo
1048 5756 1117 5829 legit
1133 5773 1139 5811 :
1158 5757 1211 5824 Qui
1219 5755 1397 5827 persecutione
1408 5751 1569 5810 Diocletiani
1581 5751 1721 5833 mormrio
1734 5766 1812 5831 cere

150 5823 280 5881 nonnihil
294 5825 473 5897 transposuit,
484 5825 515 5881 in
524 5827 708 5885 ramesereia
719 5827 945 5886 conciliatores.
1000 5832 1100 5896 actum
1127 5842 1210 5900 quam
1234 5825 1357 5900 phrasim
1375 5840 1411 5885 ex
1424 5824 1567 5886 codicibus
1591 5830 1697 5882 nostris
1717 5829 1813 5882 secuti
