3834 6136
127 227 197 287 1213

609 221 657 280 DE
675 220 865 281 emacules
884 221 912 280 S.
933 220 1104 283 GERMANI.
1128 249 1162 264 -
1181 219 1249 280 trs.
1271 219 1295 279 1.

1705 223 1774 282 tttt

119 387 181 452 cta,
202 378 363 436 divinorum
377 376 500 452 impensa
522 374 720 434 beneficiorum
743 374 924 433 memorabile
936 378 962 440 Α
973 374 1045 432 blica
1058 371 1188 430 incedens
1210 371 1265 441 ria,
1280 370 1435 446 periculum
1449 373 1605 447 conspexit,
1622 389 1738 434 manum
1754 373 1785 434 in

124 468 186 543 ejus
202 468 309 524 meritis
322 468 424 541 praebet
438 468 639 524 testimonium.

983 464 1102 524 sublime
1117 464 1229 534 extulit,
1245 467 1388 540 crucisque
1401 465 1531 538 expresso
1546 465 1699 538 signaculo,
1713 467 1785 540 jam·

163 560 207 615 ll.
223 559 369 631 Postquam
388 559 480 631 itaque
494 557 631 631 spirituali
652 556 790 614 suavitate
804 557 834 612 in
850 555 928 615 Chri·
981 556 1093 630 jamque
1107 553 1229 627 vergenti
1243 569 1275 610 ao
1296 556 1416 627 pendulo
1440 556 1546 629 lapsum
1571 557 1671 630 parieti
1692 557 1786 614 inter-

124 653 170 704 sto
184 644 288 719 pariter
303 645 416 718 epulati,
429 643 639 717 jocundissimis
653 660 682 701 se
698 643 836 701 virtutum
852 643 929 715 dapi·

124 736 178 793 bus
191 735 296 790 alterne
311 736 511 807 expleverunt;
528 735 695 792 Germanum
710 735 928 804 sanctissimum,

125 826 155 884 id
174 825 248 900 quod
264 825 384 882 restabat
403 825 510 883 itineris
531 835 706 901 peracturum
721 827 766 882 vir
778 842 855 901 aeque
868 842 931 882 me-

124 917 187 974 ritis
202 915 326 989 egregius
339 916 463 973 hnianus
479 917 506 972 iu
522 917 674 974 seeundum
684 917 740 973 lere
755 916 789 973 ab
803 916 871 972 urbe
885 917 931 972 la·

123 1010 218 1085 pidem
233 1025 369 1083 germanae
379 1009 578 1067 benevolentias
591 1011 690 1068 affectu
707 1019 867 1083 prosecutus
879 1019 930 1075 est,

126 1098 234 1168 Quibus
253 1099 306 1155 iter
327 1099 515 1170 carpentibus,
539 1117 602 1157 eece
626 1100 729 1156 mulier
741 1101 837 1170 vidua,
854 1100 930 1158 unici

128 1189 246 1248 cadaver
259 1188 313 1245 lilii
326 1189 521 1244 tumulandum
533 1188 633 1257 ferens,
650 1188 765 1259 pedibus
785 1190 932 1260 pmvoluta

129 1287 299 1347 sanctorum,
320 1285 351 1333 nt
366 1279 408 1334 sui
426 1279 632 1347 misererentur,
647 1278 744 1335 orabat
759 1279 909 1335 instantius
922 1297 929 1347 ;

130 1385 188 1426 nou
211 1386 285 1437 casu,
310 1385 407 1423 rerum
433 1367 614 1442 dispositione
637 1369 743 1426 omlesti
766 1385 861 1426 eornm
877 1369 931 1426 sibi

129 1458 249 1516 oblatam
263 1458 455 1531 praesentiam
472 1459 665 1515 incunctanter
679 1475 710 1516 se
723 1460 845 1529 credere,
872 1475 928 1515 am·

127 1548 226 1606 borum
239 1549 344 1605 meritis
355 1557 483 1605 maternae
499 1549 682 1605 sollicitudini
697 1566 775 1622 posse
786 1549 874 1606 lilium
890 1567 930 1606 re·

127 1637 254 1694 formari.
274 1639 328 1696 Diu
343 1638 416 1694 inter
428 1638 497 1695 duos
507 1639 664 1697 dubitatum
685 1647 735 1707 est,
759 1640 839 1713 longe
853 1640 887 1698 de
902 1658 931 1698 re

984 647 1066 704 dixit.
1082 645 1198 718 0bjectu
1213 663 1309 703 manus
1323 647 1503 704 sanctissimae
1517 646 1605 720 paries
1618 646 1723 704 restitit
1734 665 1741 716 ;
1753 663 1787 707 tto

984 748 1115 815 tanquam
1128 740 1301 798 validissimo
1315 749 1443 812 exceptus
1455 741 1555 809 fulcro,
1571 740 1601 797 in
1618 740 1675 797 suis
1689 756 1718 797 se
1731 746 1786 797 sta·

984 838 1029 889 tus
1037 832 1229 890 rectitudinem
1239 831 1351 902 recepit.
1364 828 1492 884 ltaunius
1503 830 1601 885 ellectu
1610 829 1733 901 virtutis,
1757 836 1787 887 et

985 924 1072 980 ruine
1100 921 1243 995 parietem,
1272 927 1299 975 et
1313 918 1440 975 hemines
1468 918 1551 972 morti
1564 916 1706 974 subduxit.
1722 919 1782 986 Quo

985 1014 1096 1090 quidem
1120 1018 1240 1086 peracto,
1264 1009 1404 1082 magisque
1423 1008 1617 1065 excellentium
1633 1008 1786 1065 declaratus

985 1105 1131 1180 praeconiis
1146 1104 1320 1170 meritorum,
1335 1099 1517 1174 propesitum,
1532 1107 1705 1170 retemperat,
1722 1116 1787 1157 eou-

985 1193 1107 1248 tiuuarit
1125 1192 1186 1247 iter.
1201 1191 1264 1246 Post
1278 1198 1387 1260 ternpus
1401 1186 1513 1260 aliquod
1528 1183 1660 1259 explicito
1673 1186 1784 1244 tandem

985 1299 1066 1355 opere
1080 1281 1230 1353 templique
1244 1278 1347 1335 fabrica
1366 1283 1565 1345 consummata,
1591 1291 1653 1332 cum
1672 1274 1728 1347 jans
1753 1274 1787 1332 de

985 1369 1190 1428 consecratione
1207 1375 1380 1435 tractaretur,
1398 1367 1489 1437 operis
1511 1363 1641 1422 domiuus
1654 1363 1785 1435 prudenti

985 1469 1074 1518 tuctus
1087 1461 1242 1518 sententia:
1257 1461 1352 1529 Nemo,
1368 1458 1470 1531 inquit,
1485 1457 1556 1514 hanc
1570 1473 1620 1513 suo
1630 1463 1786 1532 competen-

984 1553 1042 1610 tius
1057 1550 1209 1608 illustrabit
1223 1551 1346 1618 nomine,
1362 1566 1445 1622 quam
1468 1549 1619 1605 Germanus
1640 1546 1786 1604 sanctissi-

987 1660 1057 1712 mus,
1073 1641 1153 1715 cujus
1167 1640 1333 1698 sublimibus
1349 1639 1455 1696 meritis
1475 1637 1532 1710 jam
1548 1637 1653 1693 dudum
1676 1636 1787 1694 initiata

127 1729 261 1786 tentanda
276 1729 454 1801 pertinaciter
464 1739 653 1787 concertatum
663 1749 669 1799 ;
681 1732 783 1788 dumet
793 1731 839 1788 hic
851 1731 967 1808 beatoB
985 1736 1170 1805 cognoscitur.
1186 1732 1291 1788 Perstat
1307 1730 1443 1803 hodieque
1462 1727 1576 1785 ecclesia
1591 1727 1660 1792 hec,
1680 1725 1787 1783 beatis-

128 1818 249 1885 Auiano,
265 1819 338 1891 quod
351 1836 400 1875 sua
414 1828 483 1876 esset
498 1819 634 1888 dioecesis,
647 1821 680 1877 de
703 1821 836 1878 miraculo
849 1820 930 1892 judi-

127 1915 174 1965 cat
188 1908 425 1980 praesumendum
443 1917 470 1965 et
484 1909 530 1966 ille
540 1911 894 1980 aGermanosanctissimo,
906 1911 930 1966 si

127 1999 195 2073 quid
211 2006 267 2054 erat
281 1998 448 2069 faciendum,
462 2000 579 2058 celerius
598 1999 718 2056 obtineri
730 2015 807 2071 posse
822 2000 932 2056 confir-

127 2095 195 2144 mat.
206 2087 312 2147 Cedens
321 2088 411 2161 itaque
421 2090 521 2162 partim
532 2089 664 2144 maternis
677 2089 818 2161 lacrymis,
830 2090 930 2162 partim

127 2176 269 2234 instantiae
276 2177 650 2251 praesulis‚omniasuiierenti
659 2178 781 2250 praefisus
789 2179 929 2250 charitati,

129 2271 252 2329 orationi
272 2271 354 2326 solito
375 2270 512 2327 incumbit
533 2285 609 2326 more
628 2269 781 2326 Germanus
800 2271 931 2327 beatissi-

127 2377 200 2430 mus,
226 2359 405 2432 defunctique
423 2360 508 2415 vitam
524 2361 654 2432 lacrymis
669 2367 806 2416 mercatus
819 2359 932 2416 uberri-

128 2453 192 2521 mis,
208 2452 314 2522 ingenti
330 2451 522 2508 universorum
538 2450 648 2524 gaudio,
670 2452 774 2523 lugenti
795 2452 876 2507 matri
892 2451 931 2507 ii-

129 2542 196 2600 lium
211 2543 335 2600 afunere
348 2541 489 2599 revocavit
500 2541 678 2599 incolumem.
691 2542 816 2599 Ecclesia
830 2540 931 2598 sancti·

127 2635 179 2692 tati
193 2633 251 2706 ejus
266 2635 360 2691 eodem
372 2641 530 2691 constructa
543 2635 614 2699 loeo,
626 2633 785 2690 innumeris
801 2634 932 2706 deinceps

127 2721 280 2780 uirtutibus
288 2724 397 2790 claruit;
410 2724 438 2779 in
449 2739 502 2797 qua
513 2730 684 2779 monstratur
693 2723 831 2796 hodieque
840 2730 931 2779 tumn-

129 2813 174 2870 lus
190 2813 311 2870 bominis
325 2814 459 2883 suscitati,
474 2815 521 2888 qui
536 2812 722 2886 postmodum,
736 2813 852 2870 decurso
866 2812 931 2869 vitae

132 2918 188 2959 suae
204 2903 327 2975 legitimo
341 2905 442 2975 spatio,
455 2904 490 2959 ob
505 2903 633 2960 miraculi
653 2919 802 2976 perennem
822 2918 931 2959 memo-

128 2991 209 3061 riam,
229 2989 373 3049 honestam
393 2993 497 3050 ibidem
512 2993 614 3049 meruit
636 2994 815 3065 sepulturam.
842 2992 931 3048 Locus

985 1827 1048 1882 simi
1058 1825 1187 1882 Germani
1201 1825 1285 1880 titulo
1294 1823 1456 1891 clarissima,
1469 1821 1666 1880 miraculorum
1677 1819 1785 1878 exhibi-

985 1915 1060 1972 tione
1076 1914 1308 1986 frequentissima,
1324 1919 1465 1968 ostentans
1485 1910 1576 1967 adbuc
1593 1910 1720 1967 eumdem
1741 1924 1785 1982 pa·

985 2004 1082 2059 rietem
1097 2003 1198 2057 rimosa
1212 2001 1340 2058 cicatrice
1356 2001 1518 2068 notabilem,
1541 2000 1787 2071 praeferentemque

986 2091 1016 2149 in
1030 2108 1058 2148 se
1073 2090 1230 2163 apostolicas
1246 2088 1405 2145 testimonia
1422 2088 1577 2144 sanctitatis
1587 2099 1609 2144 ¹.

1022 2180 1065 2236 tt.
1082 2180 1152 2236 llaro
1167 2194 1282 2251 usquam
1297 2185 1345 2232 aut
1358 2177 1469 2244 mansit,
1483 2183 1529 2231 aot
1539 2174 1644 2244 docuit,
1660 2190 1783 2251 quonou

986 2289 1041 2330 sum
1063 2271 1211 2343 singularis
1239 2268 1412 2326 excellentie
1437 2266 1582 2339 magnifica
1609 2273 1788 2322 monumenta

986 2361 1156 2436 perdurent:
1173 2359 1227 2433 piis
1241 2358 1342 2414 animis
1357 2357 1399 2429 pie
1414 2356 1447 2413 de
1463 2357 1520 2412 Deo
1534 2354 1717 2411 sentientibus
1740 2369 1788 2409 sa-

985 2452 1136 2508 tisfaciete
1157 2448 1253 2506 multis
1275 2448 1400 2520 paucitas
1423 2445 1561 2501 adnotata.
1586 2444 1651 2501 ileo
1672 2458 1737 2499 sane
1755 2460 1788 2501 eo

986 2543 1142 2599 referuntur
1162 2539 1261 2608 tutius,
1289 2554 1344 2613 quo
1369 2545 1521 2594 noscuntur
1541 2536 1653 2604 certius,
1680 2535 1788 2608 conspi-

985 2631 1098 2690 ciuntur
1115 2629 1283 2704 praesentius.
1301 2628 1352 2683 Per
1367 2642 1465 2699 pagurn
1480 2625 1637 2682 Tullensem
1651 2624 1704 2681 iter
1727 2638 1785 2681 car·

985 2739 1063 2798 pens,
1078 2720 1161 2778 obvia
1173 2721 1338 2794 populorum
1352 2729 1484 2790 exceptus
1508 2716 1698 2785 multitudiue,
1718 2731 1785 2789 quo·

986 2814 1049 2871 dam
1073 2812 1173 2869 resedit
1202 2811 1273 2879 loco,
1299 2817 1543 2882 occurrentemque
1579 2806 1688 2863 turbam
1706 2804 1788 2866 uerbi

986 2903 1114 2961 salutaris
1128 2899 1321 2958 exhortatione
1336 2900 1515 2965 formaturus,
1531 2896 1685 2964 colurnam,
1702 2909 1788 2968 quant

985 2994 1057 3050 forto
1067 3008 1151 3047 manu
1165 2988 1296 3064 gestabat,
1314 2987 1418 3059 uirgam
1433 2985 1511 3041 humi
1526 2983 1634 3040 defixit.
1646 2983 1790 3053 Explicita

128 3100 237 3159 quoque
251 3085 373 3157 cespitis,
393 3088 437 3144 cui
455 3094 565 3143 sanctus
579 3086 606 3142 in
629 3085 755 3142 oratione
779 3091 966 3168 prostratusc
986 3079 1181 3152 predicatione
1199 3079 1314 3150 (snitum
1335 3074 1409 3149 quod
1423 3075 1477 3130 fuit
1494 3075 1567 3141 visu,
1584 3073 1688 3129 mirum
1713 3072 1789 3145 quoti

129 3171 267 3241 incubuit,
279 3189 382 3247 magnae
393 3173 483 3231 adbuc
497 3174 630 3232 omnibns
643 3181 734 3232 exstat
746 3172 931 3241 venerationi,
986 3180 1027 3228 est
1042 3179 1069 3228 et
1079 3171 1168 3242 dictu)
1181 3169 1350 3226 ramusculos
1361 3167 1417 3240 jam
1429 3165 1594 3238 frondesque
1606 3163 1784 3236 produxerat.

128 3262 250 3319 cancello
266 3262 355 3334 ligneo
367 3264 505 3336 opposito,
517 3272 598 3337 atque
611 3280 627 3319 a
640 3263 843 3337 permeantium
854 3261 930 3335 pedi·
986 3262 1051 3318 llaec
1065 3261 1095 3317 in
1108 3260 1168 3332 ejus
1182 3259 1372 3317 testimonium
1387 3255 1541 3313 sanctitatis
1555 3254 1585 3310 in
1600 3254 1725 3327 corylum
1745 3268 1789 3310 ro·

128 3349 181 3407 bus
194 3361 304 3408 sacratae
319 3359 398 3409 terrae
415 3354 527 3410 locuum
545 3353 719 3408 defendente.
986 3349 1062 3407 boris
1077 3349 1204 3405 immensi
1218 3346 1372 3414 convaluit,
1388 3353 1469 3419 atque
1484 3359 1569 3416 usquc
1583 3342 1663 3400 hodie
1679 3342 1788 3415 ingenti

165 3440 208 3498 tt.
225 3441 300 3498 ldem
309 3441 481 3496 territorium
491 3441 520 3494 in
532 3439 645 3510 publico
656 3455 752 3510 aggere
763 3440 857 3496 vicum
867 3458 931 3498 con·
987 3440 1021 3497 ab
1035 3438 1164 3497 omnibus
1179 3438 1286 3495 cautela
1300 3443 1461 3504 veneratur,
1477 3450 1511 3490 ne
1525 3440 1572 3490 aut
1595 3447 1702 3488 ramum
1726 3431 1788 3505 quis

129 3528 200 3585 tinet
215 3528 373 3602 quemdam,
390 3528 438 3600 qui
458 3543 494 3582 ex
507 3527 622 3600 antiquo
636 3529 769 3585 Basilicas
783 3544 932 3603 nuncupa·
987 3546 1022 3587 ex
1036 3547 1068 3586 ea
1081 3530 1236 3602 decerpere,
1252 3525 1443 3583 autindecens
1453 3522 1594 3598 quidpiam
1607 3521 1658 3578 suh
1672 3520 1731 3591 illa,
1741 3528 1789 3579 aut

127 3625 184 3687 tus,
199 3617 299 3688 patrati
315 3613 387 3686 apud
397 3630 425 3670 se
439 3614 543 3671 dudum
560 3615 686 3673 miraculi
697 3617 831 3675 famosam
842 3618 933 3678 adhuc
986 3619 1060 3677 cirea
1072 3618 1161 3685 illam,
1176 3617 1274 3675 audeat
1293 3623 1464 3690 perpetrare.
1488 3614 1515 3671 is
1540 3613 1617 3670 locus
1639 3627 1696 3668 uon
1714 3626 1788 3685 quo-

128 3710 251 3760 ostentat
269 3702 444 3759 evidentiam.
458 3701 576 3768 Quidam
599 3720 718 3779 nemque
734 3705 793 3779 ejus
808 3706 863 3765 loci
884 3708 933 3764 iu-
988 3726 1040 3784 que
1054 3709 1206 3782 vulgariter
1215 3707 1258 3765 Ad
1273 3705 1449 3764 cambuttam
1460 3699 1472 3736 ¹³
1483 3705 1511 3761 S.
1527 3703 1659 3761 Germani
1675 3701 1787 3759 dicitur.

128 3794 200 3861 cola,
216 3808 313 3866 genere
325 3792 502 3865 conspicuus,
516 3795 604 3866 copiis
619 3796 778 3868 opulentus,
791 3799 931 3872 ingentem
1024 3802 1067 3863 15.
1083 3803 1116 3859 ln
1130 3817 1197 3874 pago
1212 3797 1492 3874 quoquetlastinensi
1506 3810 1527 3864 ⁰,
1543 3795 1571 3850 in
1582 3794 1686 3850 ricinia
1696 3792 1789 3865 Gajaci

128 3884 159 3939 in
176 3881 263 3938 fundo
276 3897 325 3937 suo
340 3881 485 3938 conductis
499 3880 652 3939 artificibus
665 3885 825 3943 exstruebat
834 3887 930 3943 eccle·
988 3892 1159 3961 monasterii,
1173 3889 1318 3962 interjecto
1329 3889 1446 3946 Odouua
1456 3886 1581 3956 flumine,
1593 3884 1720 3957 fagusest
1738 3881 1789 3939 mi·

134 3971 223 4028 siam:
240 3969 319 4043 cujus
338 3970 410 4026 mele
428 3968 601 4041 aliquatenus
616 3969 673 4041 jam
693 3971 722 4027 in
737 3971 934 4047 sublimepor-
988 3980 1081 4036 randae
1096 3980 1306 4051 magnitudinis,
1330 3979 1424 4052 stipite
1441 3991 1562 4051 precere,
1576 3988 1714 4031 ramorum
1727 3988 1792 4029 am-

129 4068 213 4129 rrrta,
237 4076 300 4117 curn
321 4058 356 4114 ad
374 4057 623 4114 consummandum
642 4058 681 4128 id,
710 4060 784 4133 quod
812 4062 933 4119 restabat
987 4069 1049 4125 bitu
1059 4067 1225 4134 vastissima,
1236 4068 1372 4124 densitate
1386 4084 1562 4140 opace:quae
1573 4065 1703 4123 similiter
1714 4079 1791 4122 sanc·

130 4153 230 4227 operis,
243 4152 326 4208 anxia
335 4157 505 4208 structorum
516 4150 631 4208 instaret
644 4151 799 4226 diligentia,
811 4153 856 4211 die
868 4172 932 4228 qua·
987 4158 1009 4213 ti
1025 4157 1128 4212 virtute
1138 4155 1277 4227 pontilicis
1290 4155 1430 4210 coaluisse
1443 4156 1636 4211 incunctanter
1649 4155 1789 4223 asseritur,

130 4242 193 4299 dam
206 4242 235 4300 in
250 4240 371 4314 ejusdem
385 4239 496 4297 edificii
509 4241 633 4297 culmine
647 4242 795 4311 stantibus,
810 4259 933 4318 opusque
995 4247 1062 4303 dnm
1078 4251 1310 4316 post-sermonem
1326 4257 1358 4297 eo
1373 4241 1426 4297 loci
1441 4241 1474 4296 ad
1498 4241 1630 4313 populum
1654 4242 1790 4312 habitum,

131 4332 200 4388 mire
215 4329 424 4405 properantibus
436 4328 604 4399 architectis,
620 4331 933 4403 paries,cuiinsisteba·
987 4336 1133 4402 bacillum,
1158 4349 1214 4406 quo
1232 4331 1333 4389 seniles
1359 4329 1468 4402 regebat
1489 4335 1574 4396 artus,
1594 4327 1687 4382 telluri
1708 4329 1791 4384 altius

132 4428 186 4490 tur,
205 4437 342 4477 asummo
353 4420 388 4477 ad
402 4419 458 4474 ima
472 4419 646 4476 fundamenti
660 4420 700 4476 ita
711 4430 857 4493 perruptus
871 4421 933 4478 dis-
949 4472 973 4529 D
988 4421 1140 4479 defixisset.
1165 4421 1229 4477 llaec
1249 4436 1299 4494 pro
1322 4419 1455 4476 insolenti
1476 4418 1666 4491 magnitudine
1692 4416 1727 4473 ad
1747 4418 1791 4475 sui

130 4518 275 4583 sectusque
290 4518 341 4579 est,
368 4516 399 4567 ut
419 4507 582 4565 nutantibus
597 4508 722 4581 partibus
741 4509 795 4566 sibi
811 4510 933 4580 ruinam,
988 4510 1176 4583 spectaculum
1192 4510 1294 4565 multos
1309 4522 1323 4563 e
1337 4507 1473 4581 contiguis
1493 4507 1592 4565 ascivit
1616 4505 1785 4580 regionibus.

130 4600 350 4675 superstantibus
363 4617 429 4657 vero
444 4600 602 4672 proximum
619 4615 634 4656 e
650 4600 766 4673 vestigio
782 4601 935 4658 minaretur
990 4600 1112 4656 Ecclesia
1125 4615 1204 4656 secus
1226 4597 1353 4654 arborem
1376 4603 1417 4654 est
1436 4597 1494 4671 ejus
1518 4595 1635 4669 insignis
1656 4594 1786 4662 nomine;

131 4689 931 4764 interitum.Caementariorumimperitiacollapsumopus,
989 4690 1120 4763 locusque
1134 4689 1207 4746 idem
1226 4688 1270 4745 Ad
1289 4687 1381 4760 fagum
1403 4687 1431 4745 S.
1463 4686 1593 4746 Germani
1618 4684 1788 4761 populariter

131 4798 166 4838 au
181 4781 384 4853 dispensatione
409 4795 451 4835 res
474 4779 608 4835 humanas
632 4779 829 4837 ordinabiliter
851 4780 933 4853 dige—
989 4785 1176 4850 nuncupatur.

131 4878 208 4927 rente
224 4868 274 4944 [at.
286 4866 589 4942 dirigente],patrando
603 4868 687 4925 fuerit
702 4869 830 4928 materies
842 4869 934 4927 oblata
1025 4867 1068 4926 lb.
1082 4867 1161 4937 Quod
1175 4864 1455 4924 sanevenerabilium
1469 4872 1624 4940 martyrum
1633 4864 1714 4922 busta
1723 4879 1790 4937 pon·
1836 4914 1851 4945 Ι

131 4960 276 5027 miraculo,
291 4958 320 5015 id
338 4973 402 5014 vere
417 4973 472 5014 uon
484 4957 565 5014 facile
580 4958 772 5017 discreverim.
989 4958 1108 5017 tifrcatus
1118 4959 1177 5033 ejus
1187 4968 1311 5034 tempore
1324 4968 1464 5033 comperta
1474 4958 1644 5026 claruerunt,
1657 4955 1719 5029 quis
1725 4953 1788 5027 jure

169 5048 211 5105 13.
232 5047 303 5106 Casu
316 5047 469 5104 Germanus
482 5046 671 5105 sanctissimos
690 5064 725 5104 ex
739 5049 854 5107 adverso
868 5060 933 5123 'pu-
988 5051 1356 5127 amiraculisexcipieudum
1363 5049 1489 5125 jndicctt
1500 5049 1606 5106 Sanctae
1621 5046 1705 5119 igitur
1715 5042 1791 5101 illius

168 5220 178 5246 .
196 5181 283 5254 llujus
296 5180 416 5262 ecclesiae
432 5179 504 5237 solos
517 5182 636 5253 parietes
650 5199 714 5241 cum
737 5184 816 5241 altari
834 5200 933 5257 super·
988 5195 1028 5244 est
1043 5185 1138 5244 Galliae
1150 5187 1177 5244 in
1191 5186 1335 5261 provincia
1345 5185 1445 5243 Insulae
1456 5183 1591 5241 Francia.
1601 5181 1692 5240 luillo
1702 5184 1793 5238 tractu

131 5255 227 5321 fuisse,
243 5270 306 5311 curn
319 5252 460 5320 scriberet,
476 5259 593 5309 testatur
608 5253 689 5313 Viola
714 5257 744 5312 in
759 5256 823 5315 Vita
846 5256 932 5313 sancti
988 5267 1029 5316 est
1040 5260 1229 5316 monasteriem
1244 5259 1383 5326 Geieeum,
1402 5254 1566 5328 parthenoni
1581 5256 1609 5311 S.
1626 5254 1701 5310 Fare
1718 5250 1791 5309 suh-

132 5326 239 5383 Gallica
258 5341 318 5398 cap.
335 5323 379 5393 28,
396 5338 456 5396 pag.
473 5324 536 5381 207.
985 5329 1102 5403 jectum,
1128 5331 1217 5387 tribus
1241 5330 1352 5387 circiter
1376 5326 1462 5385 leucis
1482 5326 1516 5383 ah
1541 5344 1558 5382 o
1597 5326 1643 5382 ido
1667 5323 1791 5382 Montis-

168 5397 328 5454 sdambrto
350 5412 398 5452 seu
418 5397 549 5453 moletto
573 5396 687 5455 baculus
708 5399 861 5472 appellatur
875 5398 933 5456 sire
989 5403 1108 5475 Arigisi;
1130 5402 1163 5458 de
1172 5418 1229 5530 fluo
1255 5400 1381 5457 coenobio
1405 5398 1533 5455 meminit
1560 5396 1738 5454 rabillonius
1761 5395 1792 5452 in

134 5469 233 5541 scipio,
243 5485 297 5542 quo
308 5468 437 5524 nituntur
448 5467 632 5538 ambulantes,
645 5477 676 5526 ut
687 5469 934 5543 ostenditCaugius
990 5473 1145 5530 Annalibus

132 5541 163 5596 in
182 5539 334 5597 Glossario.
991 5561 1070 5603 nutu.
1085 5543 1129 5603 M.

170 5613 289 5684 cPagus
318 5609 489 5681 Vastioeosis,
509 5610 592 5685 vulgo
614 5612 637 5670 lc
659 5613 803 5684 Gestioois,
832 5620 933 5673 tractus

1196 5471 1361 5532 euedictiuis
1383 5471 1418 5528 ad
1447 5486 1550 5530 aurium
1588 5467 1691 5529 Christi
1728 5465 1792 5547 811,
