3834 6136
81 196 123 261 lli
609 197 924 264 Mauttubtbntntt.
945 235 981 249 -
998 198 1103 264 MENS.
1125 202 1221 264 suet.
1281 240 1291 257 .

1680 210 1734 274 481

76 331 159 396 sium,
191 324 340 401 impressio
364 342 503 383 sacrorum
529 327 691 399 stigmatum
718 329 747 384 in
763 333 914 410 corporeA
932 329 1082 396 omittitur,
1094 331 1260 403 poniturque
1276 329 1434 404 primolooo
1444 329 1606 390 Lambertns
1617 352 1731 397 comac-

74 400 231 457 beatissimi
250 400 336 471 patris
349 399 435 454 nostri
450 399 599 455 Francisci.
616 401 677 472 lpso
692 400 747 467 die,
758 402 875 456 elevatio

68 481 175 529 sanctae
189 471 330 527 Hiltrudis
345 470 491 542 virginis·
515 471 582 526 Tum
597 472 750 527 minoribus
767 473 875 541 litteris,

60 546 104 602 dc
129 543 299 613 Hildegardc
323 551 350 596 et
379 543 500 607 l'arrase,
525 551 555 596 nt
578 543 703 598 Canusii.
723 545 874 617 Denique:

69 643 82 664 c
93 615 242 697 Depositio
250 621 409 669 sanctorum
420 613 607 669 corilessoruur
619 622 646 670 et
655 615 875 686 presbyterorum

53 688 174 744 Jnstini
191 696 219 743 et
233 685 377 742 Simitini:
394 685 428 739 de
438 684 539 757 quibus
549 686 629 757 Greg.
644 687 827 742 Turonicus.·
846 688 876 742 ln

52 761 133 816 aliis
147 757 322 815 editionibus
336 756 461 812 lustinus
470 773 499 812 iv
508 757 626 829 Augusti
641 759 757 830 positus,
769 759 822 815 hoc
831 758 876 815 die

931 402 1112 468 cessionibus,
1123 410 1154 457 ut
1170 403 1196 457 in
1210 402 1307 476 prima.
1323 403 1353 458 ln
1377 403 1430 458 sirie
1454 405 1487 459 ile
1503 405 1628 474 Flocrllc,
1642 416 1672 462 ut
1687 426 1731 465 su·

932 489 989 544 pra.
1009 473 1114 546 «Apud
1139 474 1264 546 bingam,
1287 482 1388 532 sanctae
1413 475 1585 548 Hildegardis
1601 477 1727 550 virginis,

932 560 992 617 quae
1014 554 1136 617 tempore
1159 547 1245 602 sancti
1275 546 1406 602 Bernardi
1425 547 1532 604 abbatis
1550 547 1661 604 odorem
1675 568 1731 608 sna

931 618 1086 672 sanctitatis
1097 617 1151 673 late
1160 619 1269 689 sparsit.
1280 643 1288 664 ι
1309 621 1348 674 De
1360 618 1539 691 stigmatibus
1549 621 1636 676 sancti
1648 622 1730 678 Frau-

931 687 1008 768 cisci,
1025 695 1160 770 utsupra,
1177 698 1291 772 excepta
1306 706 1373 746 voce
1387 691 1481 746 nostri.
1499 691 1639 765 Denique:
1657 692 1731 750 ‹Lae-

931 767 989 825 tns,
1011 759 1072 833 ipso
1087 760 1142 830 die,
1158 763 1277 819 elevatio
1291 770 1391 820 sancte
1409 762 1548 820 lliltrudis
1571 763 1722 835 uirginis·

52 932 137 990 xlv
152 930 221 986 Kal.

1619 928 1668 985 Die
1685 928 1728 986 ts.

105 1018 214 1078 Natalis
227 1014 302 1074 beati
317 1012 462 1082 Methodii,
476 1014 579 1087 Olimpi
593 1015 687 1086 licie,
702 1024 729 1072 et
741 1024 834 1088 postca
849 1015 906 1072 Tiri
919 1015 1053 1089 episcopi,
1068 1017 1115 1089 qui
1131 1016 1182 1072 sub
1197 1015 1371 1073 Diocletiano
1389 1015 1418 1070 in
1435 1015 1546 1072 Calcide
1558 1016 1680 1085 Graeciae,
1698 1025 1730 1073 ut

54 1109 166 1166 scribit
180 1113 293 1163 sanctus
307 1104 505 1174 Hieronymus,
516 1106 650 1176 martyrio
661 1113 810 1161 coronatus
822 1113 872 1161 est.
885 1104 1012 1176 Viennae,
1023 1106 1112 1164 sancti
1123 1108 1256 1176 Ferreoli,
1267 1107 1314 1181 qui
1327 1124 1390 1164 cnm
1399 1115 1471 1164 esset
1486 1108 1642 1165 tribunitia
1653 1117 1728 1181 pota·

60 1199 156 1267 statis,
172 1196 252 1268 jussu
267 1191 426 1266 impiissimi
442 1193 567 1264 praesidis
582 1200 684 1262 tentus,
700 1202 731 1263 et
745 1193 836 1267 primo
855 1192 1047 1253 crudelissime
1062 1198 1233 1264 verberatus,
1255 1196 1319 1252 dein
1341 1197 1418 1269 gravi
1435 1204 1595 1253 catenarum
1608 1206 1728 1254 onustus

67 1287 204 1362 pondere,
219 1285 248 1342 in
263 1282 437 1340 teterrimum
451 1298 587 1340 carcerem
610 1291 703 1341 trusus
714 1290 765 1353 εει,
781 1299 813 1340 ac
827 1291 921 1356 postea
937 1285 1063 1359 martyrii
1085 1287 1205 1360 palmam
1218 1285 1317 1358 capitis
1331 1285 1543 1344 obtruncatione
1553 1286 1684 1361 percepit.
1719 1363 1723 1371 ι

838 1408 957 1466 NOTAE.

107 1513 140 1569 ln
157 1518 238 1569 textu
249 1507 548 1576 conveniuntProlen.,
564 1506 713 1578 Heriniea,
728 1508 953 1580 suscep-May,
971 1509 1121 1581 Rormegd„
1139 1511 1285 1578 Munerat,
1301 1509 1411 1567 Oreoeu.
1426 1518 1453 1567 ει
1466 1509 1571 1569 Molos.

690 1624 893 1710 laurentus
906 1623 1112 1682 LECTlONES.

105 1724 264 1794 Mulan.,ab
272 1724 460 1796 antiquiorum
473 1722 611 1780 scribendi
622 1721 869 1791 mododellecleus,
886 1725 906 1784 ll
922 1729 963 1777 ter
977 1722 1177 1791 Heriniensem‚
1194 1722 1242 1795 qni
1268 1724 1297 1779 in
1320 1723 1461 1781 Clelclrirle
1475 1732 1502 1780 ει
1514 1723 1616 1781 Molan.
1632 1725 1724 1798 quiin

70 1808 141 1856 recte
155 1797 250 1870 posuit
266 1796 483 1869 olympiique:
502 1796 623 1863 Praten.,
640 1794 864 1867 antuerp-ilai,

68 1871 215 1936 Munerat,
234 1868 352 1924 Creven.
368 1867 456 1922 etalii
471 1867 571 1938 passim
588 1867 753 1938 simpliciter
769 1867 868 1937 olimpi

68 1942 144 1997 Licin
154 1959 166 2007 ,·
178 1941 209 1996 in
225 1939 367 1995 Herinien.
386 1946 411 1994 et
424 1939 570 2010 Rosweyd.
584 1939 702 1994 nimium
711 1953 806 2009 sapere
820 1954 867 1992 no·

69 2013 115 2068 luit
126 2012 340 2068 amanuensium
357 2009 533 2082 perspicacia,
545 2025 608 2064 nam
620 2010 649 2064 in
661 2011 866 2082 primoerasnm

67 2093 102 2140 est
115 2085 155 2156 pi,
179 2083 220 2138 ita
234 2092 266 2139 nt
288 2083 394 2155 legatur
407 2083 469 2137 olim
490 2081 589 2136 licite:
605 2082 634 2136 in
657 2082 742 2136 altero
759 2081 866 2152 picum

67 2157 142 2212 Lirioe
158 2170 318 2211 connexum
334 2161 385 2221 est,
401 2152 521 2225 facitque
537 2152 653 2223 proinde
674 2153 739 2207 olim
752 2153 864 2208 Pilicioe.

66 2228 115 2284 lios
129 2225 358 2298 orthographiam
382 2225 463 2296 paulo
489 2225 641 2292 meliorem,
667 2225 763 2279 saltem
785 2240 867 2279 corn-

67 2300 221 2355 nnniorem
236 2297 325 2354 secuti
348 2313 452 2352 sumus.
475 2296 538 2366 Tyri
553 2304 625 2351 recta
641 2295 767 2351 scribunt
782 2295 867 2349 lieri-

66 2371 136 2426 nien.
158 2379 186 2426 et
207 2370 310 2425 Molan.
331 2385 382 2424 nos
402 2384 465 2424 cum
482 2367 605 2440 reliquis,
632 2374 715 2422 ntest
730 2367 759 2421 in
775 2374 864 2423 textu.

67 2442 213 2510 Munerat,
228 2448 291 2514 post
303 2440 426 2521 episcopi,
443 2439 520 2495 addit
529 2445 554 2494 et
566 2439 704 2510 rucrlyrie.
719 2439 789 2494 Male
801 2438 867 2509 legit

67 2514 137 2570 solus
149 2513 263 2570 Praten.
279 2511 310 2567 iu
325 2512 439 2580 Colcrde,
456 2511 504 2567 alii
518 2527 613 2567 omnes
628 2511 658 2566 in
674 2509 865 2582 Colcide‚prae·

927 1793 1059 1849 Chalcide.
1075 1793 1157 1866 Lego,
1178 1801 1209 1849 ut
1230 1795 1321 1850 scribit
1337 1802 1443 1851 sauctus
1466 1795 1645 1865 Hieroaimos,
1660 1814 1724 1854 cnm

923 1865 1063 1934 omnibus,
1075 1874 1190 1938 excepto
1196 1866 1290 1923 codice
1302 1868 1409 1923 Praten.
1418 1867 1723 1939 etAntuerp.·Majore;

922 1944 970 2071 qui
984 1944 1014 1996 τὸ
1034 1950 1140 1999 coactus
1154 1945 1297 2001 omittunt.
1323 1947 1363 2001 lie
1384 1945 1556 2000 Hierccimus
1570 1946 1630 2002 dixi
1643 1946 1723 2002 alibi.

945 2015 1026 2071 ereolt'
1041 2032 1090 2088 pro
1104 2017 1224 2072 Ferreoli
1235 2016 1364 2071 mendum
1372 2017 1451 2072 estin
1459 2016 1723 2089 antuerp-Maiore.

922 2087 1058 2143 Munerat.
1081 2087 1174 2156 babet,
1191 2087 1285 2143 deiqu
1299 2094 1454 2157 rotenorum
1478 2094 1608 2156 ounstns;
1625 2089 1725 2144 melius

922 2157 1041 2214 Greven.
1056 2165 1083 2214 ει
1098 2159 1212 2228 Melan,
1228 2160 1321 2215 dende
1333 2160 1581 2231 pronicotencrum,
1594 2167 1663 2227 etc.;
1676 2157 1724 2216 sed

922 2246 972 2285 nos
986 2246 1048 2286 cum
1063 2230 1179 2299 ceteris,
1195 2231 1265 2286 dein
1281 2231 1327 2287 Sic
1342 2231 1466 2303 praedicti
1481 2231 1600 2288 Greven.
1617 2239 1644 2287 et
1657 2231 1723 2288 blo-

921 2301 976 2357 lau.
993 2309 1055 2383 post
1076 2307 1168 2356 trusus
1182 2308 1229 2370 εει,
1254 2302 1403 2358 absolvunt
1423 2318 1547 2370 sensum,
1562 2317 1723 2375 novumque

921 2372 1073 2444 incipiunt:
1095 2374 1191 2428 Postea
1213 2390 1285 2442 uero,
1311 2383 1363 2431 etc.
1393 2373 1450 2429 Alii
1465 2372 1676 2431 omuesbabent
1691 2380 1722 2429 ut

921 2460 971 2500 nos
985 2445 1015 2499 in
1025 2451 1106 2502 textu
1120 2444 1292 2517 scripsimus.

738 2621 1041 2681 OBSERVATIONES.

92 2721 245 2781 Matienius
268 2721 422 2795 episcopus,
448 2721 545 2780 doctor
567 2729 595 2779 et
619 2731 734 2794 martyr,
750 2722 860 2794 scriptis

65 2809 114 2850 non
131 2795 227 2849 minus
242 2810 325 2876 qnam
345 2795 489 2850 sanctitate
504 2802 531 2851 et
554 2795 681 2866 martyrii
696 2811 798 2851 corona
811 2795 861 2850 in-

64 2866 163 2938 clytus,
180 2866 278 2921 multis
288 2867 530 2938 tumentiquornm
543 2875 600 2921 tum
617 2866 802 2923 recentiorum
814 2882 860 2921 en·

62 2939 158 2994 remiis
172 2937 338 2993 celebratur.
365 2938 439 2994 luter
463 2938 512 2994 bos
536 2939 643 3010 colligit
665 2938 860 2994 Tillemontius

61 3015 133 3065 tomo
149 3009 187 3075 V,
210 3025 226 3063 a
251 3025 310 3081 pag.
326 3009 389 3076 466,
406 3010 542 3083 quidquid
569 3011 654 3065 lerina
679 3010 727 3064 alii
743 3009 858 3081 sparsim

60 3089 234 3152 posterorum
260 3081 399 3136 memoriae
425 3082 605 3153 reliquerunt.
635 3083 708 3136 lnter
730 3081 859 3152 antiquos

952 2725 991 2779 lie
1000 2723 1124 2778 Ferreolo
1153 2722 1314 2779 uantnmvis
1324 2721 1426 2780 celebri
1436 2719 1588 2781 Viennensi
1598 2729 1720 2798 martyre

917 2795 1012 2874 nullus
1019 2794 1073 2851 hoc
1080 2793 1126 2851 die
1135 2739 1338 2867 Martyrologus
1349 2795 1458 2851 locutus
1464 2803 1573 2851 estante
1582 2795 1719 2855 Adonem.

917 2866 1035 2922 Videtur
1048 2874 1140 2922 tamen
1159 2867 1250 2923 locum
1266 2866 1366 2922 babere
1381 2866 1411 2922 in
1422 2868 1611 2922 vetustissimo
1624 2868 1720 2941 Epter-

917 2939 1038 3006 nacensi,
1050 2937 1129 3009 cujus
1142 2938 1306 2994 laterculum
1323 2937 1357 2992 ab
1373 2938 1514 2994 incurioso
1526 2938 1639 2994 librario
1648 2941 1720 2998 male

918 3010 1042 3065 habitum
1058 3017 1150 3066 censet
1161 3009 1360 3077 Florentiuins,
1375 3026 1437 3065 cnm
1452 3009 1481 3064 iu
1492 3026 1524 3066 eo
1535 3010 1659 3083 sequenti
1675 3011 1719 3069 die

918 3083 1062 3137 referatur.
1078 3082 1119 3136 Tu
1134 3081 1215 3136 illum
1230 3082 1269 3136 ibi
1296 3081 1419 3136 consule.
1443 3082 1556 3136 lnterim
1572 3099 1607 3137 ex
1622 3081 1719 3138 Adone

60 3153 224 3208 Methodium
239 3153 358 3207 maxime
367 3153 504 3279 praedicat
526 3152 712 3224 Hieronymus
732 3153 765 3208 de
779 3153 859 3208 Scri·
877 3156 897 3214 t]
915 3153 1025 3208 nonnisi
1049 3153 1165 3224 paucula
1187 3153 1311 3207 extraxit
1333 3151 1482 3220 Notkerus,
1498 3152 1546 3208 sed
1568 3153 1606 3208 ita
1625 3159 1718 3209 tamen

60 3224 187 3295 ptoribus
201 3224 269 3280 eccl.
286 3240 344 3294 cap.
385 3224 410 3291 3,
428 3240 462 3279 ex
481 3241 536 3296 quo
550 3240 566 3279 a
581 3225 698 3280 llomani
712 3223 791 3295 parri
806 3240 859 3278 an-

60 3305 131 3352 ctore
155 3296 205 3368 (ue
226 3311 261 3349 ue
286 3296 360 3350 enim
381 3295 454 3365 apud
484 3296 716 3367 Hieronymianos
740 3295 859 3362 codices,

61 3365 173 3435 bedam,
189 3311 302 3421 Fdorum
318 3373 366 3421 aut
383 3367 522 3422 ltabanum
541 3368 719 3437 memoratur)
733 3374 860 3436 acceptus

61 3437 181 3505 videtur,
193 3436 240 3493 his
264 3437 356 3493 verbis
372 3456 377 3492 :
395 3439 530 3505 Methodii,
549 3439 654 3509 Olympi
677 3439 763 3507 Lyciae
778 3445 802 3492 et
814 3454 860 3507 po·

60 3516 109 3564 rteo
126 3510 194 3580 Tyri
205 3509 319 3635 eglecopi
334 3509 380 3578 qui
395 3511 441 3563 sub
452 3510 618 3564 Dioclecioao
632 3509 763 3578 martyrio
778 3525 860 3563 coro-

60 3587 197 3636 natusest.
240 3581 265 3635 is
291 3580 352 3635 Ado
375 3581 527 3651 palaestram
545 3580 681 3636 duntaxat
704 3597 751 3635 sen
768 3581 859 3635 locum

60 3651 187 3734 martyrii
210 3651 413 3723 superaddidit,
430 3669 526 3723 nempe
543 3653 570 3707 in
589 3651 713 3709 Chalcide
740 3652 858 3718 Graeciae,

58 3739 117 3795 quaa
130 3723 199 3778 inde
218 3722 371 3794 desumpsit
392 3725 539 3789 Notkerus,
564 3740 628 3780 cum
646 3740 677 3779 ca
692 3723 856 3788 variatione,

59 3794 133 3866 quod
163 3795 277 3850 Ebocide
302 3796 424 3866 posuerit
448 3813 497 3868 pro
523 3796 655 3862 Chalcide,
671 3793 856 3860 amanuensis,

60 3866 174 3937 opinor,
186 3865 263 3921 uitio.
275 3866 374 3922 Noster
384 3876 514 3938 praeterea
522 3867 626 3922 iontem
637 3864 857 3937 indigitat,uude

59 3937 155 3992 omnia
179 3936 312 4010 descripta
339 3946 454 3995 suntet
479 3939 558 4010 plura
585 3937 703 3993 describi
731 3946 855 4009 potuere.

59 4008 130 4065 Bene
145 4008 256 4065 etiarna
272 4010 467 4067 wandalberto
479 4008 766 4066 laudaturbletbodius
781 4009 856 4064 hisce

59 4081 213 4138 uersiculis.

101 4173 165 4233 Ore,
176 4173 226 4224 lide
243 4177 350 4224 antistes
371 4174 454 4237 siguis
466 4180 491 4222 et
507 4173 635 4232 sanguine
654 4183 752 4235 martyr

103 4236 263 4297 Methodiue,
277 4242 396 4302 quartum
409 4237 503 4286 denitur
517 4234 688 4284 celebrandus
704 4236 823 4284 honorat.

915 3232 945 3279 ut
960 3223 1125 3294 martyrium
1140 3223 1286 3278 Brivatum
1297 3223 1381 3277 etiam
1396 3222 1553 3288 transierat,
1570 3223 1718 3295 quodcum

915 3294 1114 3350 sincerioribus
1128 3295 1205 3350 Actis
1217 3295 1290 3365 (quar
1305 3293 1502 3349 verosimiliter
1516 3293 1607 3349 Adoni
1623 3294 1717 3366 ignota

914 3366 1039 3434 luerunt)
1056 3380 1112 3420 non
1128 3365 1194 3421 satis
1210 3365 1340 3432 cobaeret,
1352 3372 1382 3420 nt
1411 3381 1440 3420 er
1452 3371 1480 3420 te
1494 3365 1655 3437 dignoscere
1669 3381 1716 3437 po-

914 3438 991 3503 teris,
1007 3437 1029 3492 si
1045 3453 1077 3491 ea
1090 3437 1217 3492 consulas
1231 3453 1291 3517 quar
1306 3435 1373 3490 olim
1389 3380 1486 3490 Murius
1501 3443 1528 3491 et
1543 3452 1599 3491 non
1613 3436 1652 3493 ita
1660 3439 1715 3563 qni·

914 3508 975 3564 rlem
992 3509 1065 3563 inter
1079 3507 1187 3563 Selecta
1201 3507 1289 3562 edidit
1302 3506 1491 3564 Ruinartiusa
1505 3522 1566 3579 pag.
1582 3507 1646 3565 509.
1686 3524 1714 3563 o·

914 3580 1021 3635 tissima
1046 3579 1167 3634 Ferreoli
1189 3595 1252 3635 cnm
1282 3576 1391 3633 Juliano
1415 3578 1582 3646 Brivatcnsi,
1612 3578 1715 3651 dequo

914 3668 1005 3706 xxviii
1013 3649 1130 3722 Augusti
1138 3651 1254 3721 egimus,
1266 3648 1437 3719 conjunctio,
1451 3649 1518 3705 lecit
1528 3657 1558 3705 ut
1569 3650 1715 3723 utriusque

913 3739 955 3778 res
970 3730 1059 3793 gestas
1078 3721 1250 3792 copulaverit
1269 3720 1464 3776 Tillemontius
1483 3729 1558 3777 tomo
1578 3720 1614 3789 V,
1629 3738 1713 3803 apag.

913 3794 976 3861 ets,
987 3791 1059 3875 apud
1068 3809 1149 3865 qneni
1158 3790 1433 3848 breviterdednctnm
1443 3791 1569 3848 iuvenies
1578 3792 1716 3866 quidquid

913 3865 942 3920 in
957 3872 1102 3936 utriusque
1117 3863 1226 3920 laudem
1241 3862 1308 3918 alibi
1323 3863 1521 3919 illustrandum
1536 3864 1599 3920 erit.
1616 3864 1715 3921 Usnar·

912 3938 964 3994 dns
978 3944 1072 3993 noster
1086 3952 1121 3992 ex
1138 3935 1294 3992 Adonianis
1309 3935 1466 3991 encomium
1480 3951 1563 3992 suum
1580 3943 1636 3992 mm
1650 3952 1713 4008 prn-

912 4009 1010 4066 deuter
1024 4008 1267 4080 attemperavit,ut
1280 4006 1460 4063 nibilasserat
1468 4007 1613 4089 quodcum
1622 4007 1717 4066 citatis

910 4080 990 4137 Actis
1005 4096 1061 4136 non
1078 4080 1220 4152 aptissime
1239 4079 1396 4135 conveniat.
1421 4080 1573 4153 Antiquam
1596 4080 1631 4137 de
1643 4081 1714 4138 Fer-

912 4153 988 4209 reolo
1004 4151 1114 4206 missam
1131 4149 1245 4205 exbibet
1259 4149 1367 4204 blissale
1387 4149 1536 4207 Gothicum
1555 4168 1604 4208 seu
1622 4152 1714 4226 polius

912 4224 1086 4280 Gallicanum
1100 4238 1116 4277 a
1130 4220 1279 4276 Thomasio
1294 4220 1400 4277 editum
1415 4236 1477 4292 pag.
1494 4222 1556 4279 359.

788 4337 979 4398 Ancaeum.

93 4443 252 4502 Pucsauna.
269 4444 299 4499 in
321 4443 410 4517 prima
432 4441 644 4500 annuntiatione
668 4439 784 4495 mutilus
805 4445 856 4506 est,
875 4431 974 4492 Dcide
988 4431 1100 4490 Graecias
1116 4431 1250 4504 martyrio
1265 4437 1412 4489 coronatus
1421 4436 1472 4489 εει.
1484 4427 1610 4501 Viennae,
1626 4431 1714 4491 suncti

61 4515 104 4572 nbi
119 4517 206 4573 etiam
234 4533 284 4588 pro
301 4516 406 4587 Olympi
422 4516 511 4583 Licioe,
542 4513 640 4569 scribit
664 4511 727 4566 olim
747 4509 856 4568 Cilicio.

60 4587 89 4643 ln
102 4592 193 4645 altera
202 4587 237 4643 de
251 4589 379 4644 Ferreolo
390 4605 474 4660 purus
484 4595 534 4642 est.

92 4659 470 4727 sanusne..·llxx.·Luuec.,
503 4663 677 4725 Aouicmcr„
697 4651 858 4721 Vtcrourrs,

60 4729 205 4788 Bicorrxn.
220 4731 271 4786 sub
292 4731 413 4786 litteraP
425 4732 451 4798 5,
464 4730 532 4786 linc.
548 4731 630 4786 Sunc.
646 4725 857 4792 suhntim.130,

58 4810 84 4857 et
95 4803 285 4870 Uennenses,
301 4819 396 4858 omnes
411 4803 440 4857 in
455 4809 534 4858 textu
555 4803 621 4858 satis
636 4801 709 4873 puri,
722 4798 859 4870 adjiciunt

59 4873 86 4929 in
107 4874 182 4930 tine:
216 4876 321 4942 «Item,
346 4881 503 4930 sanctorum
532 4873 686 4955 Trophimi,
711 4871 812 4928 Oceani
832 4877 860 4950 et

56 4944 210 5018 Eustorgii.
228 4970 237 4994 ι
258 4948 297 5002 Ι)ε
321 4962 385 5002 vera
407 4946 507 5002 horum
532 4945 711 5001 distinctione
732 4950 759 4998 et
780 4958 860 5014 posi-

56 5017 134 5073 tione
160 5017 226 5074 vidc
244 5018 399 5092 apographa
421 5018 637 5089 Hieronymiana
651 5014 724 5088 apud
739 5016 859 5070 Floren-

56 5089 171 5146 tinium.
795 5127 804 5140 .

92 5157 859 5228 Arruntis-Max.,UnrnarncretLnxneu.,Lovxmnu.,

55 5235 220 5290 Acunucns.
237 5242 264 5289 et
275 5236 372 5289 llanrc.
389 5241 495 5289 textum
503 5233 584 5289 etiam
602 5232 777 5302 satispurum
793 5227 860 5307 refe·

55 5313 133 5373 runt,
149 5306 196 5363 cui
224 5304 263 5360 in,
278 5306 332 5361 sine
355 5304 496 5360 subdunt:
520 5302 705 5367 «Mediolani,
724 5298 860 5379 depositio

54 5378 145 5433 sancti
161 5377 245 5433 Satiri
269 5377 444 5442 confessuris,
463 5376 556 5431 fratris
570 5374 657 5430 sancti
676 5370 853 5450 Ambrosii.3

56 5447 108 5504 Hic
133 5449 162 5504 iu
191 5449 314 5505 Romano
334 5447 469 5504 hodierno
511 5446 663 5503 onilurdie
684 5440 858 5515 praecedenti.

55 5520 204 5593 Sequitur:
228 5546 236 5567 ι
251 5522 318 5576 ltem
329 5464 638 5590 muctorumMropbiini
651 5515 735 5588 lnpard
745 5512 859 5582 aliquos,

913 4504 1033 4564 Ferreoli
1051 4504 1214 4575 martyris.»

949 4579 1128 4634 Banxncnns.
1143 4575 1218 4630 solus
1244 4573 1316 4630 inter
1330 4590 1425 4631 omnes
1441 4572 1480 4629 ita
1494 4573 1567 4631 diem
1584 4574 1713 4632 orditur:

921 4651 1049 4717 «Romae,
1067 4646 1154 4703 sancti
1165 4646 1277 4702 Martini
1292 4662 1366 4719 pape
1377 4655 1404 4703 et
1419 4647 1559 4719 martyris.
1576 4647 1630 4715 Qui
1645 4645 1713 4703 dnm

913 4723 1025 4777 missam
1037 4720 1198 4788 celebraret,
1211 4718 1352 4791 Spatarins
1367 4717 1490 4792 Olympii
1508 4719 1609 4777 missus
1621 4719 1655 4777 ad
1670 4735 1714 4778 oc·

914 4793 1074 4862 cidendum,
1088 4799 1115 4847 et
1128 4793 1222 4848 leuans
1237 4788 1314 4847 adid
1333 4791 1466 4862 gladium,
1481 4808 1570 4848 cacus
1583 4792 1713 4850 efficitur.

914 4866 950 4923 Et
961 4865 1038 4938 posti
1060 4881 1088 4920 se
1097 4880 1165 4937 papa
1176 4863 1299 4919 mittitur
1310 4864 1338 4919 in
1347 4864 1475 4927 exilium.
1483 4862 1568 4936 Cujus
1579 4865 1712 4920 memoria

914 4882 1106 5009 priucipaMter
1115 4936 1207 5009 agitur
1220 4953 1248 4991 iv
1264 4934 1328 4992 ldns
1340 4935 1516 5002 Novembris,
1532 4952 1585 5008 qua
1597 4935 1642 4990 die
1656 4935 1715 5014 ipse

915 5009 1034 5066 feliciter
1048 5008 1179 5080 migravit
1193 5006 1227 5063 ad
1242 5008 1403 5064 Dominum.
1418 5032 1427 5055 ι
1454 5007 1520 5075 Qnae
1535 5022 1616 5062 carisa
1631 5004 1715 5059 luerit

914 5098 977 5138 eum
991 5080 1042 5136 hac
1057 5080 1103 5135 die
1125 5079 1265 5135 Bruxellis
1288 5078 1437 5146 recolendi,
1454 5076 1587 5132 hactenns
1605 5077 1713 5146 ignoro,

914 5169 965 5209 nec
980 5151 1120 5222 inquirere
1131 5167 1219 5222 operae
1231 5150 1349 5222 pretinm
1363 5149 1503 5205 existimo
1517 5147 1585 5202 Vide
1596 5163 1656 5219 qnae
1668 5145 1714 5202 die

914 5241 963 5280 xvi
978 5221 1145 5293 Septembris
1160 5221 1284 5277 diximus
1302 5221 1445 5277 occasione
1466 5217 1597 5273 versiculi
1620 5218 1713 5274 Wan-

915 5293 1074 5351 dalbertini.
1091 5292 1163 5365 Srqu
1176 5301 1222 5347 tur
1236 5299 1330 5347 textus
1353 5291 1419 5347 satis
1432 5305 1537 5416 Epurus.
1563 5288 1668 5345 Deinde
1683 5290 1714 5346 in

914 5367 983 5422 sine:
1001 5361 1422 5433 ‹Mediolani,depusitiosancti
1457 5360 1711 5443 ustorgiiepiscopi,

915 5445 942 5494 et
954 5435 1026 5492 beati
1042 5433 1124 5489 Satiri
1148 5433 1323 5499 confessoris,
1345 5433 1437 5487 fratris
1458 5439 1546 5488 sancti
1561 5433 1712 5492 Ambrosii.

915 5511 983 5566 ltem
994 5514 1153 5562 sanctorum
1165 5503 1311 5571 Tropbini,
1327 5504 1444 5561 Occeani
1458 5511 1485 5559 et
1499 5503 1582 5560 Sixti.

55 5590 220 5665 Tropbinil,
240 5593 368 5659 Occeani,
395 5600 421 5647 et
436 5589 586 5661 Eustorgii.
604 5614 612 5637 ·
643 5587 742 5642 Mirum
767 5591 808 5639 est
831 5582 860 5637 in
952 5580 1132 5658 chnnlotnu.
1148 5575 1194 5658 de..
1208 5574 1372 5656 Metuonis,
1383 5583 1445 5657 9⁰⁸2¹
1468 5575 1581 5658 ‘RMCOJO'
1595 5575 1711 5658 inserit:

53 5664 164 5719 Daxrco
180 5680 231 5735 pro
244 5666 335 5720 entole
348 5663 433 5718 scribi
450 5663 478 5717 in
490 5660 625 5735 principio
639 5660 694 5713 Nee
714 5657 762 5712 oli.
830 5725 835 5735 Ι
925 5675 934 5700 ι
948 5650 1068 5707 doctoris
1094 5663 1201 5729 egregii·
1211 5654 1249 5728 et.
1259 5654 1389 5720 martyris
1402 5662 1509 5704 eximii.
1525 5673 1535 5698 »
1560 5649 1591 5704 ln
1606 5649 1714 5730 reliquo

92 5735 255 5793 Cnurnnnu.
274 5753 280 5791 :
304 5735 420 5791 «Natale
431 5734 520 5789 sancti
534 5730 668 5788 Methodii
710 5726 862 5799 limpiliciaa
915 5731 994 5781 textu
1004 5728 1112 5777 tantum
1128 5719 1425 5792 nrodrcernterpolatus
1435 5720 1523 5776 est.ln
1535 5719 1589 5775 fine
1599 5719 1710 5791 adjacit:

54 5811 84 5864 et
96 5814 194 5884 postea
208 5807 266 5864 ‘liri
280 5805 413 5882 episcopi,
429 5805 477 5879 qui
492 5801 732 5878 subnyocteriano
747 5799 777 5856 in
791 5797 860 5859 Cal·
922 5819 933 5848 ι
950 5791 1111 5864 Mediolani,
1139 5790 1277 5866 depositio
1300 5792 1388 5851 sancti
1415 5791 1517 5850 Satbiri
1537 5790 1711 5862 contesoris,
