3834 6136
591 199 910 264 mnntttteteettttt.
930 234 966 248 -
985 204 1090 264 MENS.
1112 205 1195 266 AUG.

1662 213 1714 273 330

98 327 263 387 Aourcutcr.
283 321 314 378 in
328 321 384 379 fine
409 323 503 379 addit:
525 347 534 372 ι
549 326 759 397 Augustodnno,
774 336 861 384 sancti
875 332 901 390 A
916 331 1084 402 temporibus
1099 332 1233 388 Antonini
1253 333 1425 405 imperatoris
1440 347 1620 410 cognomento
1635 339 1706 397 Pii·

63 399 105 456 Ειι
125 393 230 452 hronii.
248 419 257 444 ι
279 394 326 451 Sic
341 393 440 450 melius
454 411 536 467 quam
551 396 580 451 in
594 398 767 468 praecedenti.

144 465 565 525 τιιιο.-[ἰιιιτιιι.-ὓιιιιιιιιιι.ι
595 490 605 514 ι
629 470 768 526 ltevelatio
790 471 862 528 beati

64 540 195 614 Stephani
210 537 434 619 protomartyris.
448 539 573 596 inventio
587 555 635 595 seu
647 542 777 598 revelatio
786 559 861 599 sanc·

65 623 156 671 torum
163 609 480 676 Gamelielis,Nrcodemi
489 611 665 679 ctAbibonis‚
674 629 755 687 qnam
767 615 862 671 beante

64 684 201 744 Luciacus
230 682 356 764 reshyter
371 681 526 755 descripsit.
546 682 678 741 hermelli
694 686 854 759 martyris.»

64 757 172 814 Poterat
186 699 301 827 atfjungr
314 755 450 826 palaestra.

97 828 247 895 Varrone,
262 825 314 882 sub
324 835 390 881 nota
403 842 480 882 num.
496 825 686 900 selandicis
702 847 708 885 ε
731 852 740 877 ι
758 831 860 900 homas,

64 901 149 959 sancti
165 898 309 972 Diogenis.
326 923 335 944 ›
357 897 430 953 Aliis
443 898 554 969 ignotus
568 909 617 956 est.

96 973 289 1029 Uenetorum:
313 993 322 1016 .
337 969 548 1040 Augustoduuo,
562 970 696 1044 depositio
706 971 791 1028 sancti
807 973 862 1029 En·

64 1042 142 1102 tronii
158 1043 293 1116 episcopi.
310 1065 318 1088 ι
335 1041 439 1109 Scribe,
456 1048 583 1124 utsupra
603 1067 611 1089 ι
629 1045 788 1114 duplicanti.
810 1069 818 1092 ι

95 1116 288 1172 sennanim:
313 1113 419 1184 «Apud
442 1113 599 1183 Novariam,
610 1115 697 1170 sancti
713 1114 860 1171 Gaudentii

63 1188 180 1262 episcopi
195 1194 224 1243 et
238 1184 413 1243 contessoris.
425 1185 528 1252 Romae,
543 1186 570 1242 in
585 1186 742 1242 cemeterio
753 1187 859 1256 Calisti,

63 1259 146 1317 sancti
159 1257 274 1315 'l’arsitii
296 1255 422 1324 acolithi,
438 1256 510 1313 sicut
529 1255 559 1311 in
579 1258 662 1329 gestis
683 1257 771 1315 sancti
796 1257 862 1314 Ste-

63 1331 143 1406 phani
159 1346 237 1405 papa
250 1336 279 1386 et
296 1328 428 1400 martyris
441 1327 551 1399 legitur.
565 1351 575 1376 ›

95 1403 277 1460 Braunrrcmt.
295 1417 301 1457 :
326 1400 476 1456 «inventio
491 1399 613 1473 corperis
627 1399 778 1457 beatissimi
796 1400 862 1456 Ste-

64 1473 158 1548 phani.
167 1516 189 1532 ..
203 1475 273 1531 ltem
286 1471 462 1545 chrysopoli,
477 1487 537 1543 qnae
551 1487 626 1528 nnnc
647 1472 773 1528 Btznntia
786 1472 863 1528 dici-

64 1553 120 1614 tur,
144 1545 279 1602 adventus
287 1543 466 1616 reliquiarum
477 1543 627 1615 supradicti
639 1544 860 1616 protomartyris.

65 1618 118 1676 Pro
140 1617 214 1673 rium
228 1616 289 1684 loci,
303 1614 336 1672 tle
369 1631 405 1671 uo
419 1614 490 1670 nihil
505 1614 579 1686 apud
592 1614 672 1671 alios.
687 1640 697 1662 »

124 1705 203 1744 orrro
215 1631 369 1744 amane-3.

371 1703 428 1755 ou,
439 1686 467 1742 in
477 1685 705 1758 textulerepura‚
717 1684 860 1766 adjungit:
878 1703 901 1762 B
916 1687 1023 1742 ordinis
1037 1687 1226 1744 Cisterciensis
1240 1695 1267 1744 et
1281 1707 1331 1745 con

916 402 996 458 Alius
1008 403 1111 472 luctus,
1127 404 1156 459 in
1173 404 1267 460 Adone
1280 407 1324 461 dis
1339 423 1395 480 seq.

951 474 1046 530 Bsnrs.
1077 476 1106 529 in
1134 477 1293 532 inventione
1310 479 1397 534 sancti
1425 480 1568 551 Stephani,
1589 484 1714 556 sequitur

916 543 1604 623 phrasimAnrunnrrsss.etaliorumsupra.'l'um:
1627 556 1712 611 ‹Con-

915 617 1106 688 stantinopoli,
1118 621 1206 674 natale
1221 620 1308 675 sancti
1324 621 1455 677 Herrnolir
1469 625 1608 695 martyris.
1622 625 1712 696 Augu-

915 687 1044 769 sindana,
1060 688 1194 761 depositio
1214 693 1301 746 sancti
1322 693 1449 749 Enlronii
1474 695 1605 767 episcopi.
1632 697 1713 768 Apud

914 759 1073 828 Novariam,
1100 762 1187 818 sancti
1213 762 1357 818 Gaudemii
1385 766 1542 836 episcopt·
1567 783 1617 838 pro
1633 769 1713 822 dau-

915 831 996 958 qerttii
1010 832 1241 957 quemadmodem
1256 835 1381 907 superius
1396 836 1505 909 scripsit
1521 839 1649 895 Hermolii
1664 855 1713 912 pro

941 920 1010 957 erne
1034 921 1052 958 a.

951 975 1101 1057 German:
1132 976 1280 1046 «Viennae,
1308 986 1430 1052 tempore
1453 981 1588 1037 Antonini
1607 998 1713 1065 cogno-

915 1053 1008 1101 mento
1022 1047 1075 1113 Pn,
1090 1049 1177 1104 sancti
1193 1050 1262 1105 lusti
1274 1051 1393 1123 episcopi
1406 1060 1433 1107 et
1448 1054 1587 1126 martyris,
1603 1055 1713 1110 eximias

915 1118 1068 1199 sanctitatis
1082 1118 1146 1200 viri.
1168 1121 1371 1193 Augustodino,
1391 1124 1525 1196 depositio
1546 1126 1635 1182 sancti
1659 1126 1713 1180 Eu·

916 1188 998 1244 ironn
1027 1205 1147 1261 episcopt
1176 1199 1203 1246 et
1229 1192 1402 1250 contessoris.
1432 1196 1463 1251 ln
1491 1197 1578 1264 ltalia,
1600 1197 1713 1252 civitate

914 1259 1154 1341 Novaria,⁴sancti
1179 1261 1326 1318 (laudentii
1342 1266 1461 1337 episcopi
1488 1274 1515 1322 et
1537 1267 1712 1323 contessoris.

915 1330 1166 1402 Constantinopoli,
1177 1334 1263 1390 sancti
1277 1335 1420 1408 Metropoli
1430 1337 1560 1409 episcopi.
1572 1363 1582 1385 »
1602 1339 1645 1393 An
1657 1353 1713 1393 non

914 1402 1119 1472 Metrophanes?
1138 1402 1209 1459 Vide
1237 1406 1449 1462 Florentininm.
1486 1430 1496 1454 ι
1524 1409 1625 1466 Fiacrii
1649 1425 1714 1465 ere-

916 1474 989 1529 mite
1003 1482 1030 1529 et
1049 1473 1222 1531 contessoris.
1239 1476 1317 1541 item,
1335 1477 1455 1534 Walteni
1470 1478 1576 1534 abbatis
1593 1488 1621 1536 et
1642 1495 1715 1536 cen-

915 1543 1035 1600 lessoris.
1052 1545 1162 1601 Martini
1175 1545 1349 1604 contessoris.
1376 1549 1406 1605 ln
1433 1549 1539 1617 llassia,
1554 1550 1640 1607 heatae
1656 1566 1712 1606 me·

916 1616 1009 1672 moriae
1023 1615 1141 1673 Conradi
1157 1615 1190 1673 de
1206 1618 1393 1745 Herleshepm,
1403 1621 1532 1702 monachi
1547 1622 1711 1695 presbyteri,

1346 1707 1480 1748 essoris·

70 1758 302 1832 «Augustulum,
317 1757 452 1840 depositio
461 1757 549 1815 sancti
564 1757 692 1813 Entronii
705 1774 827 1886 episcopt
837 1764 863 1813 et
952 1758 1059 1814 Menan.
1079 1776 1085 1814 :
1107 1759 1327 1830 ‹Augustndini,
1338 1762 1473 1833 depositio
1487 1764 1575 1822 sancti
1589 1762 1715 1838 Euphro-

62 1829 238 1890 centessoris.
255 1831 286 1887 ln
300 1830 388 1898 ltalia,
401 1830 514 1887 civitate
535 1829 663 1898 Novaria,
680 1829 767 1886 sancti
816 1845 861 1885 an·

63 1902 149 1960 dentii
164 1900 287 1975 episcopi
302 1909 329 1958 st
342 1901 516 1958 contessoris.
532 1899 635 1956 Eodem
646 1901 702 1967 die,
716 1900 787 1956 beati
798 1901 862 1956 Fia-

62 1974 109 2033 crii
125 1974 271 2031 heremite
285 1982 312 2030 et
325 1972 500 2030 contessoris.
523 1971 648 2053 Viennae,
674 1971 760 2028 sancti
780 1971 861 2039 lusti,

63 2045 184 2121 episcopi
211 2053 239 2104 et
260 2044 402 2120 martyris,
423 2043 533 2103 eximie
559 2043 712 2103 sanctitatis
725 2043 790 2114 viri,
811 2044 862 2100 sub

918 1829 958 1884 nii
977 1829 1097 1902 episcopi
1119 1831 1200 1903 Apud
1213 1832 1369 1899 Novariam,
1383 1835 1471 1891 sancti
1487 1835 1635 1893 Gaudentii
1651 1837 1716 1909 epi-

917 1901 1029 1973 scopi·
1051 1902 1082 1957 ln
1106 1902 1302 1972 posterioribus
1324 1903 1493 1962 editionibus
1516 1908 1610 1964 eadem
1635 1909 1716 1980 plane

918 1973 1025 2044 repetit,
1041 1972 1095 2028 hoc
1109 1974 1198 2028 solum
1210 1973 1362 2046 ad‘ungens
1376 1994 1381 2032 :
1406 2000 1415 2025 .
1429 1978 1581 2048 nictantia,
1601 1987 1717 2038 sancto·-

917 2061 978 2099 rum
994 2044 1105 2101 Patrnm
1120 2044 1226 2115 lsaacii,
1242 1992 1361 2104 batruati
1375 2056 1402 2105 et
1417 2049 1521 2106 Fausti.
1538 2076 1548 2099 ι

64 2224 154 2292 Pridie
168 2223 241 2288 Non.

1626 2231 1676 2288 nte
1689 2227 1719 2287 A.

98 2319 203 2379 Natalis
216 2313 290 2376 beati
303 2311 469 2387 Aristarchi,
485 2310 614 2390 discipuli
630 2314 718 2373 sancti
733 2311 812 2371 Pauli
836 2310 965 2387 apostoli.
981 2311 1074 2372 homes
1089 2311 1134 2371 via
1151 2310 1257 2384 Latina,
1274 2315 1365 2390 passio
1378 2317 1465 2375 sancti
1476 2317 1621 2377 tertullini
1637 2339 1716 2378 mar-

68 2409 148 2484 tyris,
163 2408 212 2484 qui
226 2409 279 2466 sub
294 2408 445 2465 Aureliano
459 2407 633 2479 imperatore,
652 2413 714 2479 post
726 2404 840 2476 impiam
851 2402 968 2459 fustium
986 2402 1179 2460 mactationem
1189 2412 1216 2460 et
1226 2406 1332 2477 ignium
1346 2407 1419 2464 circa
1433 2408 1517 2464 latera
1530 2408 1716 2477 exustionem,

65 2515 97 2559 ac
124 2501 183 2558 oris
206 2500 475 2574 conquassationem,
498 2506 580 2573 atque
598 2498 709 2572 equulei
738 2496 939 2568 extensionem,
966 2513 1171 2572 nervorumque
1191 2500 1348 2569 caesionem,
1367 2501 1430 2559 data
1450 2501 1597 2572 sententia,
1619 2503 1719 2576 capitis

69 2590 257 2666 amputatione
271 2592 437 2666 martyrium
452 2589 665 2650 consummavit.

833 2707 951 2770 NOTAE.
1057 2744 1061 2752 .

99 2813 221 2876 lantum
230 2815 294 2892 puri
308 2821 374 2875 sunt
383 2811 492 2875 codices
506 2814 629 2885 Protea,
645 2811 794 2879 Hecaten„
809 2811 967 2879 Palmam,
982 2811 1125 2884 Antuerp.,
1140 2808 1333 2872 Mam-Labeo.
1349 2819 1376 2870 et
1389 2812 1526 2874 Munerat.

654 2937 856 2999 vastantes
876 2935 1083 2996 LECTIONES.

64 3043 176 3104 Natalis
207 3041 290 3099 tancti
319 3040 479 3110 Aristarchi,
508 3039 574 3114 legit
600 3038 675 3096 solus
694 3038 843 3094 Pulsanen.
862 3054 868 3092 :
888 3036 1031 3108 cpliciter
1053 3044 1183 3108 ponunt,
1213 3039 1417 3107 quassationem.
1449 3039 1502 3097 Sed
1530 3039 1590 3099 haea
1617 3042 1722 3101 leuiora

65 3116 171 3189 reliqui
186 3131 292 3183 ornnes,
308 3121 338 3170 nt
352 3123 393 3171 est
404 3115 434 3170 in
448 3120 538 3170 textu.
555 3114 585 3169 ln
601 3111 707 3179 eodem,
723 3117 786 3167 ante
805 3111 868 3165 Ter·

66 3188 170 3255 tultini,
197 3186 273 3243 deest
292 3184 389 3243 titulus
415 3186 509 3240 sancti.
539 3185 638 3240 Nullus
653 3182 739 3239 codex
763 3188 804 3237 cst
818 3195 865 3236 seu

64 3277 127 3324 ms..
143 3274 195 3316 sen
214 3256 288 3331 typis
300 3257 400 3326 editus,
422 3257 469 3330 qni
492 3271 548 3312 non
565 3256 636 3325 legat
658 3255 705 3309 sab
719 3252 867 3309 Aureliano

65 3332 236 3405 imperatore.
260 3328 321 3386 Ado
345 3337 549 3401 tumensque
568 3327 626 3383 haec
649 3325 743 3381 omnia
758 3330 868 3405 accepta

67 3412 128 3461 sunt
147 3401 287 3459 exsaucti
309 3400 442 3473 Stephani
468 3400 557 3466 Actis,
584 3408 733 3470 tyrannum
758 3402 868 3451 vocavit

71 3474 243 3533 Valerianum
258 3479 451 3554 imperatorem.
467 3472 572 3530 Rursus
586 3470 763 3526 consentiunt
773 3482 868 3522 orienes

66 3545 94 3603 iu
105 3546 219 3618 impiam
232 3543 346 3615 [astrum
365 3543 548 3599 mactationem
562 3560 571 3606 ,·
586 3542 720 3611 Antuerp.
737 3546 828 3620 emen
841 3546 869 3593 et

65 3616 262 3675 llam-Lumo.
289 3633 352 3673 cnm
374 3615 476 3672 Melan.
506 3613 631 3670 scribant
653 3616 865 3667 macerationem.

68 3688 213 3746 Pulsanen.
231 3704 280 3762 pre
294 3704 326 3743 cc
350 3687 405 3741 oris
427 3686 681 3758 conquassationem,
694 3682 776 3738 habet
795 3684 869 3762 ονίι-Ι

86 3777 135 3815 ue:
152 3759 219 3816 item
235 3776 284 3832 pro
299 3775 500 3830 nervorumque,
520 3758 587 3830 legit
609 3774 640 3812 ae
653 3752 869 3835 amoenumqubr

69 3778 202 3905 antuerp.
217 3841 245 3889 et
257 3830 448 3889 nax.-t.uhec.
464 3831 525 3888 loco
532 3828 787 3900 conquassationem,
798 3841 870 3881 srm-

923 3117 1005 3165 sunt:
1027 3116 1082 3164 tres
1103 3108 1212 3164 codices
1226 3110 1337 3180 optimas
1356 3112 1424 3166 alias
1445 3119 1527 3177 notos,
1548 3129 1645 3186 nempe
1660 3117 1724 3172 An-

923 3178 1132 3251 tuerp.-Maior,
1150 3179 1267 3234 Greven.
1298 3188 1325 3236 et
1352 3181 1453 3238 Melan.
1470 3182 1500 3238 in
1526 3184 1618 3268 aliqua
1640 3187 1723 3259 elogii

923 3260 1000 3323 parte
1015 3249 1158 3318 deficiunt,
1168 3249 1275 3306 domita
1289 3251 1394 3323 legunt,
1412 3253 1543 3323 etipnium
1556 3273 1627 3311 circe
1639 3259 1724 3314 latera

922 3328 1093 3389 exustionem,
1108 3339 1300 3391 nestrorumque
1316 3324 1490 3378 extensionem
1503 3342 1512 3377 .·
1528 3327 1581 3394 vel,
1608 3335 1638 3382 ut
1661 3329 1724 3384 An-

923 3392 1287 3464 tuerp.-Maj.neruorurnque
1300 3393 1449 3448 scissionem
1464 3395 1573 3451 omissis
1587 3397 1723 3456 interme-

923 3465 988 3532 tltiS,
1004 3481 1063 3590 311OE
1086 3480 1167 3519 eausa
1195 3472 1244 3531 681,
1275 3478 1324 3520 cnr
1346 3481 1515 3592 Ofssml'lllll
1547 3484 1723 3528 numerosos

1407 3538 1415 3556 t

1396 3544 1722 3612 erevenusaugmentnm

923 3607 1000 3663 aliud
1019 3607 1126 3674 babeat,
1147 3615 1240 3678 postea
1255 3608 1436 3664 recitandum.
1463 3610 1609 3667 Pulsaneu.
1627 3614 1724 3671 scribit

923 3680 1104 3743 consumavit;
1131 3685 1162 3735 nt
1186 3679 1321 3737 Munerat.
1351 3680 1490 3751 Tantalici,
1516 3689 1581 3753 ete,
1598 3701 1659 3757 qne
1675 3684 1723 3742 vix

924 3751 1044 3807 notanda
1057 3756 1131 3807 sunt.

924 3537 1004 3591 exctu
1025 3551 1113 3602 amus,
1126 3543 1306 3608 preterquam
1317 3553 1370 3610 qno

742 3950 1045 4011 OBSERVATIONES.

99 4056 157 4117 Nec
183 4057 347 4127 Aristarchi,
371 4071 422 4114 nec
447 4054 590 4113 Tertullini
613 4053 670 4110 ulla
693 4052 775 4109 hodie
797 4052 868 4125 apud

69 4128 170 4186 Hieron
194 4131 301 4187 mianos
321 4172 329 4198 ,
349 4129 461 4198 Bedam,
492 4129 616 4196 Florum,
640 4126 794 4192 Rabanum,
822 4129 870 4180 aut

70 4147 298 4259 wannabmnam
308 4201 453 4257 memoria:
464 4210 612 4281 utrumque
620 4199 703 4281 relect
714 4199 869 4254 Itomauum

69 4288 181 4345 parvum
205 4272 250 4330 his
264 4273 355 4330 verbis
369 4271 521 4328 Ara'storcln'
540 4271 663 4342 discipula
677 4269 867 4347 apostolorum.

70 4345 99 4401 ln
112 4345 359 4417 erppmerenem'u,
384 4342 526 4400 Tertrtllim'
540 4342 668 4413 martyras
682 4342 781 4398 Rome.
798 4339 869 4394 Hinc

63 4411 162 4473 'ambos
173 4415 341 4474 Viennensis
350 4416 377 4471 in
388 4414 614 4487 Martyrologium
626 4429 705 4469 suurn
716 4409 867 4491 transtulit,

70 4503 101 4543 ex
112 4505 170 4562 qno
184 4487 322 4545 verbatim
338 4487 500 4559 procedunt,
516 4502 576 4566 que
599 4484 633 4540 de
652 4481 814 4538 Aristarcho
839 4496 868 4536 m

69 4565 146 4617 textu
160 4567 258 4617 nestro
272 4558 414 4616 dicuntur.
438 4559 532 4616 hlirarr
557 4556 631 4624 licet,
656 4553 810 4611 Usuardum
834 4551 869 4608 ad

69 4630 245 4688 Festivitates
257 4632 443 4704 apostolorum
465 4643 604 4686 recurrere
619 4625 742 4692 solitum,
759 4639 803 4680 eas
816 4623 869 4680 hoc

924 4051 975 4108 hac
989 4050 1100 4108 demum
1115 4049 1160 4107 dis
1175 4050 1247 4108 beati
1261 4050 1391 4126 martyris
1406 4051 1541 4112 festivitas
1556 4053 1719 4130 celebretur,

924 4123 1060 4178 rationem
1074 4123 1113 4178 ihi
1126 4121 1269 4194 subjungit
1285 4123 1356 4191 Ado,
1371 4126 1444 4198 quod
1457 4143 1554 4199 nempe
1563 4128 1596 4185 ad
1607 4129 1665 4201 ejus
1675 4149 1723 4188 sc-

943 4196 1049 4250 nlcrum
1076 4209 1217 4247 concrtrsns
1239 4195 1362 4248 solemnis
1387 4196 1434 4265 fiat
1457 4213 1477 4252 ιι
1491 4199 1582 4254 Nonas
1596 4202 1720 4272 Augusti.

922 4211 1007 4321 gorra
1016 4263 1121 4319 Adonis
1132 4264 1251 4335 elogium
1262 4280 1295 4319 ex
1306 4264 1384 4321 Actis
1393 4266 1479 4322 sancti
1492 4268 1623 4340 Stephani
1634 4288 1720 4344 papas,

923 4334 1136 4394 nudiustertius
1150 4334 1300 4391 novissime
1318 4334 1449 4404 civitatis,
1465 4336 1641 4410 desumptum
1667 4353 1719 4412 est,

922 4417 1003 4480 atque
1019 4424 1035 4463 a
1057 4407 1157 4463 Nostro
1172 4407 1311 4478 eleganter
1325 4415 1507 4476 contractum,
1524 4409 1564 4466 sic
1583 4418 1675 4467 tamen
1691 4422 1722 4470 ut

923 4480 959 4534 im
964 4477 1096 4550 peratoris
1108 4494 1207 4533 nomen
1223 4493 1362 4548 perperam
1373 4482 1532 4547 mutaverit,
1543 4480 1721 4538 Aumliannm

922 4550 1044 4606 scribens
1064 4565 1112 4620 pro
1132 4548 1284 4613 Valeriane,
1307 4549 1537 4621 quemadmodum
1561 4552 1591 4609 iu
1605 4552 1719 4610 Varian-

923 4621 998 4676 tibus
1018 4619 1185 4677 leotionibus
1200 4621 1423 4690 monstravimus,
1446 4622 1519 4695 quod
1544 4621 1572 4678 in
1595 4624 1720 4683 Romano

70 4700 176 4761 dienen
187 4703 370 4772 consuluisse,
383 4710 414 4758 ut
426 4701 490 4757 iude
500 4699 582 4771 elogii
595 4696 713 4770 alicujus
725 4695 866 4751 materiam
881 4697 906 4756 D
923 4692 1054 4749 moderno
1067 4698 1139 4748 recte
1155 4699 1307 4749 correctum
1320 4693 1453 4750 invenies.
1470 4693 1513 4750 An
1527 4694 1555 4750 id
1571 4696 1672 4765 studio,
1684 4714 1719 4755 an

70 4773 237 4845 numeret,
267 4791 349 4857 quarn
378 4773 504 4832 Melanos
533 4772 638 4899 inteqre
663 4768 794 4851 laterculo
818 4783 868 4847 sno

71 4844 170 4903 litteris
197 4846 302 4903 Italicus
327 4846 453 4913 inseruit,
481 4843 561 4900 utin
615 4849 728 4898 uctarns
751 4839 865 4912 patebit.

66 4913 132 4984 duae
158 4933 227 4974 vere
252 4926 381 4990 praeterea
404 4916 554 4974 aNotkero
575 4913 754 4986 adjiciantur,
770 4927 801 4992 ea
818 4911 866 4965 bu·

67 4986 109 5060 jns
137 4990 194 5046 leci
217 5005 274 5047 nun
303 4996 377 5046 sunt.
407 4990 463 5045 Nec
490 5003 555 5043 vero
579 4984 867 5058 praetcrAdontanum

70 5060 200 5134 elogium,
224 5065 313 5118 multa
330 5061 442 5117 aliunde
456 5061 489 5116 de
513 5056 673 5115 Aristarcho
686 5055 792 5125 suggeri
809 5070 866 5125 pes·

70 5141 141 5189 sunt.
163 5133 297 5206 Pleraque
318 5133 412 5189 omnia
434 5149 469 5188 en
489 5130 605 5187 Actibus
629 5127 814 5206 apostolorum
840 5133 867 5180 ct

70 5202 144 5262 Pauli
163 5204 298 5277 Epistolis
312 5205 378 5262 hinc
393 5203 457 5260 inde
472 5203 505 5258 de
520 5219 552 5258 eo
567 5206 763 5257 commemorat
785 5196 866 5278 Title-

72 5275 193 5333 tnentius
214 5285 292 5333 teme
314 5278 335 5345 t,
362 5277 489 5348 idemque
512 5273 539 5329 in
555 5281 620 5328 nota
635 5288 694 5344 pag.
712 5269 774 5349 571,
790 5284 867 5323 varra

71 5344 228 5477 Graecoqurn
244 5348 482 5422 elogisenaminat
493 5354 520 5402 et
530 5344 642 5412 refellit,
658 5343 691 5399 de
702 5341 801 5413 qurbns
819 5356 868 5395 nos

86 5419 240 5477 luraaibi.

71 5434 85 5491 p
107 5489 360 5549 Tertullinamalibi
375 5489 522 5549 diximusa
533 5490 613 5546 Floro
625 5485 712 5543 notari
722 5500 780 5540 xxx
790 5480 867 5552 tatii,

106 5563 115 5620 i
132 5564 205 5622 torte
225 5581 307 5620 verus
333 5565 467 5637 passionis
489 5564 547 5619 dies
560 5561 664 5617 censeri
690 5564 788 5631 potest,
804 5571 866 5610 curn

94 5635 131 5692 do
149 5637 255 5693 diserte
270 5645 381 5705 asserat,
395 5654 494 5709 corpus
509 5634 567 5707 ejus
582 5651 598 5689 a
611 5641 705 5689 sancto
731 5628 870 5699 Stephano

73 5722 139 5782 papa
159 5711 300 5783 sepultum
324 5710 436 5765 sentrude
460 5709 524 5764 Kal.
549 5707 671 5778 Auqrtslt.
697 5702 752 5759 Cur
779 5707 868 5756 autem

215 5916 336 5981 Parnon.
357 5911 483 5979 cxttttt.
505 5965 508 5970 .

922 4781 956 4820 ex
972 4763 1173 4820 inadvertentia
1188 4764 1292 4820 iactum
1313 4763 1407 4835 luerit,
1428 4782 1483 4822 non
1498 4777 1539 4823 est
1560 4778 1718 4842 promptum

922 4835 1072 4908 conjicere;
1090 4852 1152 4891 nam
1178 4853 1241 4892 cum
1261 4837 1401 4894 Usuardus
1416 4837 1444 4893 in
1460 4840 1574 4913 reliquis
1593 4841 1718 4897 Adonem

922 4908 1092 5035 pressissime
1106 4917 1246 4983 sequatur,
1262 4909 1329 4981 quid
1343 4926 1431 4965 causae
1446 4927 1504 4967 esse
1525 4912 1609 4978 dices,
1625 4910 1718 4966 curin

942 4997 973 5036 nc
987 4989 1061 5053 parte
1083 4979 1117 5035 ab
1142 4997 1174 5036 ee
1189 4980 1348 5037 renuerent
1363 4981 1494 5055 Sequitur
1509 4982 1538 5036 in
1554 4981 1716 5049 Viennensi,

920 5053 1047 5107 adcantus
1060 5053 1130 5107 lusti
1148 5051 1261 5122 episcopi
1282 5052 1314 5107 de
1328 5069 1422 5120 eremo,
1438 5059 1510 5119 etc.;
1540 5052 1618 5122 cujus
1633 5053 1716 5108 etiam

921 5123 1070 5178 meminere
1084 5122 1239 5194 apographa
1255 5123 1488 5195 Hieronymiana:
1504 5121 1550 5178 sed
1566 5139 1623 5176 eam
1644 5139 1717 5205 qua-

921 5193 1717 5267 lemcunquecommemorationemNosteromisit,reliqna
1784 5194 1785 5198 ’

922 5283 956 5321 en
973 5265 1066 5319 Adone
1081 5263 1256 5334 descripsisse
1269 5272 1426 5320 contentus.
1443 5265 1536 5319 Alium
1554 5263 1635 5321 bodie
1647 5284 1716 5322 mar·

923 5346 1009 5408 tyroni
1026 5345 1140 5391 exornat
1157 5335 1367 5390 wandalbertus
1394 5336 1427 5389 de
1442 5350 1496 5407 quo
1507 5336 1601 5392 statim
1617 5337 1646 5394 iu
1661 5341 1717 5397 An·

921 5409 1015 5466 clariis
1029 5409 1107 5478 plura
1125 5407 1239 5462 dicenda
1258 5415 1407 5462 recurrent.
1423 5407 1468 5462 Sic
1483 5408 1574 5465 canit:

1000 5505 1118 5556 litstrnns
1132 5502 1212 5562 prndio
1230 5502 1331 5562 primnis
1341 5503 1486 5554 celebratur
1501 5511 1605 5568 tronum,
1702 5517 1713 5534 ³

999 5569 1138 5629 Presbyter
1152 5569 1175 5615 iu
1188 5580 1293 5614 nurnero
1308 5579 1466 5626 secretorum,
1480 5569 1551 5617 crede
1570 5583 1718 5637 peremptus

1001 5631 1104 5681 Crudeti
1121 5630 1259 5694 exquirens
1276 5631 1387 5679 tumulos
1403 5631 1446 5694 qui
1466 5631 1655 5682 condecoravit.
1717 5678 1719 5686 .

1567 5906 1606 5966 'th
