3834 6136
190 194 244 256 295
853 184 1005 247 ttsttannl
1023 180 1184 246 hohacltt
1789 176 1848 237 196

225 324 321 380 Bnnm.
338 318 436 393 incipit
451 337 458 375 ι
482 343 491 366 ‹
506 315 610 390 Vigilia
623 316 711 374 sancti
724 313 817 372 iacobi
828 314 955 387 apostoli.
971 338 980 360 ·
999 317 1024 375 A
1041 320 1123 368 verite
1137 310 1249 367 nomine
1264 305 1417 364 Theodoro.
1434 302 1539 387 Vigilia
1553 303 1640 360 saneti
1655 303 1751 361 Jacobi
1764 307 1849 378 Apo-

188 395 250 453 lleli
270 410 321 449 uus
333 398 426 449 textus
435 397 574 462 utcunque
587 397 732 462 purusest,
745 386 792 444 sed
805 386 989 443 Emeritenscs
1044 384 1117 440 stoli.
1135 409 1144 431 ι
1165 379 1485 462 Dein'minoribuspyprs
1501 394 1507 431 :
1531 375 1614 442 «Quae
1627 375 1769 458 plerisque
1775 376 1848 459 locis

189 411 366 523 adnitimnm
381 464 471 520 locum
491 460 595 532 rejecit.
1045 455 1074 511 in
1106 455 1296 510 observatione
1322 466 1421 523 yeynnu
1450 446 1612 504 celebratur.
1641 447 1672 502 ln
1703 453 1847 505 territorio

227 537 353 593 Gnnvnu.
372 532 591 605 ‹Vigiliasancti
601 530 696 588 Jacobi
710 529 846 655 Ampostoli.
859 528 990 586 Cenoma·
1045 524 1182 592 llasbano,
1197 531 1297 580 sanctae
1317 521 1456 577 memorie
1471 518 1619 575 Christinaa
1635 517 1753 590 virginis
1767 536 1774 585 ;
1791 535 1847 576 cu-

191 607 244 676 nis,
261 606 396 687 depositio
411 612 569 661 sanctornm
587 601 708 667 Pavacii,
751 600 849 656 urribii
866 608 892 655 et
907 599 990 655 Gun-
1041 595 1087 669 jus
1101 597 1194 654 Vitam
1210 594 1319 666 scripsit
1329 592 1448 649 Thomas
1463 588 1715 661 Cantipretensis.·
1737 588 1848 647 udicio-

189 678 307 735 danisoh
322 691 513 758 episcoporum
528 675 648 748 praeiatae
661 672 776 729 urbiset
790 671 987 728 confessorum.
1044 685 1093 725 nes
1116 667 1280 749 posteriores
1300 663 1438 790 inciqiunt
1459 661 1559 717 litteris
1581 660 1684 742 italicis
1704 677 1721 717 a
1741 661 1848 744 vigilia

190 748 327 876 Seqqelenae
340 749 440 804 vrduae.
457 773 466 796 ι
1043 749 1130 796 saneti
1147 736 1240 793 Jacobr
1266 745 1361 810 aposto
1374 753 1393 791 1.
1416 735 1447 789 ln
1467 732 1523 788 fine
1542 757 1550 779 ι
1564 732 1669 804 bergis,
1683 747 1718 788 ex
1732 731 1846 805 Augha,

253 836 334 875 onan.
354 838 360 877 ε
383 818 500 874 «Passio
514 826 614 875 sancte
638 816 788 884 lewinne,
829 832 870 871 nas
893 814 989 870 multis
1042 811 1248 938 Bassiosanctae
1261 808 1390 873 Lewinae,
1407 821 1467 878 qnae
1482 803 1578 860 multis
1593 803 1848 887 decoratayirtuti·

190 892 317 948 decorata
331 890 483 946 virtutibus
504 889 600 945 floruit
620 888 671 944 sub
689 903 750 959 rege
768 832 911 967 angiorum
928 887 990 940 Eu·
1063 899 1095 938 us
1112 881 1207 937 floruit
1221 879 1273 936 suh
1295 895 1357 960 rege
1377 877 1540 957 Anglorum,
1563 882 1616 957 etc:
1642 876 1694 930 nra
1711 891 1849 948 vigesima

190 961 454 1034 bertonuncupato;
470 978 530 1034 quaa
541 960 716 1033 postmodum
728 958 779 1014 suh
789 957 989 1030 eyusdemregis
1043 961 1149 1080 quarta,
1165 959 1265 1034 sanctae
1280 951 1490 1020 hosromartyrrs
1513 946 1618 1004 Christi
1631 946 1807 1006 Parasceves.
1828 971 1854 1024 ι,

190 1041 322 1106 tempore,
337 1033 472 1106 martyrio
491 1032 577 1088 vitam
596 1030 700 1100 linivit,
727 1029 920 1103 archipraesule
939 1028 988 1082 vi·
1068 1042 1107 1082 aec
1122 1040 1151 1080 m
1166 1023 1272 1079 Latrnrs
1286 1020 1367 1080 codd.
1384 1027 1478 1076 notata
1493 1025 1610 1074 nonest.

907 1152 1099 1164 ——-.-.,

190 1206 255 1267 tl111
268 1205 296 1263 K
297 1207 334 1263 ul.
1725 1188 1777 1245 nu
1795 1187 1843 1246 25.

226 1311 330 1368 Natalis
349 1309 422 1367 beati
436 1307 530 1365 lacobi
546 1305 673 1378 apostoli,
689 1303 782 1360 fratris
796 1301 910 1359 loannis
920 1298 1106 1372 evangelista,
1124 1297 1171 1371 qui
1186 1297 1220 1354 ab
1234 1296 1341 1353 Herode
1352 1313 1414 1369 rege
1424 1295 1577 1353 decollatus
1591 1300 1641 1351 est.
1658 1291 1748 1364 Hujus
1756 1310 1847 1351 sacra-

189 1407 298 1464 tissima
310 1420 371 1461 ossa
385 1404 420 1459 ab
435 1398 635 1472 Hierosolymis
650 1397 684 1453 ad
699 1395 845 1468 Hispanias
855 1393 996 1459 translata,
1012 1400 1039 1448 et
1055 1390 1083 1445 in
1098 1387 1207 1444 ultimis
1219 1403 1313 1445 earum
1333 1385 1436 1444 linibus
1450 1385 1572 1453 condita,
1587 1383 1766 1442 celeberrima
1780 1384 1842 1441 illa·

190 1512 252 1552 rum
269 1493 392 1566 gentium
408 1489 586 1546 veneratione
598 1485 775 1543 excoluntur.
788 1484 818 1539 ln
830 1482 906 1540 Licia
916 1481 1029 1540 civitate
1042 1479 1154 1546 Samon,
1164 1477 1253 1534 saneti
1264 1476 1443 1546 Christolori,
1453 1475 1501 1549 qui
1514 1474 1601 1547 uirgis
1610 1473 1707 1531 ferreis
1721 1473 1845 1544 attritus,

190 1591 218 1642 et
232 1580 376 1639 adammis
384 1577 526 1636 {estuantis
534 1574 667 1644 incendii,
678 1573 781 1632 Christi
792 1571 1034 1638 virtutesalvatus,
1048 1569 1082 1625 ad
1090 1567 1220 1624 ultimum
1232 1568 1393 1639 sagittarum
1404 1565 1504 1624 ictibus
1514 1563 1666 1631 confossus,
1678 1563 1845 1636 martyrium

189 1672 290 1744 capitis
304 1668 514 1726 obtruncatione
524 1663 684 1737 complevit.
701 1661 820 1720 Ciuitate
835 1662 999 1729 Barcinona,
1015 1660 1115 1718 natalis
1130 1659 1203 1742 beati
1218 1657 1362 1716 Cucufatis
1377 1657 1518 1729 martyris,
1533 1653 1581 1729 qni
1596 1670 1645 1726 pro
1661 1652 1776 1710 nominc
1791 1655 1847 1710 Do·

190 1763 260 1819 mini
274 1759 447 1817 atrocissima
460 1763 662 1812 tormentorum
678 1768 777 1826 genera
791 1752 842 1808 sub
857 1752 947 1809 tribus
959 1760 1089 1826 expertus
1101 1747 1256 1820 judicibus,
1272 1747 1423 1804 novissime
1433 1745 1524 1820 gladio
1539 1743 1629 1799 victor
1643 1742 1787 1816 migravit.
1803 1742 1847 1800 ci·

190 1851 276 1907 vitate
291 1847 422 1916 Parisino,
437 1845 582 1902 translatio
602 1841 690 1900 sancti
704 1840 833 1897 Germani
849 1840 970 1913 episcopi
985 1848 1011 1897 et
1026 1836 1202 1897 contessoris.

953 1947 1070 2005 NOTAE.

225 2055 267 2112 lta
280 2054 402 2122 Prolem,
417 2049 566 2119 Heriuich,
582 2046 809 2119 Autuerpellcj,
825 2046 968 2117 Autuerp,
983 2045 1170 2105 Mem-Lubet.
1186 2051 1213 2102 et
1230 2045 1340 2102 Greoeu.

801 2164 1002 2222 laniantes
1021 2164 1227 2222 LECTIONES.

226 2267 265 2326 De
282 2265 481 2332 hierosolimae,
505 2264 705 2331 Jlterosolimus,
731 2263 928 2330 Hierusolimis,
948 2263 978 2317 Jc
1003 2261 1150 2332 BSomou,
1167 2278 1223 2318 non
1248 2262 1369 2329 Samson,
1387 2268 1418 2317 ut
1444 2257 1692 2340 Antuerp.·hlaj0r.
1708 2257 1849 2341 bretenaio

192 2340 335 2407 rosolimr's,
352 2345 417 2406 etc,
440 2335 603 2392 dictumest
624 2336 699 2391 satis.
722 2335 790 2391 ltem
814 2335 848 2390 de
872 2334 948 2389 Licin
962 2340 989 2390 et
1045 2335 1119 2406 legit,
1139 2341 1162 2389 et
1176 2352 1188 2388 e
1202 2334 1316 2405 mammis
1329 2333 1476 2398 estuantis,
1488 2341 1540 2389 etc.
1556 2349 1563 2398 ;
1580 2347 1657 2403 peyne
1666 2330 1849 2387 dormiebat

193 2410 370 2480 christoforo.
384 2408 434 2465 Hie
444 2406 619 2479 potissimum
634 2405 797 2473 notandum,
813 2404 887 2478 quod
901 2405 930 2460 in
945 2412 989 2461 to·
1045 2405 1262 2487 Antnerp.·hlaj.
1279 2412 1302 2460 et
1319 2404 1443 2476 flammis.
1457 2402 1603 2459 Posuimus
1623 2418 1686 2459 cum
1709 2400 1807 2457 Adone
1821 2407 1848 2456 et

192 2482 253 2541 dice
273 2480 429 2538 lleriniensi
444 2478 563 2534 secunda
580 2477 754 2534 annuntiatio
768 2484 886 2550 ponatur
900 2476 990 2549 primo
1045 2477 1186 2533 codicibus
1201 2476 1325 2604 reliquis,
1350 2481 1374 2530 et
1395 2493 1413 2530 c
1433 2475 1556 2545 flammis.
1574 2474 1708 2556 Antuerp.
1723 2473 1801 2528 solus
1821 2478 1848 2528 et

190 2554 262 2612 loco.
274 2554 409 2624 Autuerp.
421 2560 448 2606 et
458 2549 646 2606 blan-huben
664 2565 713 2620 pro
728 2548 907 2604 sacratissimo
919 2565 990 2616 osso,
1045 2549 1116 2605 male
1132 2549 1242 2619 scripsit
1280 2548 1436 2603 urcilououo
1451 2563 1459 2601 :
1475 2546 1540 2602 item
1555 2552 1583 2600 et
1595 2560 1653 2617 ipse
1666 2551 1693 2601 et
1707 2543 1849 2602 biam-bu·

191 2624 364 2682 substituunt
388 2639 464 2677 sucro
485 2638 554 2676 osso.
579 2620 735 2693 Legendum
759 2628 828 2675 esset
847 2620 935 2686 Seruo,
960 2627 991 2675 ut
1046 2620 1105 2677 bec.
1126 2629 1153 2676 ot
1169 2619 1219 2675 lilii
1240 2618 1373 2688 cucufati,
1393 2615 1614 2689 Antuerp.-hlaj.
1635 2614 1849 2688 Gucusotisnos

192 2697 262 2753 bene
291 2694 374 2750 habet
400 2693 518 2747 Greven.
547 2691 601 2746 Sed
627 2691 720 2748 caeteri
746 2706 841 2747 omnes
864 2690 990 2745 scribunt
1045 2707 1108 2747 cum
1125 2690 1221 2762 majori
1238 2699 1265 2748 et
1277 2690 1378 2762 potiori
1394 2705 1509 2746 numero
1520 2688 1668 2759 Gucuy'utis.

872 2814 1164 2873 obsentarton'us

229 2917 321 2975 Jocobi
344 2914 471 2982 Zebedaei,
496 2913 579 2986 primi
601 2913 673 2968 ihter
700 2912 837 2984 apostolos
864 2912 993 2984 martyris
1049 2922 1112 2970 ante
1126 2922 1233 2970 tomum
1247 2916 1259 2973 l
1273 2915 1337 2972 hlaii
1352 2931 1412 2988 pag.
1429 2932 1508 2982 xxvi,
1524 2916 1577 2973 eol.
1595 2933 1604 2971 r
1630 2930 1665 2971 ex
1679 2930 1735 2990 qna
1746 2915 1849 2988 praevie

194 2989 355 3047 memoriam
379 2985 627 3042 Sacramentarium
651 2983 708 3064 Gre·
723 2983 785 3051 orii,
809 2991 836 3038 et
851 2984 885 3039 iis
901 2983 993 3040 verbis
1049 2985 1195 3058 intelliges,
1212 2988 1279 3061 qnid
1294 2988 1328 3044 de
1343 2987 1462 3060 vulgatis
1478 2959 1671 3059 Christopirori
1686 2986 1764 3044 Actis
1779 3002 1849 3043 cen-

193 3060 292 3118 recolit
315 3060 468 3116 Romanum
489 3071 648 3136 partums
682 3001 763 3136 uibus
784 3071 886 3136 parum·
900 3055 994 3110 dill'ert
1047 3058 1162 3115 sendum
1177 3058 1223 3114 sit.

192 3132 272 3190 Bedae
292 3131 400 3204 phrasis
416 3147 422 3184 :
437 3130 534 3185 Nutule
554 3134 638 3182 suncti
662 3071 754 3208 iacobi
772 3128 886 3207 upostoh
909 3127 994 3208 Zabe7
1084 3131 1116 3185 lu
1132 3130 1280 3185 Borciuoho
1294 3128 1408 3195 unitate,
1433 3131 1517 3187 suncti
1533 3130 1695 3203 cucuphatis
1706 3129 1848 3201 uturtyrv's,

192 3204 244 3260 doei
273 3224 281 3259 ε
310 3218 360 3259 nec
384 3200 492 3257 dubitat
516 3199 713 3267 Florentinms,
755 3214 804 3253 um
830 3197 924 3254 eadem
940 3215 992 3270 rpsr
1047 3200 1144 3257 scribit
1167 3202 1275 3270 Florus,
1300 3217 1382 3273 quem
1404 3202 1438 3258 ab
1461 3203 1557 3259 Adone
1577 3218 1720 3276 nunquam
1744 3203 1848 3270 visum,

191 3275 322 3332 Zebedaco
342 3272 486 3329 tribuenda
509 3271 574 3339 sint,
593 3287 653 3344 quae
674 3270 725 3325 hac
736 3215 782 3326 Aia
801 3269 835 3325 de
848 3269 948 3325 Jacobo
964 3270 991 3324 in
1047 3272 1117 3327 mihi
1149 3272 1368 3329 ersnasissimum
1383 3272 1479 3330 haheo.
1494 3274 1540 3331 Sic
1551 3282 1695 3331 utcertum
1710 3272 1848 3340 videatur,

192 3345 418 3418 hieronymianis
442 3344 609 3399 referuntur.
640 3341 746 3398 Adonis
773 3340 892 3423 elogium
921 3340 993 3396 inter

192 3418 367 3476 Festivitates
390 3417 577 3488 apostolorum
590 3422 620 3469 et
638 3414 720 3469 breve
735 3421 761 3468 et
775 3412 896 3469 nitidum
911 3420 962 3480 est,
977 3428 993 3467 a

192 3506 247 3564 quo
262 3489 311 3544 vix
345 3488 475 3568 uidquam
491 3487 588 3542 Noster
602 3485 732 3554 detraxit,
747 3485 842 3541 omnia
859 3483 944 3540 ferme
958 3482 992 3538 ad

192 3562 308 3618 verbum
323 3505 491 3615 iiescrrbens.
507 3557 573 3623 Quae
587 3567 678 3611 antem
694 3556 829 3612 Notherus
846 3555 881 3610 iis
896 3554 992 3626 adjun-

211 3633 242 3700 it,
257 3631 348 3704 magni
364 3629 496 3685 momenti
507 3644 563 3683 non
573 3634 648 3682 sunt.
662 3628 726 3682 Alia
737 3627 833 3681 Florus
843 3626 877 3682 de
887 3635 993 3697 aposto·

204 3708 439 3768 ocommemorat,
456 3709 586 3824 tanquam
601 3714 636 3752 cx
651 3697 792 3753 Clemente
802 3697 992 3752 Alexandrino

184 3783 314 3845 accepta,
331 3774 377 3829 sed
392 3771 503 3844 proprio

194 3843 300 3900 aliisad
315 3843 409 3901 iacobi
431 3843 527 3908 vitam,
550 3838 791 3911 peregrinationes,
816 3839 991 3920 martyrium,

194 3916 416 3983 translationem,
436 3911 625 3967 inventionem
647 3919 674 3965 et
693 3911 837 3964 innumera
861 3911 993 3966 miracula

193 3987 390 4059 spectantibus,
420 3999 480 4056 quaa
508 3990 581 4037 certe
602 3997 617 4035 ο
638 3996 742 4036 erosaur
771 3980 992 4054 disquisitionem

194 4058 319 4129 exigunt,
335 4072 351 4110 a
366 4053 544 4110 Tillemontio
562 3997 701 4108 erusierari
721 4060 837 4124 coeptam
860 4059 937 4108 tomo
952 4053 964 4107 1
978 4068 994 4108 a

193 4143 254 4200 pag.
273 4127 335 4194 324,
352 4134 379 4182 et
396 4127 423 4180 in
440 4125 512 4180 uotis
527 4141 542 4179 a
555 4141 614 4196 pag.
630 4123 693 4191 nst,
709 4122 768 4192 ubi,
784 4124 864 4180 solita
878 4123 992 4196 diligen·

194 4200 241 4266 tia,
258 4206 383 4254 auctores
396 4196 518 4264 adducit,
532 4195 678 4268 exquibus
692 4195 886 4252 controversie
899 4198 993 4267 plures

193 4269 332 4343 copiosius
355 4286 405 4326 sno
428 4269 488 4324 loco
507 4267 640 4340 explicari
664 4274 691 4324 et
715 4267 827 4323 enodari
851 4274 991 4339 poterunt.

193 4342 285 4414 Pergit
300 4343 452 4399 Romanum
472 4356 587 4411 parvum
605 4357 611 4394 :
631 4338 742 4394 Ciuitate
757 4340 845 4407 Sarno,
870 4339 993 4394 Christo-

212 4414 271 4468 hori
285 4414 422 4484 inartyris.
440 4411 538 4483 Agitur
553 4418 580 4466 et
602 4409 660 4482 ejus
674 4410 807 4466 memoria
823 4411 855 4466 in
869 4410 943 4465 Flori
958 4409 993 4466 ad

190 4429 294 4541 Aedem
311 4485 370 4557 (hic
384 4501 447 4540 eum
469 4483 589 4554 signavit
603 4481 638 4537 28
657 4482 773 4554 Aprilis)
791 4481 990 4550 additionibus,

194 4555 396 4628 longiusculum
408 4556 526 4627 elogium
538 4553 699 4624 complexis.
712 4553 814 4610 Verum
826 4553 860 4609 ad
871 4569 922 4609 nos
932 4569 992 4624 pro·

193 4628 271 4700 prius
293 4635 396 4700 spectat
418 4627 490 4694 Ado,
506 4625 554 4698 qui
570 4634 625 4681 tam
643 4627 779 4697 eleganter
802 4634 859 4681 rem
881 4640 992 4680 omnem

194 4699 287 4770 paucis
302 4699 445 4769 expressit,
462 4704 493 4751 ut
506 4696 577 4750 nihil
594 4697 731 4751 invenerit
754 4695 901 4760 Usuardus,
919 4693 992 4767 quod

193 4784 228 4824 ex
251 4784 283 4823 eo
303 4767 377 4824 demi
391 4774 491 4849 posset.
516 4767 608 4838 Neque
636 4766 682 4821 hic
704 4765 819 4821 dubium
845 4774 895 4834 est,
924 4765 992 4839 quin

193 4839 320 4896 eumdem
336 4838 553 4908 christophorum
568 4836 650 4892 etiam
665 4838 787 4893 recolant
803 4837 992 4909 llieronymia·

194 4927 230 4968 ne
253 4908 417 4983 apographa,
434 4907 568 4981 quidquid
585 4915 612 4963 et
627 4924 727 4963 norrren
746 4918 772 4964 et
794 4908 893 4979 positio
918 4925 992 4964 non-

194 4982 266 5039 nihil
282 4982 434 5038 deformata
448 4986 604 5051 appareant.
616 4980 656 5035 De
670 4979 803 5051 giganteis
812 4979 871 5050 ejus
882 4981 991 5049 statuis,

194 5053 310 5127 aliisque
335 5069 367 5110 oo
390 5051 585 5125 spectantibus,
616 5050 717 5106 videsis
741 5051 942 5107 Florentinium
967 5059 993 5108 et

1047 3360 1103 3400 non
1146 3345 1333 3417 artyrologum
1344 3344 1463 3418 aliquem
1476 3345 1659 3418 antiquiorem
1670 3344 1791 3414 hoodie,
1802 3341 1849 3400 sed

1047 3416 1115 3472 Aeta
1129 3415 1187 3488 ipsa
1201 3417 1401 3489 qualiacunque
1416 3418 1566 3474 Viennensi
1582 3417 1744 3490 praeluxisse
1756 3434 1764 3484 ;
1783 3431 1849 3488 quo·

1047 3504 1109 3543 rum
1132 3488 1269 3560 insignem
1284 3487 1412 3559 producit
1426 3489 1574 3560 epitomen,
1594 3504 1609 3543 a
1623 3487 1745 3545 Notlrero
1764 3486 1851 3544 ferme

1045 3567 1270 3632 transsumptam,
1285 3559 1331 3615 sed
1347 3558 1381 3615 ab
1398 3561 1519 3616 Usuardo
1530 3562 1568 3616 ita
1578 3567 1760 3627 contractam,
1776 3565 1807 3615 nt
1818 3559 1849 3614 in

1047 3637 1125 3686 textu
1141 3632 1229 3711 legere
1244 3637 1295 3686 est.
1314 3630 1468 3705 videantur
1492 3631 1708 3702 hieronymiana
1730 3646 1789 3686 non
1812 3647 1851 3686 xv

1047 3702 1200 3769 Februarii,
1216 3710 1246 3758 ut
1269 3708 1346 3757 notat
1361 3702 1541 3771 Castellanus,
1566 3702 1614 3759 sed
1628 3719 1677 3759 xm
1693 3701 1849 3767 Februarii,

524 3786 574 3825 oco
584 3766 778 3835 examinanda,
793 3784 856 3823 cum
867 3767 992 3839 pluribus
1007 3773 1029 3833 G
1045 3788 1159 3845 quaeque
1184 3773 1221 3828 ihi
1246 3789 1262 3827 a
1285 3773 1457 3830 Florentinio
1475 3775 1618 3831 observata
1641 3782 1716 3830 sunt.
1734 3773 1801 3840 Quae
1816 3771 1851 3828 de

1048 3843 1100 3899 hoc
1114 3853 1208 3901 sancto
1227 3852 1301 3900 certa
1325 3852 1398 3912 soret,
1422 3845 1504 3901 tradit
1527 3844 1851 3902 Tillemonliustomohl

1047 3930 1108 3987 pag.
1123 3915 1169 3983 58,
1193 3932 1253 3988 quas
1277 3915 1360 3970 dubia
1384 3931 1443 3997 pag.
1466 3917 1528 3973 609.
1555 3917 1693 3973 Hactenus
1716 3915 1745 3972 in
1772 3924 1850 3973 textu

1048 3993 1140 4042 nostro
1155 3987 1300 4043 Adoniana
1321 4003 1424 4043 omnia.
1452 3988 1482 4043 ln
1505 3989 1564 4060 ipso
1579 3989 1703 4062 sequitur
1721 3987 1850 4059 depositio

1047 4059 1131 4113 soucti
1148 4059 1273 4114 Germani
1287 4059 1409 4129 episcopi,
1426 4060 1524 4131 posita,
1541 4059 1649 4132 opinor,
1666 4075 1714 4132 per
1727 4074 1851 4114 errorem

1047 4128 1221 4202 typographi,
1233 4146 1282 4201 pro
1293 4131 1444 4197 trouslotio,
1455 4139 1486 4186 ut
1496 4139 1567 4186 recte
1577 4132 1672 4204 legunt
1682 4130 1848 4194 Usuardini;

1048 4216 1111 4255 nam
1125 4201 1159 4256 de
1174 4201 1303 4255 Germani
1319 4201 1501 4272 depositione,
1516 4203 1549 4258 ab
1560 4202 1677 4275 ipsomet
1691 4201 1791 4258 Adone
1804 4201 1849 4273 agi

1048 4271 1218 4327 ostendimus
1234 4272 1278 4328 die
1292 4273 1327 4328 28
1341 4272 1415 4329 blaii.
1434 4274 1464 4328 ln
1480 4272 1610 4346 praedicto
1626 4273 1724 4329 Adone
1738 4279 1850 4329 textum

1047 4344 1151 4399 claudit
1169 4361 1175 4399 :
1193 4345 1278 4412 Malis,
1302 4344 1392 4400 raotola
1410 4352 1507 4400 sanctor
1527 4344 1693 4401 Clodesiudis
1714 4344 1851 4417 oirqicis;

1047 4431 1128 4487 quam
1144 4431 1193 4471 cur
1208 4415 1347 4472 Usuardus
1362 4416 1533 4488 praeterierit,
1558 4433 1614 4473 non
1638 4417 1720 4471 aliam
1736 4431 1851 4472 cansam

1047 4487 1176 4558 conjicio,
1229 4504 1271 4543 ani
1288 4488 1360 4560 quod
1378 4487 1574 4545 verosimiliter
1589 4488 1622 4544 ab
1637 4487 1697 4559 ejus
1709 4487 1849 4559 ecgrapho

1047 4558 1175 4614 abluerit.
1225 4568 1344 4640 tcuuque
1366 4576 1407 4616 res
1433 4559 1541 4628 habeat,
1570 4558 1738 4632 praeteritam
1764 4558 1850 4614 evin-

1046 4638 1114 4684 cunt
1128 4629 1315 4701 probatissimi
1334 4631 1452 4699 codices,
1473 4631 1705 4704 quemadmodum
1721 4630 1849 4702 primige-

1046 4701 1121 4755 niam
1130 4701 1375 4772 etgenuinamejus
1383 4701 1504 4774 phrasim
1513 4702 1541 4758 in
1553 4703 1667 4775 reliquis
1677 4701 1850 4774 apertissime

1046 4771 1244 4826 demonstrant.
1261 4772 1344 4828 l‘orro
1370 4773 1581 4830 Wandalbcrtns
1595 4782 1650 4829 tres
1665 4774 1771 4844 primos
1794 4788 1850 4827 no·

1046 4849 1116 4898 atros
1140 4850 1274 4914 martyres
1297 4842 1350 4900 hoc
1377 4844 1458 4900 modo
1485 4845 1580 4902 metris
1610 4845 1668 4902 suis
1697 4844 1847 4916 illigavit:

1078 5006 1200 5058 Octavam
1215 5008 1329 5061 lacobus
1346 5009 1455 5061 Zebedei
1472 5012 1539 5061 illius
1557 5020 1641 5077 ornat,

1078 5071 1181 5121 Primus
1196 5074 1365 5136 apostolicum
1381 5088 1441 5124 vero
1458 5090 1501 5136 pro
1518 5073 1590 5131 Rege
1604 5086 1722 5123 cruorem

194 5134 288 5183 nomm
303 5122 482 5199 Papebrochii
503 5121 538 5178 ad
557 5121 755 5195 Ephemerides
775 5122 992 5181 Gracc-hosca
1006 5142 1031 5201 1)
1080 5132 1847 5201 Quidedrt:hunctlucuphasGtrristophorusquesequuntur.

929 5240 1120 5300 AUCTAltlA.

230 5346 400 5414 Turnacum,
416 5346 496 5418 plane
519 5341 548 5399 iu
567 5342 680 5415 reliquis
696 5357 792 5414 purus,
808 5341 913 5398 omittit
932 5342 995 5398 elo-

196 5415 270 5489 gium
291 5415 442 5473 Cucufatis.

230 5486 398 5554 Pnnsanen,
423 5488 452 5543 in
475 5487 575 5544 Jacobo
598 5488 705 5559 plenus,
729 5485 823 5541 delicit
846 5486 875 5541 in
895 5485 993 5558 elogiis

195 5554 387 5627 Christophori
403 5568 430 5613 et
441 5557 592 5615 Cucuiatis.
611 5561 650 5615 De
666 5557 755 5614 sancti
769 5557 863 5613 Jacobi
878 5558 992 5612 transla-

196 5627 272 5683 tione
287 5634 367 5682 tacet.

231 5699 392 5766 llosvuvn„
408 5699 495 5754 textui
516 5699 621 5772 integro
635 5718 697 5756 cum
712 5699 808 5756 Adone
824 5698 968 5772 subjungit
984 5717 990 5756 :

203 5769 314 5841 «lictis,
329 5769 420 5824 natale
434 5775 533 5825 sauctae
553 5769 726 5829 Glodesindae
741 5771 867 5846 virginis.
887 5796 896 5818 ι

1079 5343 1238 5410 Murenam,
1255 5342 1284 5398 in
1298 5350 1377 5400 textu
1393 5343 1586 5470 etiamqiurus,
1603 5343 1730 5416 adjungit
1747 5360 1753 5399 :
1777 5343 1849 5401 ‹Ce-

1047 5414 1184 5482 nomanis‚
1204 5413 1349 5469 translatio
1372 5417 1458 5471 sancti
1498 5417 1585 5472 uliani
1608 5416 1731 5488 episcopi
1746 5422 1849 5472 etcon·

1048 5485 1168 5542 sessoris.
1187 5511 1197 5533 ι
1218 5485 1281 5541 Dies
1295 5484 1355 5556 ejus
1374 5486 1474 5542 natalis
1486 5495 1527 5542 est
1541 5504 1621 5543 xxva
1640 5487 1775 5543 tannarii.

1083 5559 1204 5623 blotan,
1226 5559 1352 5614 nltimam
1368 5559 1606 5615 annuntiationem
1621 5557 1655 5614 de
1671 5558 1760 5614 sancti
1775 5557 1849 5614 Ger-

1049 5629 1121 5683 mani
1138 5630 1318 5685 translatione
1333 5629 1516 5702 pretermisit.

1085 5700 1262 5770 Uernarrcr,
1286 5702 1421 5769 Lernam,
1447 5701 1610 5770 bovariam,
1634 5702 1796 5758 Arusacen.
1821 5708 1848 5757 et

1046 5771 1146 5826 Dravo.
1163 5773 1251 5827 textui
1267 5772 1333 5830 item
1353 5788 1423 5846 puro
1436 5773 1593 5846 adjiciunt:
1618 5774 1731 5844 «lteris,
1757 5772 1848 5832 namle
