3834 6136
52 182 127 242 'tata

604 174 921 242 nnnrrnobouitttf.
941 213 977 228 -
999 183 1103 244 tinus.
1125 182 1195 243 tin.

1677 194 1731 252 eet

68 308 152 365 ilario
165 323 229 376 xix,
241 306 315 381 quod
327 307 454 364 aNostro
463 323 497 364 ne
516 307 797 367 lectumvides.Forte
808 311 881 384 qnod
896 318 920 376 Α
935 314 1014 369 stine
1024 315 1101 371 Actis
1111 313 1294 371 discutienda.
1308 314 1375 370 Eam
1387 315 1679 387 Wandalbertuscuni
1692 339 1732 378 se·

68 379 203 439 milliaris
215 380 278 446 illa,
295 380 369 435 ultra
379 378 474 436 urbem
488 323 662 436 Viburtinam
674 382 786 437 extendi
798 383 876 441 intel·

67 452 169 525 ligaret
194 448 242 508 Sic
258 459 351 507 tamen
366 449 412 506 die
427 451 591 522 precedenti
611 451 640 506 iii
655 452 878 524 Hieronymianis

68 523 159 580 ferme
181 522 307 593 lenitum
333 521 387 602 nisi
415 523 477 604 quis
501 523 729 594 Epternacenseui
753 525 877 582 codicem

68 595 208 667 praeferat,
223 593 254 650 in
268 608 325 665 quo
338 593 505 672 simpliciter
521 612 526 649 :
541 595 641 664 Rotae,
658 596 794 652 Vincentii.
812 597 876 654 Uni·

67 683 133 723 cuin
149 665 283 736 martyris
298 665 383 735 buius
403 665 491 721 nostri
506 677 716 723 monumentum
737 685 877 740 superesse

67 736 159 806 rides,
175 735 377 817 quodnempe,
393 736 605 816 testelllaronim
623 737 724 796 Tibure
738 747 827 796 exstet
840 757 877 796 ec-

66 809 154 865 clesia
167 812 197 866 S.
228 808 365 872 Voiceatn,
383 808 580 864 verosimiliter
605 809 639 864 de
660 809 743 880 hujus
765 812 877 869 nornine

68 881 144 937 sica
200 880 277 936 llata.
302 879 406 935 Rursus
430 879 459 934 in
474 880 598 936 Romano
623 897 706 952 pario
727 886 874 955 sequitur:

67 895 312 1023 apamenam
334 951 484 1030 disponite,
504 951 615 1008 Victoris
630 953 768 1020 militaris,
784 955 831 1026 qui
847 955 876 1011 iii

68 1023 165 1078 Adone
182 1026 275 1078 locum
290 1029 404 1078 tertium
420 1021 536 1077 obtinet.
553 1022 687 1080 Caeterum
704 1040 876 1097 quecunque

68 1094 209 1150 Usuardus
225 1095 349 1149 Romano
370 1108 454 1164 parvo
468 1093 668 1164 superaddidit,
687 1111 717 1151 ea
738 1097 874 1153 verbatim

68 1181 103 1222 ex
118 1163 272 1221 Viennensi
298 1164 435 1234 descripta
459 1173 533 1219 sunt.
551 1166 646 1221 Utrum
662 1182 693 1220 ea
709 1167 875 1224 Viennensis

68 1253 103 1291 ex
113 1235 291 1293 documentis
305 1236 373 1290 satis
385 1235 467 1291 certis
475 1251 538 1291 acce
558 1237 622 1304 erit,
639 1239 737 1294 merito
747 1238 875 1295 dubitare

68 1308 143 1380 cogit
157 1306 316 1389 castellani⁸
327 1307 435 1387 notula,
451 1322 515 1379 qua,
532 1252 647 1363 idrtasse
671 1323 706 1364 ex
731 1309 875 1382 Hierony-

69 1380 182 1447 mianis,
196 1379 243 1437 bic
258 1377 377 1435 indicari
393 1386 470 1450 putat
482 1378 575 1435 decem
591 1379 780 1451 athenogenis
792 1382 874 1438 disci·

68 1453 161 1577 quius,
176 1451 225 1533 qui
241 1466 304 1507 cuin
320 1448 381 1522 ipso
403 1449 562 1522 interempti
577 1451 634 1506 sint
652 1468 712 1508 iivii
727 1453 805 1519 iulii,
820 1469 875 1525 quo

90 1522 117 1578 ie
128 1521 255 1595 Magistri
265 1521 332 1576 Acta
345 1537 361 1576 a
375 1521 457 1577 Surio
468 1520 644 1588 referuntur;
661 1522 694 1577 de
709 1523 810 1595 quibus
825 1541 875 1581 nos

71 1602 122 1649 aut
140 1593 203 1659 illo,
226 1600 273 1649 ant
293 1591 344 1648 boc
368 1591 412 1647 die
435 1592 525 1648 fusius
548 1593 615 1648 alibi
636 1593 811 1651 disseremus.
835 1598 875 1652 De

934 384 1082 511 quqntibus
1096 385 1204 444 duabus
1217 384 1371 456 virginibus
1386 402 1442 443 uno
1456 387 1593 446 versiculo
1607 393 1733 465 comple-

932 473 969 514 ci
985 474 1018 513 ur
1034 475 1040 513 :

994 562 1053 614 Mox
1064 576 1158 612 nouam
1172 562 1310 629 christina,
1327 565 1423 628 Aquila
1442 575 1466 615 et
1482 565 1575 616 Niceta
1590 580 1731 623 sacrarunt.

966 669 1069 736 Quarto
1093 670 1186 742 itaque
1208 672 1268 727 loco
1283 679 1424 742 ponuntur
1444 671 1518 728 etin
1540 672 1647 742 Adone,
1663 682 1691 730 et
1703 676 1733 732 in

932 748 1037 808 nostro,
1052 741 1166 796 totidem
1177 742 1324 824 utrobique
1338 744 1441 809 verbis,
1454 744 1569 815 gemine
1579 742 1636 815 jain
1653 745 1733 804 dicte

932 812 1052 884 virgines
1067 814 1159 869 Niceto
1173 823 1200 870 et
1216 815 1345 884 Aquilino
1363 833 1372 879 ;
1397 815 1434 870 ita
1453 832 1503 870 nos
1522 815 1568 870 liic
1589 828 1733 891 utramque

931 900 1071 952 vocamus,
1087 900 1122 940 ex
1137 886 1337 956 praecipuorum
1362 886 1579 943 Usunrdinorum
1604 888 1732 946 codicum

930 957 1105 1023 auctoritate,
1121 957 1185 1013 licet
1199 957 1313 1013 fortasse
1328 958 1462 1029 posterior
1477 975 1512 1014 eit
1526 958 1632 1014 ildonis
1648 976 1732 1019 sensu

931 1027 1030 1082 melius
1053 1028 1155 1097 Aquilo
1179 1028 1380 1085 nominaretur.
1406 1031 1479 1086 Clar.
1505 1029 1675 1088 Castellanus
1704 1032 1734 1089 in

930 1099 1125 1169 ltlartyrologio
1137 1116 1187 1153 sno
1196 1100 1355 1167 universali,
1368 1101 1461 1156 ambas
1473 1109 1536 1156 ante
1551 1101 1732 1158 wandalber-

929 1178 988 1224 tum
1006 1168 1160 1241 incognitas
1175 1172 1258 1226 fuisse
1281 1173 1377 1227 asserit
1393 1190 1399 1238 ;
1421 1181 1503 1238 recte,
1520 1172 1574 1227 nisi
1589 1174 1732 1245 antiquior

929 1249 1072 1295 censeatur
1096 1241 1194 1296 Florus
1218 1258 1233 1296 a
1259 1244 1360 1297 nostris
1385 1243 1485 1310 editus,
1515 1243 1562 1314 qui
1586 1260 1644 1299 xxv
1665 1244 1732 1300 Julii

929 1327 1021 1366 earum
1043 1318 1070 1368 et
1093 1311 1285 1384 Cbristopbori
1301 1315 1421 1386 elogium
1437 1314 1577 1371 connectit
1594 1332 1600 1369 :
1615 1330 1650 1370 an
1665 1316 1733 1372 satis

929 1398 1002 1441 rere.
1018 1383 1133 1439 alterius
1151 1385 1204 1440 loci
1219 1385 1272 1439 erit
1286 1385 1449 1465 disquirere.
1463 1386 1604 1440 Postrema
1617 1386 1730 1443 demum

929 1453 1104 1510 annuntiatio
1119 1470 1182 1510 vere
1203 1456 1285 1510 etiarn
1301 1464 1329 1510 et
1344 1462 1449 1582 inteqre
1472 1456 1617 1512 ildoniana
1631 1464 1682 1523 est,
1701 1463 1732 1514 ιιι

929 1525 1044 1596 proinde
1059 1526 1092 1582 de
1104 1528 1189 1581 totius
1200 1526 1287 1582 nostri
1300 1527 1403 1582 latercn
1416 1526 1542 1598 iorigine
1556 1535 1584 1582 et
1599 1527 1731 1599 simplici-

930 1604 995 1665 tate,
1021 1599 1063 1652 vel
1087 1613 1134 1668 per
1151 1597 1275 1652 umbram
1292 1597 1393 1670 ambigi
1409 1614 1425 1653 a
1440 1613 1578 1670 quoquam
1599 1606 1727 1671 nequeat.

73 1666 215 1720 Christian
224 1663 435 1736 prudentissime
446 1664 640 1794 scriqqitlteda
654 1683 659 1720 :
673 1667 769 1721 Notele
778 1675 876 1723 sanctie
889 1678 912 1738 Β
928 1669 990 1725 llaec
1006 1668 1091 1740 igitur
1105 1684 1154 1739 pro
1170 1668 1297 1740 prasenti
1315 1669 1445 1725 instituto
1464 1669 1498 1725 ad
1513 1685 1637 1724 normam
1653 1685 1731 1727 suain

72 1737 219 1792 Cirt'stinoe
232 1735 351 1805 oirqiais.
376 1734 482 1802 Quibus

70 1808 183 1874 ciuitate,
199 1824 264 1863 cum
286 1805 375 1877 elogio
399 1823 415 1861 a
435 1823 463 1862 se
478 1807 653 1863 concinnato.
675 1808 777 1865 Verum
794 1810 873 1866 Betae

69 1879 319 1950 circumspectione
334 1894 399 1933 usus
415 1886 455 1934 est
467 1887 562 1934 auctor
575 1877 632 1950 jain
644 1879 686 1935 bis
701 1880 804 1936 laudati
822 1881 873 1938 no-

71 1951 142 2006 mani
164 1951 256 2023 parvi,
274 1950 313 2004 ita
334 1950 426 2021 legens
443 1969 449 2005 ι
468 1951 546 2006 Circo
571 1953 658 2006 tecum
685 1953 822 2008 Viilsimim
845 1953 874 2008 ιἰι

70 2024 162 2090 ltalia,
180 2021 324 2079 Christian
338 2021 460 2092 oirqinis.
476 2023 566 2094 Atque
580 2022 613 2078 ab
629 2022 680 2078 bac
695 2023 798 2079 illustri
815 2024 872 2078 tir-

72 2094 140 2175 qiue,
158 2093 244 2150 bodie
259 2092 368 2149 orditur
389 2092 450 2150 Ado
467 2112 473 2149 :
491 2094 592 2149 Eodem
611 2095 662 2161 die,
677 2096 750 2175 apud
764 2097 873 2151 ltaliam

72 2183 96 2220 ia
113 2167 197 2238 Tyro,
221 2165 294 2220 circo
320 2165 415 2232 ιασιιπι,
433 2173 486 2222 etc.
510 2165 639 2222 Pluribus
660 2165 760 2222 deinde
775 2183 873 2239 prose-

73 2254 156 2314 quens
171 2237 312 2310 supplicia
326 2236 412 2303 varia,
424 2237 458 2293 ab
469 2254 499 2292 ea
511 2237 669 2293 incredibili
686 2237 783 2293 robore
799 2240 873 2293 tole-

74 2319 155 2377 rata3
175 2307 328 2383 exquibus
350 2308 417 2364 satis
437 2307 534 2363 babuit
552 2308 692 2365 Usuerdus
711 2311 828 2381 paucula
843 2325 874 2364 ea

73 2380 137 2438 dece
186 2397 228 2447 re,
245 2380 275 2435 in
293 2386 372 2435 textu
386 2387 480 2436 nostro
495 2380 561 2435 satis
575 2381 713 2451 eleganter
728 2396 873 2452 repraesen-

74 2461 134 2509 tata.
172 2469 215 2518 uae
225 2467 308 2527 porro
325 2452 412 2521 Tyrus
426 2452 474 2507 illa
488 2451 593 2508 Tusciae
606 2452 663 2522 (cui
674 2452 730 2506 fere
753 2452 874 2509 similem

74 2522 357 2595 babuimussuperius
368 2539 397 2577 rx
405 2521 484 2594 iulii)
493 2530 519 2578 et
527 2522 574 2578 ubi
585 2522 637 2578 sita
646 2539 768 2596 unquam
779 2523 873 2591 fuerit,

75 2593 873 2670 quaeruntBatoniusetFlorentiniuscontradluveriuui,

74 2667 117 2724 ubi
133 2674 162 2724 et
182 2669 272 2725 multa
285 2666 340 2722 alia
354 2665 579 2732 commiscentur,
595 2682 655 2747 quae
667 2665 718 2722 boc
734 2665 787 2723 loci
803 2666 874 2722 deci·

75 2739 161 2797 denda
175 2756 234 2796 non
251 2744 326 2806 snut,
344 2737 527 2810 opportunius
541 2737 608 2794 alibi
624 2754 687 2794 cuin
702 2737 770 2810 ipsis
790 2737 877 2796 Cbri-

529 1735 634 1792 abanus
649 1736 779 1809 prefixit,
805 1741 874 1809 'fpro

928 1741 1008 1810 plene
1023 1748 1049 1793 et
1062 1739 1141 1811 plane
1155 1747 1249 1794 exacta
1263 1747 1338 1807 suut,
1355 1741 1482 1813 quamvis
1496 1741 1569 1795 ultro
1584 1740 1679 1809 fatear,
1696 1757 1731 1796 ex

928 1811 1070 1867 codicibus
1095 1811 1320 1883 Hieronymianis
1343 1812 1499 1868 scabritiem
1523 1827 1578 1866 non
1594 1812 1731 1868 modicam

927 1898 1077 1953 superesse,
1099 1890 1159 1937 tuin
1177 1884 1249 1938 circa
1272 1883 1539 1949 sustineneamus
1556 1882 1628 1938 circa
1647 1884 1732 1938 Eme-

927 1954 1047 2018 ritensis,
1063 1954 1105 2008 cni
1124 1954 1281 2024 levigandae
1297 1953 1409 2008 dolabra
1424 1954 1514 2009 adbuc
1528 1953 1582 2008 alia
1596 1970 1664 2024 opus
1676 1954 1729 2009 erit

927 2032 1025 2096 praeter
1040 2041 1110 2090 eain,
1122 2041 1204 2105 quam
1218 2025 1248 2078 in
1259 2024 1315 2080 illis
1323 2024 1505 2081 conciliandis
1519 2023 1647 2080 adhibuit
1662 2026 1732 2080 Flo-

928 2095 1074 2163 rentinius,
1096 2102 1136 2150 ιιιι
1158 2103 1185 2151 et
1208 2095 1241 2151 de
1260 2096 1396 2151 Cliristimi
1414 2096 1573 2167 nuperrime
1596 2094 1730 2153 diximus.

928 2167 1000 2223 iiildi
1013 2175 1145 2249 poterunt
1158 2167 1305 2223 Victorinus
1314 2167 1440 2235 Notlieri,
1451 2175 1478 2221 et
1492 2165 1639 2223 Victorinus
1649 2175 1732 2249 atque

929 2241 1068 2295 severinus
1079 2239 1188 2305 fratres,
1204 2240 1251 2311 qni
1266 2255 1282 2293 a
1296 2238 1407 2294 Rabano
1418 2239 1588 2294 recoluntur.
1605 2238 1675 2296 Vide
1690 2255 1731 2294 iii·

929 2311 1008 2367 terim
1028 2310 1124 2366 citatas
1148 2309 1295 2368 Castellani
1319 2309 1434 2369 Notulas
1453 2309 1485 2364 ad
1503 2309 1731 2381 Martyrologium

929 2382 1094 2449 universale,
1111 2381 1158 2436 ubi
1176 2381 1304 2451 octopinto
1319 2386 1369 2435 tres
1380 2380 1477 2436 milites
1489 2380 1515 2433 iii
1529 2381 1665 2450 Octopiate
1677 2381 1731 2436 trio

929 2453 1062 2509 milliario
1084 2459 1301 2519 commutantur,
1318 2461 1426 2507 servato
1452 2452 1512 2506 solo
1536 2451 1663 2506 Victorini
1675 2467 1731 2506 no-

930 2523 1014 2592 mine,
1030 2524 1077 2605 qui
1100 2524 1133 2580 ad
1157 2539 1217 2579 eam
1237 2522 1395 2579 distantiam
1410 2522 1454 2576 vio
1470 2520 1580 2577 Solaria
1599 2537 1729 2583 coronam

930 2597 1058 2668 martyrii
1074 2603 1237 2651 consecutus
1251 2601 1298 2660 sit,
1322 2610 1372 2667 pro
1409 2609 1444 2648 ua
1459 2593 1575 2648 lectione
1590 2600 1661 2647 stare
1681 2591 1730 2646 vi-

931 2667 1032 2722 dentur
1046 2664 1263 2738 Hieronymiana
1278 2610 1442 2745 apograpVia,
1455 2670 1526 2719 recte
1537 2666 1610 2718 inter
1619 2679 1646 2718 se
1657 2678 1729 2718 com·

931 2741 1030 2810 posita.
1044 2737 1097 2795 Sed
1111 2736 1146 2793 de
1165 2736 1247 2793 rebus
1268 2735 1416 2807 ambiguis,
1434 2733 1480 2790 liic
1494 2734 1639 2805 plusquam
1653 2733 1729 2792 satis.

802 2863 994 2923 lucranti.

104 2963 271 3024 tossicis.
282 2963 402 3038 incipit:
427 2961 874 3025 ‹NatalesauctaeCbristinaevir·

75 3036 186 3109 pinis.›
211 3040 256 3092 An
271 3035 435 3093 Christinam
462 3038 687 3106 Hasbaniensem,
710 3042 802 3110 vulgo,
823 3040 872 3094 nti·

74 3108 435 3183 rebilemintellipateoquo
446 3109 732 3191 bocblaityrologium
740 3110 792 3168 scri
797 3118 872 3183 ptum

74 3188 122 3248 est,
139 3182 245 3236 saeculo
258 3180 427 3250 defunctam,
443 3182 556 3248 nescio;
573 3188 646 3237 certe
662 3198 690 3237 in
707 3188 800 3236 teritus
833 3198 874 3236 ro·

74 3251 216 3317 secutione
240 3252 341 3308 iterum
363 3253 482 3310 scribit:
506 3253 558 3308 «ln
575 3252 654 3308 ltalia
670 3252 802 3309 civitate'
822 3254 874 3319 iro,

76 3331 171 3384 sauctae
187 3321 337 3380 Christinae
352 3324 479 3396 virginis,
496 3350 505 3373 ι
524 3331 628 3381 resecto
651 3324 751 3396 elogio.
773 3323 875 3381 Caetera

90 3411 155 3451 urus
170 3402 224 3450 est.

76 3410 89 3467 p
104 3465 349 3534 Aurorae-liiii,
365 3475 504 3540 expuncto
518 3467 678 3534 Vincentio,
688 3475 797 3523 textum
812 3485 875 3525 con·

76 3536 165 3594 fundit
190 3536 244 3594 boc
267 3538 373 3594 modo:
398 3542 526 3607 «bomar,
547 3538 593 3595 iia
614 3538 769 3604 Tiburtina,
785 3541 875 3597 natale

77 3608 160 3665 sancti
175 3608 317 3666 Victorini
328 3609 467 3676 militaris,
480 3612 601 3683 quicum
614 3609 722 3665 duobus
731 3610 874 3681 fratribus,

77 3689 151 3738 etc·
174 3681 302 3753 Reliqua,
338 3698 379 3736 uae
390 3690 553 3754 sequuntur,
565 3681 632 3738 satis
642 3697 710 3753 pura
728 3689 803 3752 sunt,
820 3682 874 3740 nisi

78 3750 149 3834 quod
162 3752 193 3808 in
206 3751 260 3809 tine
274 3698 424 3810 sicVJabeat
441 3773 445 3810 :
471 3754 644 3821 «Amiterna,
660 3753 782 3808 militum
798 3762 875 3811 octo-

80 3831 165 3895 giuta.
184 3847 193 3870 ι

114 3895 271 3964 noscam,
285 3903 343 3953 toto
353 3903 430 3952 textu
441 3914 535 3969 purus,
552 3897 581 3953 in
592 3896 646 3953 fine
658 3897 772 3969 apponit
784 3916 790 3954 :
810 3895 877 3953 ‹Vi-

79 3966 145 4039 gilia
158 3968 244 4024 sancti
259 3969 353 4024 iacobi
367 3970 493 4040 apostoli.
510 3994 519 4016 ι

111 4039 267 4096 hmanas.
282 4049 357 4096 caret
371 4040 478 4097 duabus
492 4039 763 4108 annuntiationibus,
780 4056 878 4112 nempe

78 4110 196 4167 metanda
210 4120 238 4167 et
252 4111 361 4168 ultima.

111 4184 267 4253 Amorne,
283 4183 482 4240 bisin-Luam.
505 4191 532 4239 et
554 4184 724 4242 Uessuuium
745 4182 879 4240 deficiunt

79 4255 164 4310 solnm
181 4255 211 4310 in
226 4255 440 4312 annuntiatione
457 4255 555 4328 priina.

892 2977 913 3036 c
930 2985 978 3041 pro
992 2967 1126 3039 sangnine
1145 2981 1284 3039 egressum
1298 2973 1348 3022 est.
1366 2963 1444 3025 Tunc
1457 2964 1517 3045 ipsa
1530 2979 1594 3022 cuin
1607 2962 1731 3020 mamilla

929 3057 977 3096 sua
988 3038 1085 3097 faciem
1101 3037 1206 3110 Judicis
1227 3037 1386 3103 maculavit,
1399 3045 1427 3092 et
1440 3037 1521 3109 eiecit
1531 3037 1644 3094 oculum
1659 3033 1728 3107 ejus.

929 3114 964 3168 Et
979 3122 1046 3167 tunc
1059 3111 1110 3167 sub
1131 3111 1211 3165 tertio
1233 3109 1328 3180 judice
1353 3109 1446 3181 lingua
1460 3108 1513 3165 sibi
1529 3107 1688 3181 praeciditur
1702 3113 1731 3162 et

929 3184 962 3240 ad
979 3184 1108 3238 ultimum
1132 3181 1220 3236 tribus
1243 3187 1403 3252 sagittarum
1426 3180 1489 3236 ictis
1503 3179 1675 3236 occiditur.»
1697 3177 1729 3234 tn

930 3254 1044 3327 reliquls
1058 3254 1125 3309 satis
1138 3267 1224 3324 purus
1235 3258 1286 3307 est.

966 3324 1123 3383 Caniniam.
1147 3348 1155 3369 ι
1170 3322 1251 3393 Apud
1263 3321 1413 3378 emeritam
1427 3321 1565 3393 Hispaniae
1575 3320 1727 3388 civitatem,

929 3398 1018 3455 sancti
1042 3394 1164 3453 Victoris
1188 3394 1327 3464 martyris.
1357 3393 1388 3447 ln
1410 3394 1488 3447 ltalia
1514 3391 1626 3448 civitate
1655 3391 1730 3458 Tiro,

931 3468 1020 3542 passio
1031 3475 1131 3522 sanctae
1140 3464 1288 3522 Christinae
1300 3463 1425 3535 virginis.
1437 3462 1542 3518 Eodein
1554 3462 1609 3532 die,
1624 3468 1731 3517 sancto·

930 3556 992 3595 ruin
1015 3538 1117 3594 Nicetie
1138 3543 1166 3592 et
1189 3534 1339 3608 aquilina,
1362 3551 1422 3608 qua
1441 3535 1470 3590 iii
1496 3535 1621 3607 passione
1643 3532 1732 3589 sancti

930 3608 1098 3669 Christofori
1113 3615 1374 3664 commemorantur.
1391 3631 1400 3654 ι
1420 3606 1489 3663 Vide
1508 3604 1730 3662 Observationes.

965 3683 1126 3746 Aouiemcr.
1143 3695 1193 3752 pro
1213 3677 1370 3734 ‹Stercatio
1384 3684 1411 3734 et
1424 3677 1610 3750 ilntiiiogeno,
1626 3700 1635 3723 ι
1656 3675 1733 3747 legit,

938 3780 947 3803 ‹
963 3753 1106 3810 Sunteatio
1117 3758 1145 3808 et
1160 3750 1325 3822 Antiogeuo.
1343 3773 1352 3796 ι

967 3826 1113 3883 Vicroiim.
1124 3824 1153 3878 in
1164 3822 1237 3878 line:
1255 3823 1311 3877 ‹Et
1322 3820 1412 3878 sancti
1420 3819 1558 3878 Victorini
1567 3818 1726 3893 martyris.»

933 3897 990 3954 Alii
1005 3896 1114 3954 codices
1125 3893 1221 3951 eodem
1239 3892 1321 3949 modo
1335 3893 1513 3948 annuntiant.

967 3962 1626 4026 Marsis.Saarna-Uareniana.‹Christinaevir
1643 3961 1734 4019 iniset

933 4040 1074 4114 martyris.
1085 4039 1198 4111 Vigilia.
1212 4038 1315 4106 Rome,
1327 4036 1468 4093 Vincentii
1480 4037 1620 4110 martyris.
1658 4036 1734 4090 icetae

933 4121 960 4170 et
983 4111 1122 4186 Aquilinae
1147 4116 1312 4180 martyrum.
1342 4107 1439 4166 Jndoci
1465 4107 1639 4166 confessoris.
1665 4108 1734 4162 lteui

933 4184 1055 4241 militum
1070 4198 1181 4239 cxxxiii
1194 4187 1359 4250 martyrum.
1376 4205 1384 4226 .

968 4257 1037 4312 Rau.
1055 4249 1398 4323 Suau.sign.num.130.
1428 4275 1436 4298 ι
1455 4251 1576 4309 Militum
1598 4266 1677 4306 xciii.
1699 4249 1735 4305 Et

111 4327 674 4396 Maurae-blan,Uiriiiiiicr.‚Liirnau.
686 4335 713 4383 et
724 4326 878 4383 Lovinmu.
891 4341 916 4401 Ι)
938 4328 1026 4384 sancti
1039 4323 1175 4381 Victorini
1192 4319 1333 4393 martyris.
1351 4344 1360 4365 ·

80 4394 216 4469 integrum
237 4407 344 4455 textum
362 4400 496 4466 referunt,
521 4408 627 4455 munte
644 4398 779 4454 duntaxat
794 4397 880 4454 Chri-

79 4470 156 4524 stiuae
171 4470 247 4536 loco,
263 4486 345 4544 qnam
359 4487 422 4527 cuin
433 4470 529 4526 Adone
539 4472 655 4542 primam
668 4471 815 4525 collocant.
828 4467 881 4526 Sed

80 4539 158 4598 initio
173 4542 322 4614 praefigunt
338 4560 344 4597 :
369 4566 378 4589 ι
395 4542 497 4614 Vigilia
509 4542 597 4598 sancti
612 4541 705 4597 iacobi
720 4541 848 4612 apostoli
864 4565 873 4589 ι

112 4613 275 4692 aasentias.
288 4621 315 4669 et
323 4615 555 4694 Diuic.,quatnor
565 4612 704 4686 prioribus
713 4612 879 4681 conformes,

80 4693 212 4741 omittunt
232 4686 315 4741 etiam
336 4686 471 4744 Vincentti.
629 4697 631 4700 ’

111 4755 333 4814 ΒιιιιιιιιιιιιιιΕι
343 4756 389 4813 hic
399 4755 880 4826 rarissimedetlciens,delicittamen

81 4825 129 4883 bac
143 4829 188 4884 die
204 4829 234 4884 in
249 4831 346 4885 eodem
363 4829 521 4886 Vincentio.

115 4899 299 4956 Hacaroriiri.
320 4901 441 4973 incipit:
462 4901 687 4973 «Vigiliasancti
698 4901 802 4958 iacobi.
819 4924 827 4946 ·
850 4901 882 4956 ln

82 4968 229 5027 Vincentio
239 4973 304 5028 dein
316 4981 342 5027 et
353 4973 572 5029 Emeritensibus
583 4991 667 5046 purus
678 4983 727 5029 est.
740 4973 879 5045 Sequitur:

88 5042 148 5121 ‘.¹¹¹.
157 5043 238 5099 ltalia
260 5044 374 5099 ciiltate
394 5044 478 5117 Tyro,
504 5046 594 5116 passio
617 5052 718 5102 sancta
734 5043 882 5101 Christinae

81 5115 198 5184 virginis
214 5122 241 5169 et
256 5115 397 5187 martyris.
414 5118 479 5182 Quae
503 5133 567 5172 cuin
583 5125 653 5173 esset
668 5115 813 5172 nobilis‘et
828 5131 883 5170 an-

82 5198 180 5239 norum
196 5187 368 5257 quindecim,
393 5194 470 5267 pater
491 5187 550 5258 ejus
571 5189 675 5244 interea
699 5187 798 5242 clausit
822 5202 882 5242 eain

80 5269 143 5310 cnm
158 5256 306 5313 duodecim
320 5258 431 5329 puellis,
445 5267 473 5314 et
493 5259 641 5330 conjunxit
655 5259 679 5313 ei
693 5259 758 5314 deos
773 5274 881 5326 aureos,

80 5334 111 5380 ut
125 5327 254 5384 adoraret
269 5344 300 5385 ea
316 5329 398 5404 leosl,
423 5347 491 5402 quos
512 5331 571 5402 ipsa
591 5332 727 5388 diiiiiitus
750 5330 884 5402 inspirata

81 5401 260 5472 contempsit.
277 5400 319 5456 Ob
333 5401 386 5457 lioc
400 5410 478 5473 pater
492 5402 551 5474 ejus
565 5403 651 5458 iratus
671 5403 806 5473 percussit
822 5416 882 5456 eain

81 5471 184 5526 nudam
200 5472 297 5544 virgis,
314 5480 342 5529 et
358 5474 452 5529 nudati
474 5481 540 5529 sunt
563 5474 708 5530 duodecim
733 5472 786 5528 iiiri
802 5487 884 5544 super

80 5557 151 5598 eaui.
168 5543 234 5600 Post
249 5546 315 5601 fecit
336 5546 413 5601 illaiu
429 5547 458 5601 in
481 5553 540 5601 rota
563 5546 654 5619 ligari,
669 5546 746 5600 etsie
760 5559 884 5615 praesen-

80 5615 150 5668 tavit
163 5631 225 5671 eain
239 5615 340 5687 judici,
357 5617 405 5689 qui
420 5617 520 5673 clausit
534 5617 611 5674 illam
627 5618 656 5672 in
672 5632 738 5673 cane
755 5630 841 5683 aneo,
856 5620 884 5669 et

80 5683 172 5755 ignem
198 5688 327 5816 apposuit
349 5704 412 5744 cum
435 5689 505 5760 pice,
530 5691 620 5745 resina
634 5695 662 5745 et
685 5690 745 5744 oleo
760 5694 787 5743 et
802 5686 842 5742 nil
858 5685 883 5741 ei

79 5758 186 5817 nocuit.
231 5767 274 5816 ost
290 5759 349 5816 baec
367 5760 557 5832 preciduntur
576 5761 602 5817 ei
627 5760 768 5832 mamillae,
788 5766 816 5816 et
842 5758 884 5815 lac

973 4399 1122 4464 Viirieiiii„
1132 4394 1182 4451 sub
1196 4403 1348 4449 nolanum.
1359 4390 1532 4459 balaenam
1543 4390 1637 4446 indue
1651 4406 1657 4445 :
1681 4390 1737 4447 «Et

936 4470 1025 4525 sancti
1041 4465 1180 4526 Victorini
1194 4463 1334 4535 martyris.
1351 4488 1360 4511 i
1612 4531 1618 4541 ι

973 4543 1111 4595 Airrurs.
1139 4554 1145 4593 z
1180 4558 1190 4584 ι
1215 4537 1245 4590 Ιιι
1261 4533 1402 4589 territorio
1423 4532 1620 4589 Conventiensi
1641 4531 1737 4587 Stanes

937 4611 1115 4675 monasterio,
1130 4606 1218 4664 sancti
1232 4603 1357 4662 Wulfadi
1381 4605 1521 4676 martyris,
1539 4603 1586 4676 qui
1610 4618 1659 4674 pro
1682 4600 1737 4657 fido

937 4682 1039 4741 Christi
1055 4698 1071 4736 a
1085 4697 1146 4752 rege
1159 4677 1284 4734 Wulferu
1296 4685 1370 4748 patre
1380 4693 1440 4744 suo,
1454 4676 1544 4747 gladio
1555 4676 1738 4748 iuteremptus

936 4771 1067 4812 coroiiain
1092 4750 1193 4808 meruit
1216 4748 1338 4820 accipere
1359 4750 1565 4822 sempiternam,
1595 4746 1681 4819 signis
1709 4761 1737 4804 se

937 4828 1049 4900 signans
1065 4825 1159 4881 vivere
1175 4820 1337 4878 manifestis.
1354 4846 1364 4869 »

973 4899 1069 4957 Conari
1083 4897 1189 4953 biunna
1203 4895 1316 4949 Sinuri.
1335 4892 1461 4950 «Natalis
1476 4901 1577 4950 sancta
1599 4890 1736 4963 Segolenre

936 4973 993 5028 Deo
1007 4978 1127 5028 sacratae.
1144 4996 1153 5017 ›
1176 4966 1345 5024 Castellaiius
1358 4967 1455 5022 scribit
1470 4967 1621 5036 Siqpoteaie.
1641 5031 1646 5041 Ι

973 5044 1073 5100 Euirio
1090 5041 1278 5098 tumeo-coi.
1301 5037 1429 5108 ‹Vigilia
1453 5037 1540 5092 sancti
1556 5031 1648 5088 iacobi
1671 5045 1736 5101 apo-

938 5115 1012 5171 stoli.
1029 5113 1059 5168 lu
1076 5114 1155 5169 ltalia
1169 5109 1280 5167 civitate
1296 5107 1380 5180 Cyro,
1401 5123 1461 5188 que
1482 5115 1525 5186 est
1548 5106 1621 5182 circa
1646 5102 1736 5183 lacum

937 5185 1098 5250 Vulsinum,
1114 5189 1214 5238 sani-tae
1229 5179 1376 5235 Cbristinae
1389 5177 1513 5248 virginis.
1530 5174 1594 5252 Quae
1607 5188 1636 5226 in
1651 5171 1737 5229 Chri-

937 5264 1022 5321 stum,
1037 5278 1045 5299 ·
1066 5263 1130 5321 etc,
1142 5254 1188 5307 ubi
1201 5260 1262 5321 post
1273 5272 1286 5299 ιι
1297 5250 1478 5320 complevit·
1496 5245 1637 5309 adicitur,
1654 5266 1667 5295 a
1683 5261 1737 5299 an-

938 5344 974 5382 no
989 5326 1077 5381 aetatis
1091 5341 1147 5379 suae
1162 5322 1308 5378 undecimo
1324 5344 1350 5375 ·.
1370 5321 1401 5374 ln
1418 5318 1538 5382 Victore,
1556 5331 1623 5386 pura
1637 5325 1687 5371 est.
1698 5318 1737 5373 De

938 5396 1087 5455 Vincentio
1102 5396 1189 5463 addit,
1208 5390 1340 5445 milliario
1360 5405 1420 5443 xix.
1447 5388 1479 5443 ln
1500 5387 1738 5444 Auiiterneiisibus

938 5485 1016 5542 pura,
1030 5467 1064 5522 de
1077 5467 1184 5523 duabus
1198 5462 1353 5532 virginibus
1367 5462 1460 5515 lViceta
1470 5465 1497 5514 et
1512 5459 1653 5531 Aquilina,
1667 5461 1737 5515 inse·

938 5541 985 5597 rit.
1008 5539 1098 5605 «Quae
1112 5537 1142 5592 in
1156 5533 1241 5600 Licia,
1256 5532 1369 5588 civitate
1389 5530 1490 5586 Samon
1513 5531 1586 5587 beati
1609 5530 1739 5587 Christo-

939 5612 992 5668 fori
1019 5636 1028 5658 ι
1049 5617 1101 5666 etc.
1129 5609 1160 5663 ln
1176 5607 1230 5661 fine
1250 5602 1445 5671 ‹Senomanis‚
1468 5602 1501 5658 de
1522 5602 1604 5658 ositio
1628 5609 1737 5659 sancto·

939 5656 1003 5740 ruin’
1015 5680 1134 5747 Paracii,
1160 5673 1281 5733 Turribii
1306 5679 1333 5730 et
1348 5619 1529 5731 GundanifoV
1545 5673 1735 5749 episcoporum

938 5764 965 5813 et
979 5753 1175 5812 confessorum.
1191 5773 1201 5797 ι
