3834 6136
147 211 197 274 ml

808 206 960 271 tisunttot
979 203 1143 270 donnum

1750 202 1804 267 let

816 365 1125 425 OBSERVATIONES.

182 488 403 548 Antioclenornm
420 485 543 559 pugilum
560 486 732 554 memoriam,
748 486 854 543 Adonis
868 487 984 548 ilar-A
1037 483 1124 556 Major
1136 482 1285 540 difficultas
1302 480 1387 539 estin
1402 480 1511 553 iisquae
1526 487 1651 552 spectant
1668 479 1805 552 martyre

146 570 158 619 t
179 561 283 687 rologpo
302 559 497 630 antiquiorem,
522 557 575 614 boc
603 557 648 613 die
671 572 727 613 non
753 557 877 638 invenio,
895 574 946 614 nec

144 579 229 690 airum
266 629 344 687 abuit
355 631 459 685 iontem
472 628 621 697 Usuardus,
638 644 673 684 ex
688 644 743 701 quo
757 645 806 686 sua
817 636 855 685 rta
871 630 945 684 bau-

145 705 194 772 sit,
220 712 252 760 ut
275 717 327 758 nec
344 700 479 773 syllabam
495 700 654 756 mutaverit.
670 699 825 766 Quaerimus
839 701 945 757 Adonis

145 776 262 842 iontem,
278 772 325 830 sod
345 772 416 828 nihil
436 771 569 829 hactenus
593 773 712 843 reperire
734 771 823 827 licuit.
839 772 945 827 Zaebrei

144 847 258 928 episcopi
273 844 400 901 meminit
413 844 566 900 Romanum
579 859 706 915 parrum,
718 842 788 898 iarte
798 858 833 898 ex
845 844 944 900 Rufino

144 917 195 974 lrb.
214 935 253 986 rr,
269 933 329 988 cap.
348 916 375 984 5,
395 915 441 972 sed
461 915 592 997 neglectis
605 913 838 972 characteristicis
853 915 944 970 omni·

145 989 208 1058 bus,
224 1005 292 1062 quas
312 987 373 1043 Ado
397 996 533 1058 apposuit,
550 997 577 1043 et
600 1003 634 1043 ex
654 1003 686 1041 eo
705 1002 800 1042 rursus
823 986 945 1058 singulas

145 1060 288 1117 transtulit
311 1058 461 1115 Usuardus.
486 1060 525 1114 lle
548 1059 674 1130 sequenti
699 1059 784 1114 classe
800 1056 870 1113 nibil
886 1073 943 1113 me-

144 1141 254 1187 morant
266 1137 313 1186 aut
325 1130 478 1186 Romanum
495 1145 621 1200 parvum,
637 1136 684 1185 aut
699 1128 770 1185 Ado.
791 1128 821 1184 ln
841 1128 944 1184 Hiero-

144 1202 286 1275 nymianis
300 1200 459 1272 purioribus
475 1202 565 1256 salum
579 1201 776 1273 exprimuntur
801 1200 942 1268 Claudias,

144 1273 267 1328 Asterius
280 1282 307 1328 et
317 1272 401 1340 Neon,
416 1287 486 1346 quos
501 1279 528 1328 et
541 1287 591 1327 nos
606 1288 689 1343 supra
703 1272 859 1340 retulimus,
872 1279 899 1327 et
908 1287 944 1327 ex

144 1344 202 1401 illis
228 1352 353 1416 acceptos
376 1360 430 1399 non
454 1343 624 1399 dubitamus.
651 1343 776 1416 Martyrii
800 1359 885 1415 genus
908 1358 944 1398 ex

144 1417 222 1471 Actis
239 1413 484 1488 proconsularibus
508 1414 671 1486 profluxisse
691 1430 800 1471 necesse
816 1421 866 1483 est,
883 1429 943 1486 quae

143 1486 250 1559 pridem
273 1502 289 1542 a
311 1485 392 1543 Suria
417 1485 470 1542 boc
492 1486 548 1554 die,
567 1493 595 1542 et
618 1486 768 1543 aBaronia
790 1485 824 1542 ad
839 1501 942 1541 annum

143 1574 282 1627 cclxxxv,
306 1573 415 1613 anum.
432 1556 460 1623 3,
480 1558 619 1614 recentius
641 1574 657 1613 a
672 1556 818 1615 Ruinartia
833 1558 879 1613 vul
899 1564 944 1612 ata

143 1636 218 1685 sunt.
233 1630 319 1686 Anea
334 1627 439 1700 integra
458 1629 578 1700 genuina
593 1629 696 1685 viderit
717 1628 856 1696 Rabanus,
872 1573 939 1683 dum

143 1702 263 1773 elogium
275 1716 355 1756 suum
370 1700 536 1771 composuit,
553 1701 690 1755 nonsatis
706 1700 791 1773 liquet
808 1717 814 1766 ;
832 1715 894 1755 cum
908 1698 942 1754 de

142 1772 234 1828 crucis
257 1771 404 1842 supplicio,
427 1770 501 1844 quod
525 1786 541 1826 a
566 1771 647 1826 Flore
670 1786 704 1826 ex
728 1769 851 1842 prelatis
864 1769 942 1826 Actis

1000 558 1160 613 Portuensea
1174 561 1202 610 el
1215 554 1354 622 Ostienses,
1369 553 1398 609 in
1417 551 1642 625 Hieronymianis
1656 551 1802 615 discretas,

1000 626 1029 683 in
1045 628 1168 683 llomano
1179 641 1265 697 parvo
1279 623 1443 706 conjunctos
1455 633 1483 680 et
1495 624 1625 681 contusos
1640 623 1695 680 boc
1707 624 1801 681 modo:

999 700 1099 766 Roma,
1118 697 1262 769 Hippolyti,
1287 696 1408 764 (lauriaci
1426 702 1450 751 el
1468 695 1610 751 Arebillai.
1636 695 1700 751 Ado
1714 696 1802 768 legit:

999 770 1131 826 lnPortn
1155 771 1284 827 Romano.
1301 769 1399 824 Noster
1422 765 1504 840 hujus
1527 766 1674 838 descripsit
1697 767 1801 823 omnia.

999 843 1038 897 De
1048 841 1248 912 Hippolytornm
1259 839 1404 895 identitate
1414 847 1440 894 et
1449 838 1581 894 varietate
1591 845 1684 894 aetum
1696 846 1802 895 estnon

999 914 1093 980 semel,
1110 913 1260 984 praesertim
1284 928 1344 966 xxx
1365 911 1489 966 ianuarii
1504 918 1531 965 et
1555 926 1608 965 xm
1623 910 1756 982 Augusti,
1775 918 1803 967 et

1018 985 1077 1040 lura
1087 983 1154 1040 alibi
1164 982 1348 1039 examinanda
1358 989 1537 1054 supererunt:
1553 981 1699 1050 nimirum,
1708 991 1801 1039 utrum

998 1000 1045 1113 bic
1059 1063 1151 1112 noster
1170 1054 1259 1129 pridie
1275 1055 1418 1121 colendus,
1442 1070 1476 1108 an
1503 1053 1616 1109 Nannna
1640 1051 1675 1109 ad
1702 1052 1801 1110 distin·

998 1127 1117 1183 ctionem
1142 1142 1176 1253 ap
1213 1125 1332 1193 llandus,
1355 1125 1484 1253 solusgue
1511 1124 1540 1179 iu
1564 1124 1649 1180 Porta
1677 1125 1802 1183 Romana

998 1214 1094 1271 passus
1109 1197 1145 1253 sit
1208 1205 1283 1253 trum
1298 1195 1353 1252 duo
1366 1196 1414 1252 alii
1454 1196 1534 1251 eliel
1549 1195 1592 1251 An
1606 1211 1705 1252 eorum
1720 1196 1799 1265 socii,

995 1270 1130 1341 peregrini
1146 1278 1279 1350 martyres
1290 1266 1438 1324 hesterni?
1453 1269 1581 1333 Demum,
1594 1283 1629 1323 an
1645 1267 1693 1325 hic
1702 1268 1801 1340 Hippo·

999 1343 1068 1411 lytris
1083 1339 1168 1396 luerit
1181 1355 1329 1411 epitomas,
1344 1339 1496 1421 etquidem
1509 1354 1625 1412 magnus
1635 1339 1684 1395 ille
1698 1348 1726 1396 et
1735 1339 1800 1396 acri-

997 1412 1052 1483 ptis
1067 1413 1201 1485 inclytus,
1222 1421 1304 1484 atque
1323 1411 1377 1466 alia
1393 1410 1421 1466 nt
1434 1426 1520 1483 genus
1533 1410 1671 1484 ambiguas
1685 1409 1801 1484 disqui-

998 1483 1118 1551 sitionis,
1146 1483 1289 1565 operosius
1315 1498 1365 1537 suo
1388 1483 1450 1540 loco
1479 1481 1691 1554 pertractanda,
1719 1481 1800 1554 cujus

997 1554 1084 1626 prima
1100 1570 1206 1611 semina
1228 1553 1301 1626 apud
1314 1553 1466 1609 Baronium
1481 1563 1509 1610 et
1523 1553 1730 1610 Florentinium
1746 1553 1799 1612 boc

997 1633 1025 1682 et
1039 1626 1101 1682 aliis
1113 1625 1211 1682 diebus
1226 1624 1361 1681 invenies.
1379 1625 1470 1697 Magni
1487 1625 1632 1698 llyppoliti
1647 1641 1693 1682 res
1710 1633 1797 1698 gestas

997 1704 1023 1752 et
1037 1697 1140 1770 scripta
1153 1696 1203 1752 dili
1223 1704 1301 1752 enter
1319 1697 1430 1768 collegit
1444 1697 1640 1753 Tillemontius
1652 1704 1731 1752 tomo
1749 1698 1796 1766 lll,

997 1783 1092 1848 apag.
1118 1767 1180 1824 ²38.
1203 1713 1307 1824 Caetera
1326 1768 1451 1838 superius
1472 1767 1582 1824 abunde
1606 1784 1656 1840 pro
1675 1767 1798 1825 instituti

143 1841 245 1898 diserte
267 1841 409 1909 asseritur,
433 1857 485 1897 nec
508 1841 624 1896 verbum
647 1842 739 1898 iaciat.
760 1842 888 1897 llulieres
901 1850 939 1898 ta·
954 1855 978 1915 13
996 1839 1080 1910 huyus
1094 1841 1179 1896 nostri
1196 1839 1303 1895 ratione
1317 1839 1392 1895 dicta
1406 1847 1481 1895 sunt.
1508 1840 1664 1896 Romanum
1679 1856 1795 1912 parvum

142 1928 205 1969 men
221 1913 392 1981 Domninam,
407 1914 450 1967 rel
466 1918 497 1968 ut
509 1912 556 1967 alii
568 1913 757 1969 Donninantet
774 1913 939 1969 Theonillam

142 1999 176 2038 ex
193 1984 250 2038 illis
261 1982 398 2039 allabauo
411 1990 534 2055 sumptas
542 1984 681 2052 existimo,
697 2001 764 2057 quas
773 1984 866 2040 nescio
878 1985 940 2056 quis

141 2054 265 2110 Prateusi
281 2052 382 2122 codici,
399 2070 479 2110 corru
501 2064 529 2111 to
539 2063 628 2125 texta,
644 2055 804 2112 inserendas
820 2057 937 2127 putavit.

142 2124 172 2180 ld
188 2124 258 2182 mihi
272 2124 408 2181 iudicavit
426 2071 631 2182 ocufatissimus
650 2128 789 2199 inspector
801 2127 873 2184 Clar.
889 2127 938 2184 Ca·

142 2196 285 2264 stellanus,
300 2195 445 2253 observata
468 2198 497 2252 in
512 2214 545 2254 eo
558 2198 654 2255 codice
668 2199 792 2254 erasione
807 2199 880 2255 inter
898 2216 938 2253 co·

140 2269 231 2324 ronati
249 2275 312 2323 sant
324 2277 351 2325 et
363 2268 547 2326 Alexandria:
563 2269 693 2342 utrinque
712 2270 864 2336 exclusive,
885 2285 939 2343 qua

141 2340 272 2412 scalpello
287 2339 400 2396 inducta
422 2348 487 2396 suut
501 2341 605 2408 amnia,
621 2357 681 2414 quae
705 2341 735 2397 in
750 2351 844 2398 nostro
858 2346 938 2396 textu

141 2410 288 2476 habentur,
317 2426 402 2485 eaque
430 2412 623 2484 superscripta,
649 2428 710 2485 quae
740 2414 769 2468 in
798 2412 939 2469 Auctariis

139 2482 230 2564 primo
257 2484 317 2539 laco
340 2483 498 2538 referemus.
520 2483 649 2555 Suspicor
671 2499 731 2555 ego,
755 2490 937 2541 correctorem

142 2555 234 2622 illum,
250 2553 390 2610 laudatum
400 2555 541 2610 liubanem
553 2556 629 2627 sequi
644 2555 774 2611 voluisse.
790 2557 937 2636 Atcunque

139 2624 186 2692 sit,
200 2625 322 2680 Pratensi
346 2624 435 2680 codici
460 2626 505 2681 hic
528 2626 705 2682 consentiunt
728 2628 853 2683 consueti
877 2643 937 2698 eyas

139 2696 255 2752 comites
268 2695 504 2767 Antuerp.-blajor
527 2704 554 2752 et
573 2697 719 2769 llosweyd.
738 2714 800 2755 cum
826 2698 936 2770 ipsoex

139 2783 270 2893 purorum
286 2782 402 2822 numero
425 2767 541 2835 exclusi,
559 2768 660 2849 quibus
680 2777 707 2824 et
722 2769 936 2841 Aquicinctinus

151 2846 210 2894 orte
224 2837 323 2894 similis
339 2845 388 2906 est,
404 2848 435 2895 ut
457 2838 530 2894 inira
543 2839 644 2896 dicam.
661 2841 700 2896 De
715 2840 805 2911 lycia,
826 2856 874 2897 seu
889 2857 935 2912 po·

137 2909 193 2965 tius
210 2910 328 2980 Calicim
348 2911 464 2984 aliisque
483 2912 557 2966 circa
572 2911 654 2968 hosce
669 2921 804 2984 martyres
818 2921 935 2969 contro-

138 2982 234 3049 versis,
246 2980 310 3036 ride
329 2982 491 3038 Florentinii
506 2983 666 3039 Notationes
678 2990 705 3039 et
720 2983 859 3039 liuiuartii
873 2982 934 3039 Sin·

134 3066 181 3108 eru
197 3061 224 3108 et
239 3053 347 3110 Selecta
365 3069 456 3127 apag.
472 3054 537 3111 278.

995 1912 1124 1984 scripsit:
1151 1912 1262 1967 Theona
1282 1911 1417 1982 episcopi3
1440 1911 1523 1968 breve
1546 1911 1668 1983 elogium
1692 1912 1797 1983 aptarit

993 1983 1065 2050 Ado,
1080 1981 1160 2053 cujus
1181 1982 1300 2056 priorem
1317 1990 1422 2056 partem
1441 1982 1540 2038 Noster
1558 1983 1725 2055 desumpsit.
1743 1982 1797 2040 vi-

993 2053 1066 2111 desis
1080 2054 1292 2126 Chronalogiam
1309 2061 1431 2110 nostram
1451 2054 1666 2111 Patriarcbalem
1681 2070 1697 2110 a
1716 2070 1794 2110 uum.

994 2126 1055 2181 173.
1068 2126 1107 2180 De
1121 2126 1289 2182 Tinrolbeoet
1299 2126 1459 2197 Apollinare
1473 2142 1488 2181 a
1507 2126 1529 2182 it
1538 2125 1621 2182 otiam
1628 2126 1738 2194 Florus,
1751 2126 1796 2182 sed

993 2196 1133 2253 Usuardus
1146 2197 1217 2252 nihil
1233 2197 1261 2251 in
1274 2197 1427 2253 Adouiauis
1442 2143 1534 2253 verbis
1548 2197 1714 2255 mumndum
1729 2213 1796 2254 cen·

993 2269 1058 2324 suit.
1076 2269 1173 2324 Utrum
1189 2267 1222 2324 ad
1233 2268 1451 2340 Hieronymiana
1484 2270 1632 2337 ertineant,
1647 2269 1723 2326 dicet
1733 2270 1795 2325 Flo·

993 2339 1140 2395 rentinius.
1157 2339 1228 2395 Vide
1243 2356 1303 2412 qua
1324 2339 1440 2412 deipsis
1462 2285 1545 2397 babet
1559 2341 1657 2397 Sarius
1670 2356 1707 2397 ex
1721 2339 1796 2397 Gre-

992 2411 1069 2482 gorio
1081 2411 1246 2467 Turoneusi.
1258 2412 1394 2493 Longiora
1403 2414 1536 2469 Aetanon
1549 2412 1660 2481 desunt,
1674 2411 1724 2468 sed
1734 2428 1795 2485 quae

991 2482 1133 2563 supposita
1153 2482 1295 2548 ridentur,
1319 2499 1349 2539 rn
1369 2483 1470 2556 quibus
1484 2484 1518 2540 de
1532 2484 1627 2540 Mauro
1641 2499 1753 2557 quoque
1768 2492 1796 2540 et

991 2554 1074 2610 sociis
1088 2553 1188 2625 agitur,
1205 2554 1294 2626 pridie
1310 2555 1382 2611 inter
1395 2557 1526 2611 Auctaria
1541 2556 1654 2612 notatis.
1670 2556 1794 2612 Floren-

990 2625 1091 2681 tinium
1107 2625 1190 2681 etiam
1213 2628 1326 2682 consule
1349 2643 1381 2683 su
1402 2643 1432 2683 er
1445 2627 1576 2684 Mineruia
1593 2635 1621 2683 et
1644 2628 1791 2683 Eleazaro.

990 2697 1107 2753 Usuardi
1118 2704 1208 2753 textus
1223 2713 1278 2753 nou
1293 2643 1407 2754 aliundis
1419 2715 1501 2772 quam
1515 2715 1549 2754 ex
1564 2699 1679 2771 praelato
1691 2699 1793 2771 saepius

989 2768 1086 2824 Adone
1109 2767 1273 2840 quaerendus
1295 2777 1356 2835 est;
1382 2777 1463 2842 atque
1486 2769 1549 2825 inde
1572 2778 1673 2838 statue,
1702 2786 1738 2826 ex
1760 2785 1792 2825 eo

988 2838 1126 2966 descripta
1144 2856 1202 2895 esse
1223 2841 1327 2909 omnia,
1353 2850 1451 2912 prater
1464 2842 1707 2898 annuntiationem
1730 2841 1791 2896 uni·

987 2927 1058 2977 cam,
1093 2927 1176 2984 equa
1184 2910 1241 2982 jam
1256 2913 1323 2970 satis
1339 2911 1474 2970 diximus.
1486 2913 1677 2971 Wandalberti
1694 2928 1792 2969 versus

988 2981 1044 3038 huc
1058 2998 1114 3038 non
1129 2990 1244 3055 spectat.

871 3179 1062 3246 Auernum.

172 3283 295 3344 Patren.
311 3295 492 3361 expraetenso
505 3283 675 3361 autographo
692 3288 787 3358 verba,
802 3305 862 3362 quae
879 3289 933 3345 ba·
952 3290 1071 3361 cEgea,
1099 3295 1257 3345 sanctorum
1278 3286 1399 3358 Claudii,
1422 3289 1527 3346 Asterli
1548 3298 1576 3348 et
1596 3290 1711 3363 Neanis,
1740 3294 1789 3370 qui

135 3353 236 3415 bantur
249 3359 322 3416 inter
342 3360 462 3415 coronati
480 3367 542 3415 sant
555 3370 582 3417 et
597 3361 781 3430 Alexandriae,
801 3377 863 3417 cum
879 3361 933 3418 ab·

135 3429 355 3488 breviationibus
370 3430 438 3486 mibi
455 3431 600 3505 descripsit
614 3433 784 3490 Castellanus
800 3451 806 3489 :
830 3433 932 3504 «Apud

135 3501 238 3558 Liciam
254 3501 398 3558 civitateE
416 3518 457 3569 ea,
472 3513 629 3560 sanctorum
642 3514 796 3578 martyrum
810 3504 930 3573 Claudii,

134 3573 247 3653 Asterii,
265 3573 378 3654 Neanis,
400 3520 552 3654 {lominica
577 3583 604 3631 et
623 3575 784 3644 Theonillae‚
808 3577 855 3648 qui
879 3576 931 3632 sub

87 3669 92 3680 ·
134 3642 217 3714 Lysia
229 3644 344 3715 praesrde
359 3659 444 3699 rarus
467 3661 556 3715 poenus
579 3647 731 3703 excruciati
749 3654 830 3719 atque
846 3647 930 3702 inter·

134 3714 219 3784 empti
234 3722 309 3769 sunt.
322 3714 352 3769 lu
404 3722 448 3770 rtu
464 3715 539 3771 urbis
555 3717 657 3784 Rome,
675 3725 832 3775 sanctorum
848 3718 930 3800 llyp-

132 3783 225 3912 politi,
252 3783 347 3852 Quinti
367 3730 518 3860 ffiuiriaci]
539 3794 566 3842 et
586 3787 731 3845 Arcbillai.
754 3789 857 3846 Eodem
873 3789 928 3857 dte,

152 3854 206 3912 eali
216 3855 334 3922 Zachaei,
347 3858 395 3938 qui
403 3865 518 3929 quartus
526 3858 561 3914 ab
571 3858 671 3915 Jacobo
682 3860 927 3917 Hierosolimorum

131 3927 275 3985 ecclesiaffl
296 3928 447 3985 clarissime
471 3945 519 3986 rex
544 3927 607 4001 [pro
629 3931 711 3998 rexit,
724 3939 833 4003 propter
848 3933 929 4003 spatii

131 3999 288 4069 angustias:
311 4000 390 4070 idque
412 4000 441 4054 in
460 4002 740 4059 Auruncum-limans
764 4003 802 4058 ila
815 4020 928 4074 prorsas

132 4073 328 4151 transumptum
342 4070 423 4146 est].·
440 4073 499 4127 lam
509 4072 581 4140 dixi,
597 4074 746 4131 Roswnuo.
760 4083 788 4130 et
795 4074 891 4130 ordine
900 4084 928 4131 et

131 4156 214 4222 sensu
227 4147 309 4197 etiam
325 4143 503 4200 concordare.
523 4146 563 4200 Ile
577 4146 738 4208 Aourcmcr.
754 4148 835 4218 paulo
850 4146 927 4203 inle-

130 4227 198 4269 rius.

165 4283 366 4342 Passerinum
388 4286 572 4345 Antiochenis
598 4296 625 4346 et
646 4288 760 4346 Zacbaeo
775 4306 872 4363 purus,
891 4289 925 4348 de

130 4353 240 4413 Theona
254 4356 358 4430 aliquid
368 4357 525 4430 decerpens,
541 4361 581 4416 sia
595 4360 677 4417 babet
693 4379 699 4417 :
719 4361 924 4431 «Alexandria,

988 3370 1050 3432 post
1064 3359 1133 3415 dura
1146 3369 1282 3417 tormenta
1293 3362 1367 3417 cruci
1387 3361 1462 3417 affixi
1476 3372 1551 3419 sunt.
1567 3387 1576 3410 ι

1021 3432 1202 3488 Bnuxemrn.
1214 3432 1470 3500 ordinemiuvertit‚
1480 3433 1674 3507 sicincipiens:
1689 3438 1789 3511 «Apud

986 3503 1081 3559 urbem
1098 3504 1270 3571 Remensem,
1285 3512 1443 3561 sanctorum
1457 3505 1661 3578 Thymotbei,2
1683 3515 1737 3566 etc.
1753 3511 1785 3567 ln

985 3573 1099 3630 Zaebeo
1114 3583 1142 3630 et
1155 3575 1337 3632 Antiochenis
1351 3591 1435 3647 purus
1449 3585 1498 3632 est.
1515 3577 1567 3633 Pro
1587 3579 1709 3648 Theona,
1719 3584 1786 3640 scri·

985 3644 1027 3701 bit
1047 3646 1169 3714 Theonis,
1184 3647 1316 3719 additque
1336 3648 1364 3703 in
1380 3648 1435 3703 line
1454 3648 1561 3705 Adonis
1579 3650 1682 3708 verba:
1708 3653 1786 3722 «Qui

984 3715 1093 3772 beatum
1105 3717 1217 3773 Petrum
1229 3735 1243 3774 e
1265 3719 1388 3790 iscopum
1403 3726 1430 3774 et
1440 3729 1588 3793 martyrem
1604 3721 1633 3778 in
1646 3725 1724 3781 omui
1737 3743 1785 3799 pu·

984 3787 1216 3845 ritateenutrivit.
1260 3790 1314 3862 pud
1329 3790 1430 3862 Egeam
1445 3792 1586 3848 civilatem
1597 3793 1715 3864 Lisia„
1730 3805 1782 3856 ete.

983 3859 1014 3914 ln
1029 3860 1227 3916 Portuensibus
1240 3862 1323 3918 etiam
1358 3878 1435 3928 urus,
1450 3863 1555 3920 ultimae
1575 3869 1783 3926 annuntiationi

982 3929 1089 4011 Adonis
1103 3932 1187 3988 verba
1202 3949 1296 3990 rursus
1310 3877 1469 3991 subnectit:
1501 3959 1510 3983 ι
1525 3935 1648 4002 Quorum
1666 3956 1783 4012 corpora

982 4011 1203 4077 inscriptaque
1219 4004 1280 4060 urbi
1304 4005 1338 4062 ab
1354 4005 1503 4062 Occidente
1516 4006 1655 4079 imminet,
1668 4012 1783 4068 condita

982 4071 1154 4154 habentur·
1186 4076 1217 4131 ln
1242 4076 1315 4131 line:
1341 4099 1351 4123 ‹
1375 4078 1443 4132 Item
1464 4078 1590 4134 Flaviani
1613 4089 1641 4138 et
1662 4082 1782 4155 Sydanii

981 4159 1183 4218 episcoporum.
1200 4169 1209 4194 ι

1016 4217 1198 4298 Haasporuu.
1214 4217 1334 4291 incipit:
1358 4221 1480 4294 «vigilia
1491 4224 1579 4281 sancti
1590 4224 1780 4283 Bartholomei

980 4287 1142 4370 Apostoli.»
1164 4288 1294 4362 Sequitur
1303 4299 1406 4360 textus,
1415 4303 1521 4351 mumto
1531 4296 1779 4354 nonnihilannun·

979 4360 1126 4416 tratianum
1143 4360 1251 4430 ordine,
1263 4363 1308 4418 sed
1320 4364 1354 4419 de
1364 4372 1462 4421 cetero
1477 4367 1543 4422 satis
1560 4383 1637 4439 pure.
1656 4366 1689 4424 lu
1704 4369 1778 4426 fine:

129 4428 217 4485 sancti
235 4428 354 4510 Theona
378 4429 510 4502 episcopi,
527 4447 591 4488 vere
613 4431 797 4505 Reudigni·
819 4435 925 4490 Desunt
985 4452 995 4477 ι
1010 4430 1114 4488 Eodem
1125 4432 1181 4499 die,
1193 4434 1281 4490 sancti
1292 4435 1416 4492 Flaviani
1427 4437 1548 4510 episcopi
1558 4445 1586 4495 et
1600 4439 1777 4498 confessoris.

128 4499 234 4574 reliqua
248 4516 351 4556 omma.

978 4502 1057 4572 item,
1070 4504 1158 4561 sancti
1172 4504 1288 4578 Sydonii
1301 4506 1432 4580 episcopi.
1448 4533 1457 4556 ι

163 4572 307 4629 Aurorae.
323 4578 350 4629 et
362 4572 563 4656 Max-liuere.
579 4574 611 4632 Iu
634 4583 713 4658 textu
726 4576 800 4660 puri,
824 4577 854 4632 in
868 4577 924 4635 fine
1013 4595 1175 4657 Aomcmcr.
1187 4604 1248 4668 post
1264 4595 1400 4653 ‹Neanis·
1415 4615 1479 4655 curn
1488 4600 1611 4658 Pnarsn.
1623 4601 1777 4676 interjicit:

127 4641 265 4700 ⁸¹¹bdl¹¹¹i²
285 4644 376 4700 ‘1⁸0OE
393 4645 517 4702 F¹³V¹²¹¹¹
529 4656 557 4724 ei
571 4646 687 4719 Slss⁰d¹¹
702 4664 916 4720 0P¹⁸⁰⁰P⁰f¹¹ffl··
937 4657 962 4716 D
984 4688 994 4713 ι
1012 4667 1157 4723 Domninae
1178 4675 1206 4723 et
1221 4668 1381 4736 Theonillae,
1405 4671 1453 4742 qui
1475 4673 1526 4728 sub
1551 4673 1634 4745 Lysia
1648 4674 1778 4747 praeside,

128 4708 200 4770 Vide
214 4716 323 4770 notulas
339 4715 497 4772 Castelleui.

164 4785 925 4862 Auroram-blm.,Utrnarrcrne‚Lnroru.,Lovau1nn.,

126 4854 252 4914 Aterno.
269 4864 297 4912 et
311 4859 408 4914 Denso.
423 4859 505 4916 initio
516 4860 674 4934 prefigunt:
698 4886 707 4910 ‹
722 4864 826 4937 Vigilia
836 4865 924 4921 sancti

126 4925 313 4986 Bartholomei
328 4929 476 5001 apastoli·
493 4932 524 4987 ln
539 4931 603 5002 fine,
613 4933 738 4992 addunt:
762 4959 771 4982 ι
786 4938 852 4991 ltem
865 4935 923 4991 Fla·

126 5000 202 5057 riaui
217 5008 244 5058 et
259 4999 376 5073 Sydonii
390 5003 613 5076 episcoporum.»
634 5005 738 5063 eatam
751 5021 847 5063 omnes
861 5007 922 5078 puri

126 5080 200 5129 sunt.

161 5145 332 5204 Carrucam:
353 5146 468 5205 «Natale
482 5156 638 5207 sanctorum
648 5159 800 5233 martyrum
811 5150 921 5219 Donati,

125 5212 265 5286 Restituti,
282 5219 432 5288 Valeriani,
443 5222 601 5278 Fructuosae
615 5238 677 5278 cum
693 5223 755 5279 abis
764 5222 920 5291 duodecim,

125 5289 172 5360 qui
196 5306 211 5344 a
232 5290 269 5346 ud
288 5290 465 5348 Antiochiam
491 5293 613 5349 coronati
638 5301 712 5349 sunt.
735 5294 921 5362 Alexandriae,

125 5356 198 5414 beati
212 5306 330 5417 ιἰὴεοιιω
345 5365 436 5434 tpisco
456 5364 465 5419 i
479 5364 644 5421 venerabilis
657 5373 684 5420 et
693 5382 756 5422 rere
770 5365 919 5438 Deodigni.

124 5426 229 5484 Eodem
251 5429 307 5499 dle,
323 5437 408 5491 sancti
445 5436 531 5492 acbaei
549 5432 681 5508 episcopi,
696 5438 744 5510 qui
760 5446 874 5509 quartus
888 5437 922 5493 ab

124 5495 225 5554 Jacobo
253 5501 479 5562 ierosolimorum
502 5507 575 5563 rexit
602 5509 756 5565 ecclesiam.
786 5508 921 5580 Lugduno

125 5567 405 5639 (liniamentorum
422 5587 492 5634 urart
514 5595 574 5634 rum
590 5580 718 5636 Minervii
737 5587 764 5636 el
785 5580 920 5637 Eleazarae

123 5655 187 5696 cum
202 5641 269 5698 liliis
282 5647 340 5727 suis
362 5657 434 5729 octo.
452 5649 482 5704 ln
493 5595 580 5706 {ortu
599 5651 676 5709 urbis
691 5654 794 5719 noma,
807 5661 921 5709 sanato-

123 5714 475 5798 rumHyppolrtr,Qurriaci
485 5722 638 5778 etAcbilei.
650 5725 752 5792 Remis,
763 5730 920 5780 sanctorum

124 5781 304 5860 Tymothcret
312 5788 484 5861 Apollinaris
496 5800 659 5865 martyrum.
675 5797 707 5853 ln
717 5794 795 5855 Licia
806 5794 920 5855 civitate

979 4738 1065 4819 variis
1080 4739 1168 4820 panis
1182 4740 1333 4821 excruciati
1349 4751 1429 4815 atque
1443 4742 1602 4818 interempti
1617 4753 1711 4802 sunt·
1734 4748 1779 4804 Au

979 4817 1061 4865 etiarn
1073 4825 1170 4865 serrem
1178 4819 1336 4879 mutaverit,
1346 4821 1470 4870 notatum
1482 4832 1536 4871 non
1549 4816 1673 4875 invenio.
1685 4817 1778 4874 lnfine

978 4889 1068 4960 autem
1085 4880 1213 4937 additur:
1240 4907 1250 4930 ι
1269 4883 1348 4952 Item,
1365 4893 1524 4944 sanctorum
1539 4889 1666 4945 Flavilui
1686 4897 1714 4946 et
1728 4889 1780 4963 Sy-

978 4950 1055 5007 domi
1071 4953 1294 5025 episcoporum.»
1697 4969 1701 4976 ·

1012 5042 1484 5106 Marma:Caurus—Ummium.:
1514 5072 1523 5096 ‹
1538 5049 1641 5122 vigilia
1654 5049 1778 5121 Claudii,

977 5113 1079 5170 Asterii
1102 5122 1129 5170 et
1144 5115 1245 5172 Neouis
1260 5116 1375 5174 fratrum
1397 5128 1550 5194 martyrum
1572 5131 1599 5179 et
1614 5138 1776 5194 puerorum,

977 5200 1045 5257 quos
1067 5184 1154 5267 judex
1172 5203 1219 5259 per
1242 5188 1318 5243 varia
1335 5198 1472 5248 tormenta
1492 5193 1557 5249 iecit
1580 5194 1729 5267 cruciligi;
1751 5204 1779 5252 et

976 5272 1039 5312 cum
1061 5274 1100 5314 ers
1118 5274 1201 5330 passa
1220 5267 1285 5314 sunt
1308 5260 1369 5318 duae
1392 5263 1522 5321 mulieres
1544 5281 1608 5321 cum
1624 5265 1775 5324 infantulo.

977 5327 1099 5384 Eleazeri
1112 5346 1175 5386 cum
1190 5329 1288 5387 siliis·

1011 5418 1182 5476 Ucunutmrr.
1198 5419 1227 5475 in
1243 5421 1314 5476 dne:
1339 5445 1348 5469 ι
1366 5424 1491 5481 Flaviani
1505 5432 1534 5481 et
1547 5425 1656 5483 Sidonii
1672 5427 1776 5501 episco-

975 5505 1084 5560 porum,
1100 5515 1109 5537 ι
1130 5499 1161 5547 ut
1174 5508 1257 5564 supra
1270 5495 1412 5551 Maurae.
1428 5506 1456 5553 ct
1470 5498 1666 5556 blan-Lunae.

1011 5561 1148 5618 Amemus.
1181 5588 1190 5612 ‹
1207 5565 1239 5620 ln
1253 5564 1354 5635 Scotie,
1374 5577 1475 5624 sanctae
1488 5568 1574 5625 Ebbae
1586 5570 1769 5630 abbatissae·

975 5631 1083 5689 Colitur
1095 5650 1154 5689 xxv
1168 5635 1296 5710 Augusti.

1010 5730 1190 5811 Seronatum:
1218 5737 1346 5795 «Eodem
1372 5739 1428 5808 die,
1447 5742 1535 5800 sancti
1558 5743 1687 5802 Flaviani
1711 5741 1777 5818 epi-

974 5816 1082 5875 scope·
1104 5805 1144 5864 Ile
1158 5805 1273 5867 Sidonio
1285 5826 1340 5868 uon
1355 5811 1493 5871 meminit.
