3834 6136
192 230 260 288 {⁰47

711 221 884 279 tumebant
903 216 1142 275 LUGDUNENSIS
1161 212 1317 271 EPlSCOPl
1383 243 1387 252 ·

1767 203 1833 262 tota

186 378 265 458 tiorq
278 374 385 440 haberi,
399 381 427 430 et
440 371 627 429 nibilominus
640 380 795 429 testatores
809 385 871 443 que
885 367 984 441 praedi-
1000 369 1027 428 Α
1039 365 1092 422 Sed
1107 364 1196 420 Julius
1211 370 1237 418 et
1251 377 1283 418 ea
1297 376 1357 433 qua
1368 359 1422 416 sibi
1432 365 1499 415 tunc
1508 357 1698 438 competentia
1707 356 1768 411 visa
1777 367 1837 412 sunt

192 466 237 523 xit
251 466 280 521 in
294 463 388 520 οοιίιιιι
401 477 480 535 posse
490 461 621 529 inveniri,
638 471 665 516 et
675 477 725 517 vos
739 457 864 516 letemini
879 472 895 511 a
909 456 988 511 nullo

193 553 248 612 hoo
261 569 320 608 esse
334 550 595 618 contradicendum,
611 550 676 622 quia
691 548 745 603 nisi
761 547 820 618 ipsa
837 562 896 617 quae
913 543 990 599 misit

194 644 317 710 haberet,
330 643 439 698 mittere
455 639 618 696 nullomodo
633 647 748 712 poterat.
760 638 797 692 Et
811 635 950 709 quomodo
960 635 990 690 in

194 731 297 789 eisdem
312 738 406 803 postea
420 728 651 802 quaternionibus
665 726 798 794 scribitis,
815 724 888 797 quod
904 723 990 779 mani·

193 821 294 877 festum
304 827 346 876 est
360 817 472 873 nonnisi
488 824 597 872 tantum
609 814 710 886 viginti
725 829 786 886 qua
801 812 935 868 habemus
949 827 991 866 ca·

195 910 282 984 pitula
294 907 378 962 luisse
393 906 421 960 in
435 905 547 960 Nicaeno
566 902 688 960 concilio
699 901 873 958 constituta?
889 900 992 956 Verum

195 1004 223 1051 et
239 995 461 1067 longissimarum
479 1000 590 1048 aetatum
610 1007 645 1046 ex
665 989 777 1061 antiqua
794 988 993 1044 consuetudine

195 1085 304 1157 prolixa
315 1092 447 1154 tempora,
461 1097 507 1151 per
519 1095 579 1152 quae
589 1078 677 1148 ipsius
690 1077 802 1134 concilii
814 1077 872 1132 haec
885 1084 993 1132 tantum

198 1172 298 1243 viginti
309 1170 431 1241 capitula
441 1168 516 1222 luere
524 1174 659 1238 suscepta,
674 1165 766 1220 verbis
781 1163 995 1235 historiographi

199 1259 303 1325 Rufini,
315 1273 376 1329 qna
392 1254 603 1311 indubitabilem
619 1254 725 1309 iaciunt
740 1251 832 1309 fidem.
846 1252 997 1323 Utrumque

199 1362 255 1404 non
263 1346 398 1419 procedit,
409 1345 618 1417 quiasitautum
628 1343 728 1413 viginti
740 1342 861 1414 capitula
871 1347 997 1413 suscepta

200 1436 285 1492 luisse
299 1452 335 1490 ex
350 1434 442 1489 verbis
456 1433 669 1504 historiographi
684 1431 863 1487 indubitabili
878 1430 931 1486 lide
941 1446 996 1485 cre·

200 1523 312 1591 dantur,
324 1522 571 1579 contradicendum
582 1521 635 1577 erit
644 1521 729 1587 lulio,
740 1520 788 1592 qui
799 1519 895 1575 asserit
911 1518 944 1573 de
954 1517 998 1572 bis

200 1612 335 1684 ampliora
345 1619 426 1683 atque
439 1609 651 1676 abundantiora,
665 1609 847 1681 quinquoque
861 1615 927 1663 etea
939 1621 999 1677 que

1043 471 1078 509 ex
1090 453 1202 511 Nicena
1217 450 1364 522 assumpsit
1378 446 1495 520 synodo,
1511 448 1588 502 velut
1604 445 1664 518 ipse
1673 443 1725 514 ait,
1741 451 1772 500 nt
1785 452 1840 500 tan

1045 551 1136 598 torum
1152 542 1264 596 Petrum
1280 536 1441 594 auctoritato
1457 551 1506 592 sua
1521 535 1701 591 roboraretur
1718 533 1840 606 epistola,

1044 637 1072 687 et
1082 631 1196 702 illaque
1206 645 1256 702 pro
1266 626 1396 683 instantis
1406 622 1712 697 temporisnecessitate
1721 621 1844 678 addenda

1047 726 1135 786 erant,
1150 718 1222 775 siout
1237 724 1264 772 et
1278 731 1344 771 suns
1358 729 1499 770 successor
1511 711 1600 780 l'clix,
1615 709 1768 782 ceterique
1781 726 1844 782 pra·

1047 809 1202 864 decessores
1216 821 1249 862 ac
1262 817 1431 861 successores
1443 801 1579 869 lecerunt,
1589 798 1746 872 apostolica
1757 806 1845 854 aucto·

1048 898 1129 953 ritate
1144 883 1340 953 constituendo
1357 891 1492 964 apposnit.

1082 993 1162 1060 Quod
1172 1000 1264 1047 autem
1274 989 1410 1046 subditis:
1429 988 1485 1042 «Et
1494 985 1517 1041 si
1527 985 1562 1041 de
1571 982 1771 1057 appellatione,
1780 983 1848 1039 sicot

1050 1082 1079 1137 in
1098 1079 1254 1136 Sardicensi
1275 1077 1394 1134 concilio
1418 1075 1602 1132 constitutum
1627 1081 1681 1138 est,
1698 1071 1728 1126 in
1742 1070 1849 1127 Nicaeno

1050 1169 1169 1226 concillo
1194 1168 1290 1223 luisset
1305 1173 1384 1222 antea
1398 1170 1543 1231 statutum,
1560 1161 1639 1217 nulla
1652 1159 1776 1234 perforet
1801 1175 1852 1214 ne-

1051 1259 1174 1323 cessitas,
1189 1264 1220 1311 ut
1235 1255 1334 1310 iterum
1351 1254 1380 1310 in
1396 1253 1448 1308 boc
1462 1250 1584 1307 concilio
1597 1248 1665 1305 inde
1675 1247 1851 1304 constituere·

1052 1358 1116 1414 tur;
1131 1346 1178 1402 sed
1194 1346 1266 1401 sicot
1278 1344 1307 1398 in
1322 1343 1385 1398 aliis
1406 1340 1534 1398 conciliis
1554 1338 1658 1410 legitur
1677 1336 1850 1402 scriberetur,

1053 1437 1182 1493 videlicet
1198 1442 1229 1490 nt
1244 1450 1275 1490 aa
1288 1449 1348 1505 quae
1362 1437 1427 1487 sunl
1443 1431 1472 1485 in
1486 1429 1599 1485 Nicaeno
1612 1426 1738 1484 concilio
1750 1424 1853 1482 consti-

1053 1533 1114 1581 tuta
1139 1524 1173 1579 ab
1202 1521 1335 1579 omnibus
1361 1524 1569 1576 conserventur.
1597 1543 1607 1565 ι
1644 1515 1769 1587 Apparet
1795 1516 1854 1588 quia

1053 1614 1213 1670 nullatenus
1226 1611 1342 1667 creditis
1359 1608 1448 1664 tribus
1461 1606 1583 1679 pretatis
1590 1605 1723 1674 testibus,
1739 1604 1813 1677 quod
1826 1604 1855 1659 de

200 1699 367 1771 praedixitin
377 1699 501 1756 llomano
510 1698 614 1755 scrinio
625 1713 704 1769 posse
714 1695 917 1766 inveniri,qnae
925 1692 998 1749 idem
1014 1714 1036 1774 B
1052 1701 1430 1777 appeliationeepiswporum
1440 1698 1473 1753 ad
1484 1695 1854 1754 Romanaesedisantistitem
1884 1717 1886 1721 .

200 1785 231 1840 in
253 1786 372 1856 epistola
385 1800 433 1839 sua
447 1800 475 1839 se
489 1791 608 1839 testatur
623 1799 680 1839 non
694 1781 885 1855 assumpsisse,
896 1796 931 1835 ne
945 1795 999 1834 va-

201 1888 281 1929 cuare
297 1873 421 1927 vilemve
443 1872 531 1928 lacere
547 1869 707 1943 predictam
729 1869 878 1942 synodum,
894 1865 1000 1922 scilicet

200 1961 350 2027 Nicenam
366 1960 515 2016 videretur.
531 1960 647 2017 Rectum
657 1966 699 2014 est
713 1975 788 2030 ergo,
803 1967 834 2013 nt
849 1957 892 2012 illi
908 1955 1001 2026 potins

201 2047 338 2114 credatur,
354 2046 399 2102 cui
415 2046 492 2101 testis
502 2054 543 2101 est
554 2047 613 2117 ipsa
629 2045 779 2113 Divinitas,
801 2061 861 2116 qnae
876 2059 1001 2116 spopon-

201 2133 243 2189 dit
256 2133 302 2188 oli
315 2132 418 2187 fuerint
434 2132 486 2187 deo
496 2133 536 2186 vel
552 2138 603 2186 tres
626 2133 777 2204 coaprcqoti
793 2150 819 2186 ιιι
829 2147 934 2186 comete
947 2147 1001 2185 mco

201 2224 239 2280 iii
249 2240 293 2295 eqo
303 2224 332 2279 ιἰι
346 2223 430 2278 medio
439 2238 592 2276 eorummet
604 2222 711 2291 (dlottlv.
723 2223 818 2293 xviri).
832 2224 867 2280 Et
877 2223 956 2279 item:
972 2220 1002 2276 Si

202 2315 254 2370 deo
270 2332 301 2368 es
314 2312 386 2368 vobis
397 2312 625 2381 corresuscitatos
639 2314 711 2368 omrai
720 2327 1001 2384 requomcumqeepe-

204 2403 309 2471 tieritis,
327 2404 371 2475 fiet
384 2403 455 2457 cobis
478 2420 495 2456 o
517 2403 599 2458 Patre
615 2418 672 2457 ineo
692 2402 799 2473 (ibid).
815 2401 851 2456 Et
863 2401 928 2455 item
944 2399 1002 2470 ipsa

202 2493 343 2551 Divinitas
349 2510 380 2548 ac
387 2492 497 2548 Veritas
507 2509 513 2547 :
527 2493 560 2548 la
571 2509 617 2547 ore
626 2493 741 2547 duorum
752 2493 791 2546 vel
802 2491 885 2546 trient
900 2489 1002 2544 testium

202 2583 281 2637 stolrit
295 2598 370 2635 omne
388 2581 495 2634 cerbaria
510 2580 601 2649 (Deul.
621 2598 686 2648 x1x;
705 2581 802 2639 Mollia.
822 2579 916 2650 xviri).
932 2578 1002 2633 Ecce

202 2681 257 2728 tres
268 2672 361 2727 idonei
377 2679 470 2740 testes,
486 2679 513 2726 et
526 2687 582 2727 oon
601 2670 683 2728 modo
699 2677 794 2738 testes,
805 2685 900 2724 verum
915 2676 942 2725 et
958 2677 1002 2723 te-

203 2761 384 2818 stificantium
395 2761 627 2829 corroboratores,
642 2761 758 2827 Marcus,
770 2760 859 2815 lulius
871 2775 902 2815 ao
912 2757 1001 2825 Felix,

202 2854 283 2928 plura
292 2868 374 2924 quam
383 2851 483 2922 viginti
494 2867 529 2904 ex
540 2852 653 2907 Nicaeno
662 2853 783 2907 concilio
791 2852 876 2907 ascita
885 2867 933 2923 per
943 2867 1004 2923 pro·

202 2941 261 2996 lixa
271 2947 395 3011 tempora
410 2937 633 3009 longissimarum
643 2945 754 2994 aetatum
764 2938 793 2993 in
805 2940 928 2994 Romano
938 2937 1003 2993 scri·

1054 1794 1083 1849 in
1096 1793 1207 1849 Nicaena
1222 1789 1334 1862 Synodo
1351 1787 1536 1845 constitutum
1549 1785 1672 1851 siticen.
1688 1784 1739 1855 l);
1756 1799 1811 1839 non
1822 1792 1855 1838 ta·

1054 1897 1117 1940 men
1139 1880 1250 1936 obsistit
1269 1878 1370 1934 rationi
1387 1877 1429 1932 vel
1447 1876 1521 1944 lidei,
1539 1874 1611 1931 illud
1627 1873 1693 1929 ideo
1706 1873 1739 1928 in
1752 1872 1855 1928 Nicaea

1054 1969 1161 2044 syuodo
1175 1983 1233 2025 non
1248 1967 1334 2023 luisse
1349 1966 1502 2031 decretum,
1517 1979 1549 2019 eo
1564 1963 1642 2036 quod
1658 1961 1689 2017 iu
1703 1959 1852 2018 Sardioenai

1054 2059 1173 2118 concilio
1192 2057 1246 2114 hoc
1268 2071 1377 2129 quoque
1398 2054 1582 2110 constitutum
1601 2052 1652 2119 sit,
1669 2050 1721 2106 ubi
1741 2049 1855 2106 dicitur:

1061 2149 1154 2204 ‹Oslus
1162 2148 1306 2220 episcopus
1314 2143 1388 2201 dixit
1400 2161 1405 2199 :
1420 2141 1709 2209 Placuitantem,utsi
1720 2140 1857 2212 episcopus

1055 2247 1197 2298 accusatus
1212 2237 1305 2305 inerit,
1323 2243 1350 2292 et
1363 2233 1549 2306 judicaverint
1564 2231 1732 2304 congregati
1742 2230 1855 2305 episcopi

1055 2330 1176 2401 regionis
1197 2328 1292 2400 ipsius,
1309 2334 1336 2383 et
1350 2327 1384 2382 de
1398 2324 1483 2397 gradu
1504 2339 1553 2378 suo
1568 2339 1634 2378 eum
1656 2321 1820 2393 dejecerint,
1838 2319 1858 2373 si

1056 2418 1236 2491 appellaverit
1246 2417 1293 2490 qni
1304 2414 1426 2486 dejectus
1436 2421 1488 2479 est,
1503 2420 1530 2467 et
1543 2410 1708 2483 confugerit
1717 2410 1754 2467 ad
1763 2408 1858 2481 episco

1057 2525 1122 2581 pum
1147 2511 1276 2566 Romane
1300 2504 1440 2571 Ecclesia,
1464 2511 1492 2558 et
1515 2501 1638 2558 voluerit
1661 2517 1692 2557 se
1713 2499 1816 2566 audiri,
1838 2499 1857 2553 si

1054 2598 1159 2671 justum
1175 2595 1324 2669 putaverit,
1338 2601 1369 2649 ut
1382 2600 1530 2650 renovetur
1541 2590 1684 2662 judicium
1700 2590 1747 2646 vel
1761 2589 1857 2646 discus

1057 2690 1143 2744 sionis
1158 2702 1284 2754 examen,
1302 2683 1419 2741 scribere
1434 2682 1479 2738 his
1492 2681 1631 2753 episcopis
1651 2679 1796 2751 dignetur,
1815 2680 1857 2752 qui

1057 2781 1087 2836 in
1104 2777 1222 2834 linitima
1233 2784 1260 2832 et
1273 2775 1427 2847 propinqua
1442 2769 1588 2844 provincia
1601 2778 1679 2837 sunt,
1696 2778 1730 2825 nt
1748 2770 1800 2842 ipsi
1815 2769 1859 2825 di·

1056 2869 1173 2939 ligenter
1191 2865 1285 2921 omnio
1302 2863 1453 2935 requirant,
1478 2869 1505 2914 et
1522 2858 1604 2931 juxta
1626 2857 1715 2914 fidem
1739 2857 1858 2913 veritatis

1057 2955 1207 3012 diffiniant.
1222 2952 1301 3020 Quod
1314 2951 1338 3006 si
1352 2950 1376 3005 is
1390 2949 1439 3022 qui
1448 2956 1525 3020 rogat
1540 2963 1652 3005 causam
1667 2963 1751 3004 snam
1766 2947 1858 3002 iterum

202 3032 250 3088 nio
265 3039 402 3088 reservata
416 3029 616 3097 demonstrant,
631 3045 681 3085 nec
696 3028 869 3085 Antiocheno
884 3027 1003 3084 concilio
1018 3068 1041 3128 G
1057 3043 1158 3110 audiri,
1174 3040 1368 3114 deprecatione
1382 3055 1430 3094 sua
1446 3037 1566 3092 moverit
1585 3036 1752 3109 epjwopum
1770 3052 1858 3092 mma.

203 3139 303 3179 mlfflssf
306 3139 351 3178 ¹¹⁰¹
361 3123 484 3194 ipsorum
495 3131 651 3194 albredam,
662 3119 710 3177 led
719 3120 748 3175 5¹¹
759 3119 870 3176 ΝΜΟ
884 3117 1002 3175 00005110
1057 3148 1134 3198 nuvn,
1160 3139 1192 3186 ut
1213 3146 1228 3184 e
1251 3130 1335 3183 latere
1354 3144 1403 3183 sno
1418 3126 1609 3199 presbyterum
1635 3125 1742 3192 mittat,
1760 3125 1811 3181 erit
1832 3125 1858 3179 in

204 3219 306 3268 statuta
325 3212 504 3283 depromunt,
516 3218 543 3265 et
566 3209 741 3282 septuaginta
759 3210 804 3265 vel
825 3225 857 3264 eo
872 3209 1002 3280 amplius,
1057 3226 1189 3294 potestate
1205 3217 1326 3291 episcopi
1341 3217 1408 3288 quid
1424 3216 1501 3284 velit,
1518 3216 1627 3287 etquid
1644 3215 1785 3282 aestimem
1800 3215 1858 3270 etsi

203 3318 260 3358 non
274 3300 585 3373 quadragintaquinque
598 3307 645 3356 aut
656 3306 764 3356 tantum
773 3298 873 3371 viginti
882 3299 1003 3370 capitula
1058 3307 1210 3366 decreverit
1225 3305 1375 3361 mittendos
1388 3321 1445 3360 esse
1459 3305 1507 3377 qul
1519 3311 1672 3376 presentes
1681 3320 1749 3360 cum
1759 3304 1856 3376 spisse

203 3397 414 3447 fflnssufflellm·
430 3389 507 3446 Unde
521 3389 586 3462 (lm
602 3406 657 3445 ¹¹⁰ss
669 3395 779 3462 0ll⁰stel
792 3404 807 3442 ἃ
822 3387 1001 3459 oallllelfilssfl·
1057 3401 1099 3473 pis
1111 3398 1248 3471 judicent,
1264 3395 1396 3452 babentes
1410 3394 1468 3466 ejus
1478 3395 1680 3450 anctoritatem
1691 3410 1773 3466 aquo
1782 3393 1858 3449 desti·

203 3497 273 3549 fele,
284 3497 393 3538 necesse
404 3489 445 3536 θθῑ
460 3480 541 3536 ss0bl⁸
555 3497 587 3536 ⁴¹1³
597 3498 657 3552 (11¹ae
664 3479 841 3536 tradiderunt
851 3478 1001 3545 011⁸l⁰difes
1058 3496 1169 3555 nentur,
1185 3487 1238 3542 erit
1251 3485 1281 3541 in
1295 3501 1345 3541 suo
1360 3483 1485 3540 arbitrio.
1503 3481 1531 3538 Si
1548 3498 1616 3537 vero
1630 3481 1783 3539 crediderit
1800 3482 1858 3553 epi-

203 3575 231 3624 et
246 3570 338 3640 potius
347 3585 406 3639 quae
424 3567 547 3622 nondum
559 3568 692 3623 babemus
703 3569 958 3639 perquirere,quam
972 3582 1003 3622 ea

203 3671 264 3727 quae
279 3654 370 3724 adepti
386 3670 482 3708 sumus
497 3654 652 3725 reprobare.

239 3755 319 3822 Quod
334 3772 399 3811 vero
415 3754 445 3809 in
470 3754 573 3810 eisdem
602 3756 832 3827 quaternionibus
861 3754 1001 3811 scribitis:

174 3880 179 3891 ·
210 3870 219 3892 ι
234 3846 316 3900 Αιιιιο
333 3860 399 3900 vero
411 3843 523 3901 circiter
541 3841 676 3915 vigesimo
690 3844 774 3898 tertio
789 3851 851 3913 post
864 3844 1002 3899 Nicaenam

203 3931 343 4003 synodum
359 3931 535 4009 antiochena
547 3931 670 4001 synodus
686 3929 781 3987 habita
801 3939 852 4000 est,
868 3940 895 3987 et
908 3935 1002 3989 cadem

203 4018 318 4089 epistola
327 4018 395 4073 lulli
410 4034 458 4088 per
472 4017 545 4073 idem
554 4026 662 4090 tempos
676 4019 811 4077 lactaesse
820 4020 1001 4092 dignoscitur,

205 4105 235 4160 in
250 4119 304 4176 que
319 4105 399 4177 plura
415 4105 536 4178 capitula
550 4106 632 4163 modo
647 4107 757 4164 diverso
772 4111 888 4167 collecta
902 4118 1003 4168 tenen-

201 4204 257 4264 tur,
270 4213 331 4270 qua
349 4196 372 4252 si
387 4198 420 4253 de
443 4215 499 4256 una
514 4200 622 4273 synodo
641 4200 759 4257 luissent
776 4211 926 4276 assumpta,
947 4220 1002 4260 non

202 4284 296 4339 taliter
318 4282 508 4342 dissonarent:
524 4287 589 4344 inde
604 4289 691 4361 magis
706 4301 829 4363 apparet,
855 4292 921 4364 qnia
936 4292 1002 4347 dum

201 4390 234 4428 eo
248 4381 370 4445 tempore
382 4392 460 4432 snam
474 4375 565 4432 lulius
579 4376 645 4433 lecit
660 4379 816 4450 epistolam,
832 4397 887 4452 quo
901 4381 997 4436 Antio-

200 4461 320 4520 chenum
335 4463 588 4523 conciliumaotum
598 4474 649 4535 est,
665 4484 721 4524 non
737 4485 801 4525 enm
812 4470 925 4526 latuisse
936 4486 996 4542 qnae

202 4549 231 4605 in
245 4551 341 4606 eodem
363 4553 482 4608 concilio
505 4560 609 4609 statuta
633 4565 708 4624 sunt,
724 4557 797 4627 quod
816 4555 876 4627 ejus
890 4573 999 4614 necesse

200 4646 259 4694 erat
274 4639 437 4695 auctoritate
451 4640 586 4710 roborari,
601 4659 633 4699 ac
647 4659 696 4714 per
705 4644 757 4701 boc
772 4660 828 4701 non
841 4647 999 4704 confudisse

199 4725 306 4781 Nicaeni
329 4743 361 4781 ac
382 4727 550 4784 antiocheni
567 4732 674 4803 regulas
692 4733 841 4790 concilii.»
863 4735 916 4791 Sed
931 4737 999 4810 quid

200 4811 306 4882 dicitis,
317 4815 406 4885 quaesi
421 4815 455 4870 de
468 4818 763 4890 unasynodoluissent
778 4831 927 4894 assumpta,
943 4840 998 4881 non

200 4901 293 4957 taliter
301 4901 491 4960 dissonarent?
498 4906 571 4977 Ergo
581 4907 605 4962 si
615 4907 810 4978 cadissonant,
822 4926 883 4983 qua
898 4911 932 4966 de
947 4929 998 4984 sy-

200 4989 281 5050 nodis
295 4998 484 5062 assumuntur,
502 5003 529 5051 ct
543 4995 644 5068 synodi
660 4996 732 5052 inter
751 5014 779 5054 se
794 4999 938 5055 contrariae
952 4998 997 5055 le-

199 5087 309 5148 runtur,
326 5081 395 5153 quid
415 5081 467 5138 sibi
478 5082 537 5154 jam
550 5085 723 5154 consonabit,
741 5086 815 5159 quod
829 5088 859 5141 in
874 5087 998 5144 Ecclesia

200 5167 249 5223 Dei
264 5168 384 5225 solidum
400 5169 566 5246 firmumque
591 5175 748 5232 inveniatur
762 5175 921 5244 edificium,
932 5194 996 5233 cum

199 5263 227 5311 et
241 5257 391 5316 decretales
403 5264 560 5333 apostolicas
575 5266 648 5323 sedis
657 5269 786 5340 epistolas
799 5268 928 5324 similiter
941 5269 996 5324 dis·

198 5361 295 5403 sonare
305 5365 360 5404 non
371 5352 489 5409 ucetist
500 5353 579 5412 Certe
594 5373 651 5414 non
661 5358 805 5415 dissonant
818 5356 995 5431 quaediverso

201 5432 284 5488 modo
301 5453 350 5505 pro
363 5438 481 5497 diversis
496 5445 705 5503 necessitatibus
720 5455 909 5514 assumuntur,
920 5447 942 5501 sl
961 5446 995 5501 ab

199 5526 326 5597 aequitate
337 5533 450 5589 rationis
464 5544 491 5591 et
502 5539 612 5595 tramite
623 5541 748 5597 veritatis
759 5559 814 5598 non
826 5541 994 5611 discrepant·

1057 3594 1154 3649 scopos
1174 3575 1309 3642 sufficere,
1335 3581 1365 3629 ut
1391 3571 1501 3642 negotio
1524 3571 1681 3626 terminum
1708 3572 1856 3645 imponant,

1058 3666 1139 3723 laciet
1159 3665 1233 3737 quod
1249 3663 1452 3736 sapientissimo
1466 3661 1584 3717 consilio
1597 3658 1783 3731 judicaverit.
1798 3685 1807 3707 ·
1830 3661 1858 3716 ln

1057 3752 1193 3824 superiori
1206 3753 1329 3824 capitulo
1339 3751 1462 3823 ejusdem
1475 3749 1590 3808 concilii
1605 3750 1735 3820 positum
1745 3756 1801 3806 est:
1817 3748 1856 3803 «δι

1057 3840 1110 3897 boc
1123 3840 1253 3896 omnibus
1268 3842 1368 3912 placet.
1385 3839 1514 3911 Synodus
1521 3838 1667 3909 respondit
1681 3855 1687 3892 :
1699 3838 1805 3903 Placet;
1815 3838 1857 3892 »in

1057 3931 1110 3988 isto
1125 3920 1308 3988 dictumest:
1332 3957 1342 3979 ‹
1357 3931 1464 3988 Placuit
1478 3937 1581 3985 autem
1599 3955 1608 3977 ·
1630 3930 1699 3986 lure
1713 3933 1800 4002 igitur
1808 3931 1856 4003 pla·

1057 4021 1115 4077 cuit
1129 4021 1210 4077 Osius
1224 4021 1307 4087 dixit,
1324 4020 1346 4075 si
1362 4019 1391 4074 id
1406 4018 1484 4090 prius
1497 4027 1613 4074 noverat
1627 4021 1818 4076 constitutum
1831 4021 1857 4074 iu

1056 4111 1167 4167 Nicaena
1181 4109 1300 4182 synodo,
1315 4117 1362 4164 aut
1374 4108 1408 4163 ad
1419 4106 1546 4162 eumdem
1561 4107 1715 4164 verborum
1729 4117 1855 4175 tenorem,

1057 4211 1105 4259 aut
1115 4203 1149 4258 ad
1159 4201 1240 4258 istius
1252 4201 1366 4267 tenoris,
1382 4202 1459 4255 velut
1470 4201 1499 4256 in
1509 4201 1699 4257 decretalibus
1710 4203 1856 4269 invenitur,

1057 4292 1273 4364 proportionem.
1289 4289 1345 4345 Nec
1360 4305 1467 4361 quoque
1478 4290 1593 4357 mirum,
1605 4297 1654 4345 aut
1663 4290 1857 4348 absurdnmcst

1014 4414 1039 4473 D
1056 4381 1120 4448 boc,
1132 4379 1302 4437 sardicensis
1314 4379 1428 4437 concilii
1442 4386 1552 4435 sanctos
1562 4378 1657 4434 Patres
1668 4379 1767 4436 eadem
1777 4380 1856 4453 Spin‘·

1057 4477 1101 4526 tus
1115 4469 1202 4527 sancti
1218 4469 1303 4540 gratia
1319 4468 1444 4524 visitatos
1458 4467 1553 4522 luisse.
1569 4465 1719 4536 Quocirca,
1730 4469 1785 4524 etsi
1804 4485 1856 4526 non

1054 4574 1085 4614 ca
1105 4558 1181 4629 prius
1200 4574 1216 4612 a
1238 4557 1329 4613 Nicaea
1343 4555 1510 4623 didicerant,
1527 4555 1623 4610 eadem
1637 4557 1768 4625 sensisse,
1785 4555 1855 4613 etad

1053 4646 1141 4702 sancti
1164 4646 1237 4702 Petri
1257 4646 1372 4717 aposloli
1396 4644 1558 4700 rnentoriam
1579 4644 1774 4701 honorandam
1801 4645 1855 4700 bec

1052 4735 1111 4807 ipsa
1124 4735 1259 4790 statuisse.
1277 4735 1346 4790 Puto
1360 4741 1460 4800 tamen,
1470 4731 1493 4788 si
1504 4733 1683 4788 solummodo
1699 4734 1752 4792 hoc
1763 4732 1854 4788 Sardi·

1052 4840 1132 4882 oense
1151 4822 1253 4879 diceret
1267 4823 1431 4890 concilium,
1447 4829 1478 4877 ut
1494 4838 1526 4877 ea
1540 4837 1602 4894 quae
1617 4830 1684 4879 sunt
1699 4824 1728 4878 in
1747 4823 1854 4878 Niceno

1053 4914 1172 4972 concilio
1181 4913 1332 4970 constituta
1344 4914 1378 4969 ab
1392 4911 1746 4980 omnibnsconserventur,
1759 4911 1853 4969 nonde

1052 5002 1239 5076 appellatione
1254 5001 1418 5074 quidquam,
1437 5004 1502 5074 qula
1516 5002 1545 5058 in
1560 5002 1604 5058 bis
1615 5003 1718 5074 viginti
1728 5002 1852 5075 capitulis

1052 5107 1108 5147 non
1119 5089 1288 5158 continetur,
1301 5089 1461 5145 conservari
1471 5089 1589 5161 intelligi
1600 5091 1851 5148 voluissetisb'unc

1052 5197 1128 5248 vero,
1150 5179 1215 5252 quia
1233 5179 1266 5234 de
1285 5179 1345 5250 ipsa
1369 5179 1553 5251 appellatione
1567 5187 1622 5234 tam
1638 5185 1769 5252 expresse
1782 5178 1849 5252 quod

1051 5271 1217 5327 servandum
1230 5278 1270 5324 est
1285 5271 1360 5324 salva
1370 5269 1520 5340 apostolica
1531 5269 1721 5338 institutione,
1733 5271 1764 5326 id
1774 5271 1849 5326 etiam

1051 5376 1085 5415 ex
1102 5360 1213 5417 Nicaena
1234 5357 1342 5429 synodo
1362 5357 1554 5428 promulgante
1581 5357 1753 5426 ostenditur,
1781 5359 1850 5414 salva

1050 5448 1201 5520 apostolica
1214 5446 1376 5502 auctoritate
1388 5447 1461 5514 dico,
1471 5446 1537 5517 quia
1547 5446 1661 5504 Nicaena
1674 5448 1808 5520 synodus,
1823 5453 1850 5499 ut

1049 5553 1119 5609 papa
1145 5537 1303 5593 bonifacius
1335 5535 1469 5607 episcopis
1497 5552 1548 5608 per
1576 5536 1746 5594 Thessaliam
1781 5553 1847 5591 con-
