3834 6136
68 497 135 538 ossa
149 494 211 536 oum
226 475 337 532 ossibus
359 475 386 531 S.
403 475 517 532 Osualdi
532 475 603 558 regis
617 477 770 549 Anglorum
794 486 820 534 et
844 479 871 535 S.

68 552 223 631 ldnberga,
239 548 361 606 exaltata
377 547 490 604 luerunt
504 547 532 602 in
548 556 660 604 civitate
676 549 814 620 Bergensi,
826 550 874 608 sed

68 641 121 706 per
136 622 264 702 ultimam
280 621 451 700 Francorum
461 619 491 674 iu
505 619 663 676 Flandriam
679 620 872 703 irruptionem,

69 712 99 751 m
114 693 306 750 devastatione
321 691 375 746 Ber
393 705 501 746 ensium
514 698 579 746 sunt
594 691 744 763 deperdita.
762 693 873 750 Sancto·

606 204 925 267 MARTYROLOGlUM.
948 241 982 252 -
1001 205 1106 267 MENS.
1128 211 1199 269 tuh.

69 336 173 410 Papia,
198 333 288 390 sancti
312 331 476 413 Hieronymi
501 332 632 404 episcopi.
657 334 749 390 Passio
771 345 912 404 sancth

68 408 203 467 Leveiuae.
216 430 225 453 ι
244 405 312 461 Inde
324 403 478 460 minoribus
488 404 580 476 typis:
603 404 708 478 «Cujus
718 409 874 465 veneranda

1676 212 1729 275 290

925 337 1025 464 {uibus
1039 339 1068 394 in
1080 340 1155 410 Vrip.
1172 341 1191 394 l.
1207 356 1258 405 vn,
1273 340 1385 412 Apollo,
1399 338 1432 396 de
1447 357 1502 413 quo
1516 342 1579 399 Aot.
1596 362 1666 400 xvrn
1679 345 1727 404 ha·

947 416 1008 464 etur
1022 416 1049 464 et
1064 411 1075 466 l
1089 409 1151 467 Cor.
1169 428 1178 467 1
1194 418 1220 466 et
1235 429 1315 467 rvr.»
1333 412 1471 467 Hactenus
1486 413 1571 469 editio
1583 414 1681 485 prima.
1693 419 1726 475 ln

927 480 1126 607 posterioribus
1152 482 1245 539 eadem
1278 482 1360 539 habet
1388 483 1421 539 de
1444 483 1529 540 blaria
1557 485 1724 556 Magdalena.

943 559 995 607 tem
1013 552 1041 607 in
1057 553 1111 609 fine
1126 553 1159 610 de
1174 554 1388 626 wandregisilo.
1413 554 1496 611 'lum'
1507 554 1541 611 de
1556 556 1726 638 Hieronymo

928 623 1064 704 Papiensi.
1090 626 1213 699 Denique
1228 627 1291 695 hoc,
1308 635 1437 700 tanquam
1459 627 1535 683 hisce
1557 626 1726 687 editionum

927 711 1083 774 proprium,
1094 698 1255 769 apponitur:
1275 699 1342 754 «Die
1353 699 1485 770 vigesima
1494 698 1623 768 secunda,
1635 716 1727 773 repor-

68 783 133 823 rum
150 765 345 838 episcoporum
385 761 483 834 ulogii,
507 762 667 835 Protogenis
681 780 744 821 cum
760 764 822 821 aliis
840 765 874 822 de
927 774 995 821 tatio
1009 767 1111 839 lipsani
1125 769 1213 827 sancti
1227 769 1437 843 hieromartyris
1452 769 1559 829 Phocea.
1577 795 1586 821 ι

68 929 96 986 X
117 927 184 984 sal.

1613 931 1663 988 Die
1681 929 1727 989 23.

108 1017 214 1075 Natalis
227 1015 304 1073 beati
319 1013 490 1088 Apollinaris
506 1015 639 1088 episcopi,
663 1017 711 1089 qui
728 1018 763 1073 ab
781 1020 905 1089 apostolo
922 1020 1003 1078 Petro
1018 1023 1111 1079 Roma
1126 1022 1269 1078 ordinatus
1284 1029 1311 1078 et
1325 1024 1483 1080 Ravennam
1500 1021 1612 1091 missus,
1629 1029 1726 1095 postea

69 1125 121 1183 pro
138 1107 193 1164 lide
209 1105 316 1164 Christi
335 1104 458 1161 diversas
471 1112 498 1160 et
513 1105 683 1178 multiplices
695 1107 783 1164 cades
798 1124 941 1182 perpessus
955 1120 1005 1168 est.
1024 1112 1144 1169 'landem
1160 1120 1251 1167 autem
1267 1112 1317 1169 sub
1332 1112 1500 1188 Vespasiano
1515 1112 1630 1183 cesare,
1652 1113 1725 1169 iuter

69 1200 129 1272 ipsa
140 1198 268 1256 vicissim
282 1193 458 1254 succedentia
472 1194 525 1252 sibi
541 1203 690 1268 tormenta,
706 1199 857 1272 gloriosum
872 1201 1039 1275 martyrium
1056 1202 1272 1259 consummavit.

847 1316 964 1376 NOTAE.

103 1419 233 1477 Sumitur
245 1422 339 1474 textus
353 1429 388 1471 ex
402 1387 528 1485 Protea,
545 1417 702 1489 Tornucen,
718 1419 978 1493 Antaiopdlujore,
993 1421 1149 1491 Pnlsonen„
1164 1424 1310 1490 Munerat,
1330 1424 1440 1479 Greoen.
1456 1431 1483 1480 et
1495 1424 1598 1482 Melan.

678 1542 880 1602 VARlANTES
906 1546 1114 1605 hliCTIONES.

109 1639 217 1696 Iterum
227 1638 357 1710 peculiare
367 1636 473 1712 aliquid
482 1638 583 1695 habent
594 1639 713 1698 Greven.
723 1644 871 1710 etblolan.‚
886 1647 910 1707 Β
925 1646 1074 1713 satistersi,
1087 1662 1136 1717 pro
1146 1645 1453 1716 Apollinaris,soribunt
1463 1644 1725 1726 Apellenoria.Log0

64 1728 131 1767 nam
148 1710 198 1765 ubi
209 1709 298 1766 ceteri
307 1726 404 1765 omnes
416 1710 526 1766 codices
540 1711 703 1784 simpliciter
713 1713 868 1785 incipiunt:

64 1782 176 1838 llbtnlis
188 1780 270 1861 denti,
286 1788 351 1850 etc,
360 1780 439 1910 firaefi
444 1789 512 1854 gunt
525 1782 577 1864 ipsi
592 1801 597 1838 :
613 1784 694 1855 Apud
705 1787 868 1843 Rauennmn.

66 1853 306 1926 Antuerp.·lda10r
320 1861 346 1910 et
388 1860 495 1909 unerat.
514 1855 623 1912 codices
637 1856 799 1930 plerumque
814 1874 870 1914 non

925 1718 1018 1785 codes,
1042 1717 1106 1773 licet
1122 1717 1202 1788 pauci
1217 1717 1326 1772 codices
1344 1716 1524 1788 diphthongis
1537 1723 1661 1784 utantur,
1686 1731 1727 1773 sac

925 1790 1025 1856 Romo,
1043 1789 1157 1856 (lusere,
1174 1796 1238 1856 eto,
1253 1786 1326 1859 quod
1341 1786 1516 1843 contusionis
1531 1786 1650 1858 vitanda
1669 1803 1725 1858 gra·

926 1859 964 1914 tia
978 1859 1138 1916 laciendum
1153 1858 1238 1916 luisse
1255 1876 1310 1914 non
1325 1859 1409 1915 semel
1422 1858 1549 1930 superius
1564 1857 1671 1916 monui.

745 1974 1047 2033 OBSERVATIONES.

100 2068 324 2144 lnolytissimum
335 2076 496 2141 martyrem,
513 2071 870 2146 Ravennatiumepiscopo-

67 2160 125 2201 rum
142 2144 279 2215 primum,
295 2140 483 2213 Apollinarem
498 2142 549 2198 hac
563 2143 607 2199 die
623 2145 869 2202 celebrantAllatii

67 2225 93 2272 et
104 2213 258 2272 Frontonis
268 2213 446 2293 Kalendaria,
461 2214 602 2270 celebrant
613 2214 789 2344 Martyrologi
803 2235 869 2288 prae·

69 2297 109 2344 ter
124 2287 256 2343 Nostrum
273 2293 365 2341 caeteri
381 2301 488 2350 omnes,
504 2285 700 2357 Hieronymus,
720 2289 756 2343 Be
777 2306 802 2356 a,
820 2291 869 2345 llo·

69 2375 179 2415 uranum
196 2373 326 2429 parvum,
341 2356 478 2425 Rabanus,
495 2357 565 2424 Ado,
581 2359 728 2426 Notkerus,
741 2360 869 2416 Wandal-

71 2430 171 2486 bertus.
181 2428 557 2499 lnllieronymianohucensi
567 2429 869 2498 Apottenorisvocatuv,

73 2503 97 2557 in
106 2500 298 2558 vetustissimo
309 2499 505 2571 Epternaeensi
516 2500 696 2624 Apollinaris,
707 2502 754 2557 sed
765 2502 793 2556 in
807 2502 869 2570 boc,

72 2573 112 2628 die
126 2571 294 2643 precedenti
310 2572 413 2626 relatus
427 2579 476 2626 est.
495 2571 531 2626 Be
551 2587 567 2624 a
583 2571 689 2643 insigne
708 2573 732 2627 ei
748 2573 871 2628 adorna-

73 2645 109 2700 vit
124 2643 248 2714 elogium
264 2659 280 2698 a
295 2643 407 2698 Rabano
425 2642 628 2713 transcriptum,
640 2644 786 2699 aNotlsero
802 2661 869 2700 non-

73 2715 140 2771 uibil
157 2716 329 2771 mutilatum.
346 2714 377 2768 ln
393 2714 515 2769 llomano
530 2730 614 2784 parvo
629 2716 811 2771 annuntiatur
827 2715 870 2771 his

75 2787 181 2842 verbis:
200 2787 343 2852 Rauennae,
360 2786 528 2855 Apollinaris
551 2786 664 2857 episcopi
692 2793 716 2840 et
741 2788 870 2858 martyris

73 2858 251 2922 Viennensis,
266 2872 341 2911 more
357 2856 489 2911 hactenus
501 2856 644 2922 inusitato,
659 2856 763 2928 duplici
780 2859 869 2930 ipsum

73 2930 198 2985 errcomio
219 2935 379 3000 prosecutus
397 2934 446 2983 est.
464 2929 537 2983 Inter
555 2929 719 2984 festivitates
735 2931 869 3002 apostolo·

74 3019 130 3056 rum
149 3000 224 3056 illud
238 3000 393 3062 collocavit,
405 2999 477 3072 quod
492 3016 527 3054 ex
543 3000 616 3055 Reda
629 3001 764 3072 accepisse
777 3001 869 3057 dicon-

73 3073 124 3128 dus
140 3079 195 3138 est,
208 3070 263 3125 nisi
276 3077 323 3125 aut
335 3071 476 3126 Adonrana
490 3070 520 3126 in
535 3071 634 3126 bedam
652 3072 869 3128 translatadixe·

926 2075 1025 2131 seriem
1049 2075 1179 2146 prelatus
1196 2075 1257 2131 Ado
1280 2073 1424 2145 expandit,
1450 2090 1510 2146 qua
1534 2082 1620 2130 totam
1642 2072 1728 2130 ferme

925 2146 1071 2218 apostolici
1087 2147 1140 2202 viri
1157 2147 1244 2203 vitam
1258 2146 1464 2217 complectitur.
1479 2146 1523 2201 Ex
1533 2145 1577 2201 his
1588 2146 1728 2201 Usuardus

926 2219 1043 2290 paucula
1058 2218 1206 2285 delibavit,
1226 2217 1328 2290 quibus
1343 2218 1372 2272 in
1388 2218 1520 2273 laterculo
1535 2217 1618 2272 solita
1634 2215 1726 2288 phrasi

925 2290 1055 2362 martyris
1069 2290 1163 2345 laudes
1173 2289 1282 2344 abunde
1298 2288 1436 2359 praedicat.
1447 2289 1482 2342 Et
1497 2305 1528 2344 ea
1543 2288 1653 2361 quidem
1670 2304 1727 2343 om·

925 2360 971 2415 nia
986 2361 1060 2415 idem
1082 2360 1137 2416 lere
1152 2367 1261 2426 sonant,
1287 2359 1381 2414 omnia
1396 2370 1560 2432 promanant
1580 2375 1613 2414 ex
1630 2359 1727 2428 eodem

925 2432 1012 2499 fonte,
1027 2432 1157 2487 videlicet
1167 2448 1200 2486 ex
1212 2431 1279 2502 ipsis
1290 2430 1346 2484 illis
1356 2431 1444 2497 Actis,
1478 2446 1543 2485 uaea
1565 2429 1602 2484 ud
1613 2430 1726 2485 Surium

924 2503 1009 2569 edita,
1040 2510 1205 2559 vetustatem
1229 2517 1318 2567 suam,
1343 2503 1385 2556 vel
1407 2517 1441 2557 ex
1458 2448 1509 2556 lliis
1560 2501 1726 2572 artyrologis

926 2573 1072 2630 manifeste
1089 2574 1249 2630 ostendunt.
1266 2573 1357 2645 Neque
1372 2573 1473 2645 estqui
1487 2570 1679 2642 antiquitatem
1696 2571 1726 2626 in

924 2645 1040 2700 dubium
1055 2653 1185 2701 revocet:
1212 2645 1317 2701 sincera
1332 2660 1400 2710 esse,
1425 2652 1473 2697 aut
1492 2660 1526 2698 ex
1541 2641 1605 2697 fidis
1623 2658 1727 2697 monu-

925 2717 1024 2771 mentis
1048 2716 1206 2786 desumpta,
1232 2714 1311 2770 lateri
1332 2714 1432 2768 uolunt
1446 2713 1621 2779 recentiores,
1647 2720 1674 2767 et
1696 2727 1727 2768 ea

943 2795 1035 2858 ropter
1051 2788 1150 2843 maluit
1167 2785 1366 2841 Tillemontius
1381 2792 1454 2839 tomo
1469 2785 1504 2853 ll,
1517 2800 1600 2855 apag.
1616 2782 1677 2848 102,
1692 2799 1728 2867 ⁰1

923 2805 1106 2934 glrrysologm
1133 2858 1276 2930 Gregorio,
1305 2855 1422 2929 aliisque
1446 2872 1477 2911 ea
1501 2856 1639 2935 colligere,
1667 2870 1728 2940 qu³³

923 2931 1048 2987 tideliora
1071 2931 1188 2987 censuit.
1211 2929 1341 2984 Nostrum
1366 2929 1418 2983 erit
1438 2925 1519 2984 etde
1541 2927 1619 2982 Actis
1637 2934 1664 2981 et
1686 2925 1704 2980 d
1713 2968 1728 3008 e

923 3002 1058 3075 reliquiis,
1076 3010 1102 3058 et
1112 3002 1145 3057 de
1163 3000 1304 3057 miraculis
1319 2999 1472 3055 omniasuo
1486 2999 1546 3054 loco
1560 2996 1713 3069 expendere

923 3073 1046 3145 digerere
1058 3083 1084 3128 et
1096 3074 1245 3128 illustrare.
1258 3073 1343 3127 Porro
1353 3071 1453 3126 unicus
1467 3068 1658 3128 Wandalberti
1668 3083 1727 3123 verr

72 3145 121 3210 ria,
134 3150 185 3198 aut
200 3142 361 3197 miraculum
377 3141 472 3210 lingas,
485 3142 514 3197 in
529 3152 605 3198 tanta
618 3144 762 3217 utriusque
773 3161 869 3201 conso·
921 3145 1025 3201 siculus
1041 3145 1080 3200 ita
1094 3145 1283 3216 Apollinarem
1298 3142 1445 3214 praedicat:

74 3215 177 3271 nantia.
202 3214 240 3269 Al
255 3213 283 3268 in
297 3212 492 3285 blartyrologio
511 3231 561 3270 suo
575 3215 711 3287 prolixam
734 3216 868 3273 Actorum

986 3224 1034 3272 Hic
1052 3224 1178 3273 decimam
1203 3239 1218 3287 p
1232 3225 1354 3271 r‘aeclarus
1370 3221 1529 3285 Apollinaris
1544 3222 1663 3270 honorat.

801 3342 993 3399 AUCTAlllA.

107 3439 260 3495 Hartman.
284 3436 427 3510 proprium
451 3455 545 3496 mrsus
564 3440 669 3514 aliquid
689 3457 723 3496 en
748 3440 912 3502 hemensiG
931 3439 1101 3515 Apollinaris
1116 3437 1236 3510 episcopi
1253 3445 1280 3493 et
1299 3435 1438 3508 martyris.
1450 3433 1502 3502 Qui
1513 3434 1567 3490 init
1576 3431 1729 3506 discipulus

79 3512 217 3582 provincia
233 3510 324 3564 textui
338 3510 486 3580 purissimo
500 3513 648 3579 subnectit,
670 3513 697 3567 in
714 3511 788 3567 hunc
810 3529 875 3567 nro-

78 3583 158 3639 dum:
193 3606 202 3629 ι
220 3581 324 3637 Eodem
342 3581 397 3648 die,
423 3583 566 3639 translatio
581 3582 669 3638 saneti
685 3582 794 3638 Nichasi
811 3600 873 3639 cum

79 3655 154 3736 scciis
178 3654 269 3710 suis·
305 3653 334 3706 ln
349 3652 512 3710 Srnozzrarv.
529 3655 563 3710 de
577 3657 712 3725 Eutropio
737 3653 768 3709 sit
793 3671 875 3710 men-

80 3738 124 3782 tvo.

111 3798 262 3853 hosvuvo.
278 3804 376 3853 caetera
391 3798 473 3854 etiam
491 3796 570 3853 valde
584 3814 681 3880 purus,
698 3796 727 3853 in
742 3796 797 3853 fine
812 3797 875 3854 sub·

81 3867 139 3924 dit:
172 3891 182 3914 ι
200 3867 300 3924 Eodem
317 3868 372 3937 dre,
396 3870 483 3925 sancti
498 3870 600 3925 Liboni
618 3869 793 3926 Carnutensis
812 3870 876 3940 epi-

81 3938 152 4012 scopi
169 3946 196 3994 el
210 3941 408 3996 confessoris.»
432 3942 528 3999 Voluit
542 3941 671 4007 scribere,
692 3942 876 3996 Cenomanen-

80 4012 123 4066 sis.
138 4011 240 4066 Exstat
253 4013 327 4083 apud
342 4012 453 4067 Surium
470 4013 585 4067 historia
598 4012 663 4067 vitae
678 4020 705 4067 et
721 4012 878 4068 translatio·

81 4082 129 4149 uls,
145 4082 179 4137 de
194 4083 298 4155 quibus
311 4083 375 4139 vide
391 4084 516 4139 bollandi
532 4085 706 4155 opusculum.

110 4153 191 4208 hiulti
208 4153 319 4211 codices
336 4154 417 4211 hodie
435 4155 570 4226 adjiciunt
586 4155 667 4210 etiarn
688 4164 749 4226 post
768 4163 876 4211 textum

81 4241 194 4296 purum:
225 4226 352 4292 «Romae,
378 4228 467 4282 namle
495 4235 595 4282 sancte
618 4227 811 4294 Primitivae;›
832 4226 876 4282 vel

82 4296 263 4368 simpliciter:
283 4298 508 4366 ‹Romae,sanctar
517 4299 694 4354 Primitivus.»
712 4299 790 4355 Tales
801 4307 875 4367 suut,

82 4366 441 4437 Ascurum-blandoniae,
454 4370 633 4438 Unrnarncr,
644 4369 778 4437 Lernen,
789 4370 875 4424 noin-

81 4439 517 4507 nmu.,Ucnnnn1nn.,Bmor1arv.
530 4442 652 4513 signatus
662 4442 691 4495 P.
707 4442 734 4508 b',
744 4449 771 4495 et
781 4441 877 4497 Conna

82 4510 111 4564 h.
126 4526 163 4565 nu
178 4510 305 4578 Cnnvau,
331 4511 382 4566 suh
398 4520 462 4567 nota
477 4513 508 4579 B,
531 4522 558 4568 et
572 4513 663 4583 plures
676 4512 747 4566 inira
761 4511 875 4566 citandi.

113 4583 276 4637 Ausunesn.
289 4590 316 4637 et
329 4584 426 4639 llanvc.
443 4585 482 4640 sic
497 4584 619 4639 addunt:
644 4608 652 4630 ι
668 4583 770 4649 Romae,
788 4585 878 4638 notaio

83 4661 180 4708 sancta
191 4653 346 4708 Primitivus
357 4654 481 4726 virginis.
495 4655 576 4727 Apud
587 4652 797 4711 Cenomanicam
810 4655 877 4710 civi-

83 4731 174 4790 tatem,
200 4724 290 4779 saneti
313 4724 417 4780 Liborii
436 4727 555 4798 episcopi
581 4735 607 4783 et
628 4725 801 4781 coulessoris.
828 4726 879 4781 Hic

930 3512 1002 3567 beati
1017 3510 1091 3566 Petri
1106 3509 1233 3580 apostoli,
1262 3525 1344 3590 aquo
1360 3511 1416 3579 ipse
1431 3508 1573 3578 episcopus
1589 3514 1630 3562 est
1648 3506 1729 3562 ordi-

930 3591 1022 3651 natus,
1047 3591 1074 3637 et
1098 3583 1256 3637 Ravennam
1270 3596 1371 3635 missus
1392 3587 1433 3634 est
1452 3578 1485 3633 ad
1512 3577 1728 3649 praedicandum,

930 3671 1012 3727 quem
1029 3653 1126 3725 pagani
1142 3668 1223 3724 snper
1239 3667 1340 3724 prunas
1355 3649 1470 3723 pedibus
1484 3649 1567 3704 nudis
1578 3658 1648 3704 stare
1659 3649 1728 3728 lece·

930 3735 1007 3795 runt,
1045 3733 1087 3780 ost
1101 3724 1213 3791 exuitur
1228 3730 1254 3779 et
1268 3724 1402 3794 plagatur,
1428 3728 1454 3776 et
1469 3737 1550 3792 super
1561 3721 1656 3848 plagas
1670 3735 1730 3790 epus

931 3814 1001 3870 aqua
1026 3743 1150 3851 bulliens
1179 3795 1315 3851 funditur.
1341 3792 1462 3848 'landem
1487 3792 1537 3849 sub
1587 3791 1731 3871 espasiano

931 3875 1104 3941 imperatore,
1130 3866 1203 3923 inter
1224 3867 1232 3921 i
1253 3883 1282 3923 sa
1303 3865 1356 3922 sihi
1384 3862 1559 3920 succedentia
1583 3862 1729 3989 supplicia,

931 3957 1075 4012 percussus
1090 3938 1211 3996 fustibus
1227 3884 1315 3995 donec
1330 3943 1457 3992 mortuus
1472 3935 1620 4001 videretur,
1653 3933 1731 3988 iebus

932 4021 1035 4083 septem
1051 4011 1216 4138 supervixit,
1232 4018 1260 4066 et
1275 4026 1384 4067 cursum
1401 4007 1531 4079 martyris
1545 4007 1587 4061 sui
1603 4006 1730 4086 comple-

932 4085 985 4139 vit.
999 4086 1029 4140 ln
1041 4084 1080 4139 Ga
1094 4083 1149 4150 lirs,
1161 4082 1274 4137 civitate
1287 4080 1415 4147 Massilia,
1429 4080 1519 4135 natale
1533 4085 1621 4134 sancti
1638 4077 1730 4157 Victo·

933 4155 980 4222 ris,
1024 4154 1050 4210 ui
1068 4170 1131 4210 cum
1147 4161 1217 4209 esset
1232 4154 1310 4207 rniles
1322 4160 1349 4206 et
1363 4167 1413 4205 nec
1428 4151 1557 4216 militare,
1583 4166 1633 4206 nec
1648 4148 1730 4204 idolis

933 4172 1085 4281 sacrilicare
1099 4224 1192 4291 vellet,
1209 4225 1298 4294 primo
1315 4222 1342 4276 in
1358 4237 1496 4276 carcerem
1512 4228 1552 4275 est
1566 4228 1668 4285 trusus,
1681 4219 1731 4274 ibi-

933 4313 985 4369 que
1000 4297 1033 4351 ab
1048 4295 1153 4366 angelis
1163 4303 1203 4350 est
1220 4293 1345 4348 visitatus
1359 4309 1365 4357 ;
1378 4290 1478 4345 deinde
1492 4291 1576 4345 variis
1590 4290 1730 4346 excrucia·

932 4377 976 4424 tus
999 4376 1040 4423 est
1064 4366 1167 4438 poenis:
1195 4363 1344 4419 novissime
1356 4361 1521 4418 constrictus
1545 4361 1634 4438 estin
1658 4360 1732 4414 mola

934 4439 1048 4510 pistoria
1079 4435 1130 4510 [et]
1156 4436 1207 4492 sub
1223 4433 1330 4490 Asterio
1347 4432 1461 4504 preside
1477 4438 1732 4509 martyriumlcon-

933 4510 1092 4565 summavit.
1118 4507 1191 4562 Passi
1215 4513 1279 4561 survi
1298 4505 1378 4562 etiarn
1397 4520 1460 4558 cum
1484 4518 1516 4557 eo
1539 4510 1593 4556 tres
1617 4501 1729 4566 mrhtes,

933 4581 1038 4637 scilicet
1055 4577 1221 4643 Alexander,
1238 4576 1393 4631 Felicianus
1406 4581 1433 4628 et
1447 4571 1596 4644 Longinus.
1621 4570 1730 4651 Vrecals,

933 4659 1033 4708 sanctos
1058 4651 1173 4706 Iulianas
1189 4647 1339 4719 virginis.»
1374 4646 1437 4700 liceo
1462 4661 1497 4699 en
1521 4641 1676 4712 nx1hupus
1702 4656 1732 4696 ιιι

934 4725 1008 4779 hunc
1022 4722 1112 4778 locum
1126 4721 1257 4778 translata
1272 4724 1345 4773 sunt.
1360 4715 1508 4788 Sequitur:
1527 4713 1630 4842 «Apud
1647 4712 1732 4770 Ceno·

83 4794 310 4867 quinquagesimo
325 4797 508 4853 ordinationis
522 4815 577 4853 suas
590 4813 662 4852 anno
678 4797 712 4852 ad
727 4798 833 4852 Patrem
850 4804 878 4853 ct
893 4810 916 4868 1)
935 4795 1071 4852 manicam
1095 4794 1249 4859 civitatem,
1276 4789 1412 4861 depositio
1428 4786 1514 4844 sancti
1529 4786 1569 4859 Ly
1591 4785 1642 4840 orii
1669 4784 1732 4857 epi-

85 4865 114 4921 ad
146 4867 248 4921 atriam
263 4867 392 4923 transivit
407 4885 441 4923 en
455 4869 507 4924 hoc
520 4869 633 4924 mundo
650 4894 658 4916 ι

139 4954 294 4994 aerosum:
314 4963 322 4985 ι
334 4938 415 5011 Apud
424 4940 681 5008 Ravennam,sancti
693 4940 880 5066 Appollinaris

85 5010 215 5080 martyris
229 5016 258 5065 et
271 5009 403 5083 episcopi,
428 5012 518 5084 quiin
534 5011 702 5083 discipulatu
737 5013 789 5067 eati
808 5012 879 5067 l'etri

85 5082 199 5151 apostoli
213 5081 263 5136 diu
280 5083 453 5155 multumque
467 5083 588 5150 edoctus,
605 5092 632 5139 et
644 5082 677 5137 ab
690 5100 721 5138 eo
736 5083 881 5139 ordinatus

85 5151 237 5223 episcopus,
263 5152 352 5209 eidem
368 5155 475 5210 civitati
491 5156 535 5210 vel
549 5154 698 5227 provincie
714 5161 808 5225 pastor
828 5153 881 5208 fuit

85 5220 242 5295 delegatus;
266 5240 360 5296 passus
375 5241 441 5281 vero
453 5235 493 5283 est
507 5227 557 5283 snb
572 5225 740 5297 Vespasiano
765 5225 879 5293 Caesare,

86 5293 247 5351 Demostene
263 5297 387 5368 patricio.
404 5323 412 5345 ι

120 5364 302 5422 Bnnxrunrn.
327 5368 355 5422 iu
372 5376 451 5425 textu
465 5370 531 5426 satis
544 5386 640 5442 purus,
665 5367 760 5425 ad'icit
778 5368 880 5424 etiam:

93 5462 102 5483 ι
117 5438 212 5494 Romae
236 5440 327 5494 natale
341 5448 441 5496 sancta
456 5441 617 5497 Primitivus.
630 5386 711 5511 Apud
722 5439 882 5496 Cenomani·

86 5523 144 5563 cam
157 5509 311 5578 civitatem,
338 5513 424 5568 sancti
441 5512 541 5567 Liberii
558 5510 688 5592 [Liborii]
713 5510 832 5582 episcopi
857 5517 884 5566 et

86 5579 264 5637 confessoris.
294 5584 347 5649 Qui
369 5584 595 5655 quinquagesimo
623 5581 806 5639 ordinationis
828 5599 884 5638 suas

86 5665 171 5718 anno,
196 5669 231 5708 ex
250 5652 302 5709 hoo
317 5655 420 5711 mundo
437 5655 554 5712 feliciter
574 5656 608 5711 ad
624 5655 739 5728 patriam
756 5654 885 5710 transivit

87 5730 229 5781 aeternam.
248 5749 257 5772 ι
279 5725 351 5782 Vide
367 5725 442 5783 dicta
455 5727 484 5782 in
501 5729 647 5784 Rosvnvn.

122 5795 305 5854 llacsvovnn.
342 5797 457 5874 «Apud
481 5799 650 5868 Ravennam,
679 5798 769 5875 passio
796 5796 885 5856 sancti

934 4865 1009 4948 scopi
1025 4874 1052 4922 et
1066 4865 1242 4923 confessoris.
1257 4861 1307 4918 llic
1322 4859 1549 4935 quinquagesimo
1563 4874 1637 4915 arrno
1647 4872 1732 4937 sacer·

933 4937 1003 4994 dotri
1026 4938 1068 4994 sui
1094 4939 1121 4994 in
1146 4937 1312 5009 episcopatu,
1335 4933 1369 4989 ad
1385 4941 1490 5005 patrem
1515 4938 1541 4986 et
1564 4929 1597 4984 ad
1615 4936 1732 5005 patriam

935 5010 1045 5067 transiit
1060 5009 1177 5066 feliciter
1201 5008 1234 5064 de
1258 5006 1311 5062 hoc
1334 5006 1447 5061 mundo.
1479 5002 1529 5057 llic
1550 5016 1567 5055 a
1591 4998 1732 5075 Ludovrco

934 5083 1099 5153 imperatore
1125 5081 1273 5135 translatus
1302 5085 1343 5132 est
1373 5077 1402 5130 in
1430 5072 1599 5148 Padeburne,
1638 5075 1665 5122 et
1694 5064 1733 5120 rin

935 5169 983 5225 per
1004 5159 1089 5207 totam
1119 5150 1258 5207 dioecesim
1287 5155 1327 5203 est
1355 5154 1495 5218 patronus.
1525 5141 1575 5194 Hac
1607 5136 1734 5218 medetur

935 5223 1042 5281 calculo
1055 5228 1082 5277 et
1098 5220 1271 5294 passionibus
1285 5216 1416 5274 arenosis.
1439 5215 1542 5277 Roma,
1559 5216 1659 5264 sauctae
1675 5209 1732 5263 Pn-

937 5294 1075 5350 mitium·

972 5360 1427 5420 htarma.-carrcs.-Ur.mnrcr.:
1451 5378 1459 5401 ι
1475 5349 1664 5424 Appollinaris
1676 5350 1733 5425 epi-

937 5437 1011 5508 scopi
1028 5445 1055 5491 et
1068 5435 1207 5507 martyris.
1238 5434 1288 5487 llio
1314 5447 1330 5483 a
1358 5428 1437 5483 beato
1466 5426 1546 5481 Petro
1574 5425 1732 5504 Ravennam

939 5508 1047 5575 missus,
1065 5506 1213 5578 gloriosum
1230 5500 1395 5573 martyrium
1408 5503 1621 5553 consummavit.
1636 5497 1733 5553 Trans·

939 5580 1005 5636 latio
1020 5578 1103 5634 trium
1120 5592 1212 5649 regum
1229 5591 1244 5629 a
1258 5571 1413 5629 Mediolano
1430 5568 1584 5626 Coloniam.
1610 5568 1734 5649 Brigittae

938 5653 1029 5709 vidua
1053 5645 1280 5712 sanctimonialis,
1305 5660 1321 5697 a
1363 5659 1396 5697 ua
1419 5641 1521 5698 habent
1546 5649 1637 5696 ortum
1659 5640 1735 5720 ithus

939 5723 1051 5780 Ordinis
1065 5720 1262 5785 observatores,
1278 5658 1429 5790 quelqui]
1449 5713 1588 5770 modernis
1605 5721 1733 5844 teutgan-

938 5794 990 5852 bus
1012 5795 1042 5851 in
1056 5790 1167 5850 dioecesi
1181 5788 1348 5865 Trajectensi
1372 5786 1440 5844 oriri
1455 5791 1608 5867 ooeperunt.
1623 5805 1632 5831 ι
1690 5778 1734 5837 ade
