3834 6136
152 202 202 260 tel
801 196 951 255 USUARDl
970 193 1131 253 hortauit!
1605 205 1630 233 ’-
1751 187 1805 247 432

169 322 218 380 nid
232 337 296 394 ergo
310 321 362 378 hac
377 320 422 378 die
437 320 620 378 celarentur?
648 321 792 378 Antonino
815 319 898 378 habat
919 327 950 376 ut
966 323 1067 400 Auum
1079 317 1221 399 Anrupnn.
1234 315 1262 371 in
1272 312 1401 396 Kalpidio
1411 319 1539 441 pareest..
1550 313 1582 370 ln
1597 312 1661 370 hnc:
1678 312 1806 372 «Eodem

151 342 341 462 ldiuinarum„
356 403 409 450 etc.
1004 389 1060 455 die,
1074 397 1163 446 sancti
1176 389 1300 446 Nounosi
1313 402 1411 444 monac
1433 401 1453 442 i.
1469 411 1479 434 ι
1501 383 1573 442 vide
1585 384 1697 443 Kocan.
1713 393 1742 442 et
1753 387 1806 445 llo

192 467 397 529 Acumincum
414 463 486 520 line:
511 463 844 530 «Leuchornmcivitata
863 460 950 520 sancti
1007 477 1130 517 manum.
1521 527 1527 539 ⁹
1798 528 1805 541 .

154 538 289 593 Mansueti
301 535 421 610 episcopi
440 547 467 591 ei
486 536 682 593 contessoris.»
706 537 774 594 Vide
788 534 896 592 codices
910 534 951 590 in·
1040 532 1137 588 Baniu.
1167 529 1254 586 textui
1270 529 1337 613 satis
1351 545 1429 656 puro,
1446 527 1561 611 subdit:
1596 529 1701 598 «lien,
1716 536 1807 589 sancti

154 617 196 665 ter
213 611 344 666 Auctaria
359 608 404 661 die
417 607 552 689 sequenti.
1005 603 1121 671 Cosmae,
1137 602 1302 659 contessoris
1313 610 1349 683 9‘.
1374 609 1505 682 eremitae.
1522 625 1531 647 ι
1597 671 1603 683 ι

191 681 336 737 Vicromu.
355 679 437 733 eiiam
451 695 479 733 iu
498 680 570 734 line:
594 678 734 738 ·Civitate
746 675 949 751 Brugdnnensi,
1030 675 1182 756 ⁸Giiuiinru:
1217 699 1226 722 ι
1241 676 1272 729 lu
1286 673 1397 740 Ninive,
1412 669 1632 754 sauctil'hobise·
1650 671 1805 755 prophetae.

153 751 338 825 passiusancti
349 749 483 803 Antonini
495 749 594 815 levita,
607 753 785 808 cniuloaunc
801 749 951 821 pcsbitero
1003 744 1202 810 Nichomeiliau
1229 753 1386 801 sanctorum
1402 744 1509 800 Amceti
1529 751 1556 798 et
1572 744 1665 800 Fotiui
1686 744 1807 803 fratrum

152 831 179 878 et
191 821 336 878 Aliuachio
351 836 445 892 puero.
460 821 540 889 ltein,
559 825 647 880 sancti
662 824 783 879 Zenonis
797 836 861 879 cuin
875 819 950 876 duo-
1005 816 1236 890 iiiartyruin,qni,
1248 816 1401 872 innumeris
1417 816 1562 896 tormentis
1574 823 1723 895 superatis,
1738 825 1807 874 tan·

155 892 207 948 bus
221 908 321 964 pueris.
338 916 347 938 ι
1004 888 1064 945 dein
1081 905 1144 946 cuni
1171 889 1235 945 aliis
1258 896 1400 960 utriusque
1427 903 1510 968 sexus
1526 902 1718 968 iutcaimuniu
1733 887 1807 959 ignis

187 964 305 1019 liureio.
318 963 639 1021 illusus-Ummium:
663 961 835 1020 «tranctans
853 961 950 1034 Agne-
1003 960 1176 1033 praecip.taii,
1193 960 1353 1030 impollutas
1367 966 1483 1014 creatori
1498 965 1612 1037 spiritns
1626 958 1806 1017 tradiderunt

153 1035 190 1090 tis
203 1037 231 1089 in
242 1035 407 1106 Trajecium.
420 1035 551 1107 Aignlphi
566 1035 672 1092 ahliatis
684 1044 711 1092 et
730 1033 868 1106 inauyiis.
884 1048 949 1089 cuin
1004 1040 1125 1104 tempore
1141 1030 1315 1088 Diocletiani.
1332 1029 1453 1095 Agricoli
1467 1031 1588 1120 episcopi
1603 1029 1807 1090 Aninioncnais

152 1106 310 1162 sociissuis.
325 1105 443 1186 llelpidii
455 1108 575 1179 episcopi
587 1108 799 1165 etcoiilessoris.
811 1103 948 1176 lustiepi·
1003 1103 1242 1184 etcoiilessorisq
1283 1100 1352 1182 Vide
1366 1099 1488 1183 Surium.
1523 1100 1653 1184 ‹blpidii
1681 1102 1804 1181 abbatis,

152 1193 227 1247 scopi
254 1177 388 1233 Anionini
406 1179 545 1250 martyris.
561 1202 570 1225 υ
1004 1188 1081 1229 mir-a
1094 1174 1268 1229 abstinentiae
1283 1188 1348 1227 siri.
1364 1174 1478 1228 Antonii
1495 1175 1673 1229 contessoris.
1688 1173 1804 1248 loseph.

187 1249 348 1304 llncbuuc.
360 1248 430 1318 sign.
448 1265 524 1305 nuni.
541 1248 607 1306 130:
638 1250 732 1306 «item
747 1248 835 1305 sancti
856 1248 949 1305 Zeno·
1002 1242 1486 1301 Nounosimonachietconiessoris.
1508 1243 1803 1304 Justiuiconleeaoris.

153 1319 208 1386 nis,
224 1336 285 1375 cuin
302 1319 410 1375 duobus
423 1319 541 1391 pneris.»
1002 1315 1108 1374 Cosmae
1123 1314 1297 1383 coniesaoris,
1312 1314 1360 1387 qui
1383 1314 1412 1370 in
1429 1314 1519 1395 iiispla
1535 1313 1658 1372 Cretensi
1674 1316 1806 1374 eremiti-

187 1393 355 1447 Fueunnrin.
366 1408 372 1445 :
383 1415 392 1437 ·
403 1392 483 1462 Apud
498 1391 636 1447 civitatem
654 1390 872 1458 Volaterranum,
888 1403 948 1444 san·
1002 1402 1062 1443 cani
1077 1387 1162 1443 vitain
1178 1387 1281 1443 ducens
1294 1385 1691 1460 quietumque-coinredum,
1706 1396 1804 1447 trana-

151 1461 189 1518 cti
206 1461 350 1518 Ociaiiaiii
365 1464 486 1517 ureiiiiiae
500 1472 527 1519 et
541 1462 716 1529 contessoris,
733 1463 845 1518 natione
857 1459 948 1541 ΙΙΙΙΙΙ-
1002 1457 1071 1514 latio
1083 1466 1183 1516 sanctae
1195 1460 1309 1530 Agnetis
1328 1457 1444 1546 virginis
1461 1465 1490 1513 et
1503 1459 1643 1584 iiiartpris.
1661 1484 1671 1543 ς

150 1533 223 1600 caui,
235 1534 312 1589 mirae
327 1533 482 1590 saiiciitatis
494 1534 547 1590 uiri
559 1544 587 1589 ct
598 1535 738 1590 miraculis
752 1532 874 1604 gloriosi.
897 1532 948 1586 llic
1038 1530 1138 1587 hlomm
1161 1547 1167 1586 :
1187 1529 1278 1586 altem
1298 1544 1384 1586 sancii
1400 1535 1504 1586 bosniae
1519 1546 1571 1586 cen
1584 1537 1725 1588 essuriret
1738 1546 1805 1590 ere-

150 1604 302 1660 venitcum
313 1615 408 1661 sarecto
424 1606 528 1677 Regulo
542 1605 670 1677 episcope
680 1607 713 1661 ad
723 1603 881 1676 praedictam
895 1617 948 1656 nr·
1001 1602 1086 1657 mitae.
1099 1602 1130 1659 ln
1144 1599 1268 1672 Trajeeto
1277 1600 1413 1668 interiori,
1427 1601 1569 1657 translatio
1577 1611 1679 1660 satietas
1687 1603 1805 1672 Agnetis

150 1674 231 1742 beni;
255 1677 301 1748 qui
313 1676 423 1731 deinum
439 1677 466 1730 iii
483 1693 535 1731 una
550 1676 646 1731 arbore
658 1677 725 1731 ulmi
741 1675 825 1730 vitain
842 1673 944 1741 linivit,
965 1686 988 1746 B
1004 1671 1157 1744 virginiset
1169 1671 1308 1744 martyris.
1327 1672 1430 1741 Reiuis,
1440 1673 1577 1744 depositio
1600 1672 1690 1731 sancti
1705 1674 1803 1746 Alpini

150 1744 231 1817 enjus
245 1763 345 1818 corpus
372 1747 409 1802 ibi
425 1747 571 1817 requiescit
599 1747 627 1802 iu
642 1746 756 1802 ecclesia
783 1743 944 1800 cathedrali.
1003 1744 1151 1869 episcopi.»
1174 1743 1242 1800 Dein
1258 1743 1437 1800 minoribnst
1463 1744 1520 1816 pis:
1544 1744 1686 1803 «Nounosi
1708 1762 1803 1803 mona·

149 1815 229 1882 ltem,
257 1833 306 1874 sau
324 1818 343 1872 ti
360 1817 479 1874 Terentii
496 1825 635 1889 martyria,
659 1817 705 1889 qui
722 1817 773 1873 sub
788 1814 946 1871 Alexandro
1001 1813 1276 1884 cietconfessoris,
1306 1815 1411 1888 dequo
1455 1816 1579 1888 regorius
1606 1816 1704 1874 scribit
1730 1817 1804 1875 libre

149 1886 187 1942 im
209 1898 417 1959 eiatorepassus
426 1897 478 1952 est,
489 1898 514 1944 et
522 1887 744 1961 apudcivitatem
755 1887 944 1953 Tudertinam,
1001 1886 1178 1958 Dialogorum
1199 1903 1219 1953 i,
1239 1903 1299 1958 cap.
1318 1886 1512 1960 l‚quodiiiter
1525 1888 1580 1944 alia
1597 1889 1746 1957 miracula,
1762 1890 1802 1947 in·

148 1957 177 2011 in
191 1903 265 2026 cho,
275 1960 323 2032 qui
336 1959 439 2015 dicitnr
453 1961 575 2027 Petroso,
590 1967 687 2017 octavo
703 1956 947 2030 miliariorequie-
1001 1965 1108 2028 gentem
1126 1958 1243 2030 lapidem
1258 1958 1386 2029 precibus
1398 1960 1496 2026 movit,
1515 1959 1670 2033 lampadem
1686 1959 1803 2019 tractam

148 2028 236 2083 scit.»
1001 2028 1150 2100 reparavit,
1173 2039 1200 2086 et
1213 2030 1305 2085 oleum
1325 2030 1524 2102 augmentavit.
1541 2054 1551 2078 ι
1578 2030 1728 2088 Editionea
1740 2031 1803 2089 alia

183 2098 278 2156 Editio
291 2099 478 2158 busaeo-Coi.
494 2101 549 2157 inci
571 2099 610 2157 it:
643 2101 697 2157 «ln
712 2100 853 2157 territorio
868 2100 946 2158 Con·
1000 2099 1041 2156 sic
1055 2101 1168 2172 legunt:
1192 2101 1291 2169 «item,
1302 2102 1389 2158 sancti
1409 2100 1514 2159 Cosmae
1524 2101 1732 2159 confessoriam
1745 2119 1802 2161 ere·

147 2170 303 2239 staiitiensi,
319 2172 353 2227 ad
374 2172 465 2227 lecum
480 2173 526 2244 qni
543 2117 741 2244 diciturdqua
752 2172 837 2237 durae,
853 2171 944 2228 natale
1000 2171 1085 2240 mita,
1096 2170 1176 2242 cnjus
1186 2188 1286 2244 corpus
1296 2188 1331 2227 ex
1341 2172 1420 2230 Creta
1431 2172 1561 2230 Venetiae
1572 2181 1613 2231 eat
1622 2173 1802 2232 translatum.

146 2252 248 2299 sauctae
259 2242 372 2301 Vereiiae
387 2242 799 2314 virginisllascuomitataluit
814 2251 943 2299 societate
997 2241 1102 2298 Eodem
1131 2242 1186 2310 die,
1203 2242 1276 2298 beati
1297 2243 1428 2300 Brocardi
1444 2244 1610 2326 presbyteri,
1625 2253 1653 2302 et
1680 2244 1830 2305 Carmeli·

146 2321 304 2368 sanctorum
316 2312 496 2369 Thebaeorum
516 2323 707 2385 martyrum.»
729 2313 799 2370 Vide
813 2313 944 2370 Auctaria
997 2313 1252 2440 priorisgeneialis,
1271 2330 1375 2387 magna
1396 2317 1551 2373 sanctitatis
1565 2316 1802 2375 virillieaecun·

145 2381 190 2438 die
205 2384 378 2455 praecedenti.
396 2385 427 2440 lu
444 2387 586 2442 Antonino
596 2384 698 2441 similis
706 2384 762 2440 fere
774 2385 941 2442 Uenusiam.
1017 2400 1044 2451 o,
1058 2385 1146 2441 sancti
1168 2386 1253 2457 patris
1266 2385 1558 2458 Joanuisjejunatcris.
1578 2388 1687 2445 Eodem
1710 2388 1757 2446 die
1771 2389 1802 2446 in

146 2453 209 2511 Post
236 2455 395 2527 discerptum
420 2464 466 2522 est,
488 2456 594 2517 inserit.
628 2456 735 2511 «simul
764 2472 828 2511 cnm
854 2457 943 2528 capite
998 2454 1132 2527 l'rajecto,
1155 2457 1299 2513 translatio
1314 2459 1429 2529 Agnetis
1458 2457 1585 2532 virginis.
1604 2459 1690 2532 Apud
1711 2461 1803 2518 Dono

145 2525 941 2597 truncatum.iumomentoinripamllnminisdemersum,
997 2526 1087 2596 nium,
1103 2528 1220 2584 elevatio
1247 2545 1295 2586 cor
1315 2530 1371 2585 oris
1397 2537 1498 2586 sancta
1519 2529 1701 2604 llagenlredis
1716 2530 1802 2606 virgi·

144 2596 185 2651 sic
212 2595 361 2664 divinitus,
389 2608 468 2654 etc.»
503 2599 572 2654 Dein
589 2607 650 2669 post
673 2614 790 2667 reuersa,
818 2597 941 2667 additur,
997 2598 1077 2656 nis·
1102 2598 1210 2657 Colitur
1224 2617 1276 2657 vui
1290 2545 1428 2658 deiceris.

144 2671 168 2719 et
182 2683 199 2721 a
213 2667 334 2738 fidelium
355 2669 498 2739 houomfice
519 2674 633 2740 sepulta.
648 2670 680 2726 ln
706 2670 784 2727 lusto
812 2671 943 2728 convenit

142 2843 188 2906 ΙΙΙ,
202 2845 273 2901 Neu.
1711 2852 1764 2908 cu
1774 2852 1801 2914 ³.

176 2933 280 2988 Natalis
293 2940 394 2990 sanctae
404 2933 506 3004 Feben,
517 2935 716 3010 dequabeatns
729 2936 880 3010 Apostolus
894 2935 1025 2996 Romanis
1039 2935 1147 2993 scribit.
1157 2937 1260 3004 Roma,
1271 2935 1363 3009 passio
1377 2936 1465 2994 beatae
1479 2935 1599 3010 Serapias
1613 2936 1736 3011 uirginis
1750 2940 1802 2997 sub

141 3022 264 3079 Adriano
275 3023 410 3096 principe,
421 3041 482 3097 quae
494 3042 557 3081 cum
571 3035 642 3083 esset
657 3026 758 3082 tradita
772 3026 880 3083 duobus
896 3026 1006 3083 lascivis
1020 3024 1099 3094 viris,
1114 3034 1141 3082 et
1157 3026 1272 3081 minime
1285 3033 1376 3097 posset
1388 3023 1481 3094 illudi,
1500 3041 1549 3084 nec
1562 3027 1744 3100 postmodnm
1757 3045 1798 3087 ar·

140 3112 268 3170 dentibus
279 3113 636 3187 lampadibusinllammari,
651 3115 731 3188 jussu
746 3114 872 3189 praesidis
891 3116 1012 3173 fustibus
1028 3125 1070 3172 est
1083 3131 1162 3183 casa,
1182 3116 1277 3190 sicque
1291 3115 1383 3188 gladio
1398 3116 1542 3174 decollata.
1559 3115 1649 3189 liujus
1664 3118 1727 3177 dies
1740 3134 1798 3193 pte

140 3201 226 3258 sionis
242 3212 339 3275 quarto
354 3204 492 3261 Kalendas
506 3206 634 3279 Augusti,
657 3207 805 3280 sepultura
820 3222 886 3264 vero
900 3204 1023 3278 ejusdem
1038 3203 1067 3260 in
1089 3205 1216 3277 prasenti
1239 3204 1366 3274 habetur,
1383 3206 1494 3279 qnando
1507 3212 1535 3262 et
1554 3207 1691 3265 memoria
1708 3207 1798 3282 ipsius

140 3290 266 3363 martyrii
279 3291 413 3350 celebrior
420 3293 520 3366 agitur.
533 3297 564 3351 ln
575 3294 677 3369 Capua,
686 3302 844 3351 sauctorum
861 3303 1015 3368 martyrum
1029 3293 1166 3351 Antonini
1181 3292 1270 3368 pueri,
1292 3309 1429 3351 annorum
1452 3294 1566 3367 viginti,
1581 3303 1609 3354 et
1622 3295 1728 3354 Aristei
1743 3296 1799 3371 epi·

138 3379 224 3451 scopi,
240 3395 357 3453 quornm
373 3391 448 3457 gesta
462 3382 611 3442 habentur.
630 3382 727 3458 [Addit
740 3387 895 3444 bouillart:
915 3386 1036 3444 ‘Romae
1052 3382 1194 3442 ordinatio
1206 3383 1294 3442 saneti
1309 3382 1435 3457 Gregorii
1451 3382 1553 3459 papa]

911 3514 1028 3572 NOTAE.

174 3610 239 3667 Puri
254 3620 281 3668 et
293 3611 392 3683 integri
407 3619 473 3668 sunt
484 3614 740 3684 cuturn-Major,
760 3617 872 3673 dccccii.
886 3625 914 3673 et
927 3617 1032 3676 Aiolou

173 3735 284 3792 ¹Solita
306 3753 356 3792 sua
378 3736 507 3809 equitate
531 3744 624 3792 noster
637 3752 735 3794 censor
756 3756 856 3812 purum
877 3757 936 3798 esse
952 3746 973 3807 c
988 3740 1196 3813 Scripturarum
1212 3740 1376 3799 differentia
1395 3757 1424 3798 se
1439 3742 1523 3800 modo
1537 3759 1593 3802 non
1612 3745 1642 3802 in
1655 3747 1753 3806 oculos
1767 3749 1799 3806 iii

137 3821 193 3862 non
217 3807 326 3864 censuit
350 3809 508 3864 Preiensem
523 3807 645 3865 codicem
676 3819 786 3882 propter
811 3813 933 3870 additam
989 3820 1075 3886 gerat.
1092 3813 1263 3870 Buuicniiiir.

137 3880 390 3949 prasentiarticulo
399 3879 428 3953 S.
440 3879 566 3951 Gregorii
576 3879 791 3951 mdinationcm,
806 3885 934 3957 quamvis

747 4011 948 4073 vanientes
968 4016 1172 4077 LECTIONES.

172 4100 254 4158 Recte
266 4104 363 4161 scribit
376 4105 479 4163 Melan.
492 4107 612 4174 Pholum
631 4107 761 4179 (irenen,
772 4109 869 4179 Febee3
884 4127 932 4169 se·
986 4115 1052 4187 quia
1062 4115 1092 4172 iri
1104 4117 1159 4172 line
1175 4115 1290 4187 adjecit:
1314 4117 1415 4184 Romo,
1425 4117 1657 4176 ordinaticrcitcti
1778 4123 1796 4136 ‘⁸

136 4186 206 4253 quor
220 4174 352 4256 reliquos,
362 4177 409 4258 qui
425 4177 525 4260 passim
540 4178 644 4235 habeut
660 4181 753 4237 Febea.
776 4183 932 4257 Antuerp-
982 4203 1072 4258 popoe,
1083 4195 1115 4243 ut
1129 4188 1157 4243 in
1168 4187 1324 4269 apographo
1334 4197 1429 4245 nostro
1445 4188 1547 4247 diserte
1561 4191 1692 4251 retertur.
1736 4194 1795 4252 irur

135 4258 224 4325 maior
240 4261 268 4300 iu
284 4247 418 4328 Seraphim
432 4260 558 4322 seqnitur
571 4250 796 4333 orthographiam
816 4256 931 4312 Romani
986 4267 1077 4314 tamen
1097 4259 1150 4315 hoc
1164 4259 1384 4317 additamentum
1404 4269 1514 4319 acutam
1535 4260 1687 4322 Castellani
1702 4265 1792 4324 aciem

135 4328 212 4395 parvi
222 4324 249 4370 et
259 4317 374 4400 Adonis,
387 4336 441 4375 noii
452 4337 671 4379 communiorem
683 4340 718 4380 ex
732 4325 874 4383 codicibus
883 4344 932 4384 no·
987 4329 1125 4402 effugisse.
1138 4329 1280 4387 herinien.
1298 4332 1387 4388 textui
1397 4333 1480 4389 etiam
1499 4348 1570 4405 puro
1583 4334 1700 4394 subdit:
1726 4338 1793 4396 lteia

134 4391 207 4440 stris.
220 4386 289 4469 Sunt
299 4406 345 4462 qui
358 4393 449 4462 legunt
463 4393 601 4450 Kalendas
618 4395 806 4466 Augusteum
820 4396 929 4455 Prateu.
985 4400 1043 4471 ipio
1058 4402 1109 4468 die,
1121 4403 1222 4458 natalie
1231 4403 1442 4461 muctillemccli‘
1455 4422 1469 4459 e
1487 4405 1569 4477 iscopi
1582 4411 1608 4461 et
1618 4406 1794 4478 materteris.

134 4462 161 4511 et
187 4458 329 4527 chmen,
344 4462 392 4518 sud
411 4463 510 4536 reliqui
526 4481 590 4522 cnm
612 4474 701 4524 testu.
724 4468 756 4523 ln
771 4466 888 4525 Greveu.
904 4477 932 4526 et
985 4472 1153 4545 liosweyd.:
1174 4474 1328 4543 Stabulum,
1350 4476 1435 4532 cuncti
1448 4421 1577 4533 ldmclii
1589 4477 1720 4553 episcopi.
1734 4479 1793 4538 Alii

133 4525 234 4583 Melan.
252 4533 443 4614 transponitur
456 4536 557 4593 traditu
591 4545 633 4593 ost
647 4539 724 4594 ciria.
744 4538 845 4597 Omnes
857 4542 931 4598 seri·
986 4542 1050 4613 aliu,
1066 4560 1127 4619 ques
1141 4544 1171 4601 in
1185 4546 1326 4604 Auctariis
1337 4547 1552 4606 recensebimus.

133 4594 203 4654 bunt
216 4600 327 4672 Aristar,
355 4621 411 4662 nou
425 4605 544 4663 Asiatici.
589 4609 699 4666 iiclusns
726 4620 768 4668 est
781 4611 930 4683 Pratcnsis,

800 4734 1102 4797 osssuuvhriortus.

167 4822 279 4879 Piuaheu
293 4822 399 4894 primus
426 4833 559 4907 memorat
584 4826 645 4883 Ado
666 4829 740 4884 inter
763 4829 928 4888 testivitates
981 4836 1115 4892 rtrissimu
1129 4844 1248 4910 morture
1261 4857 1296 4897 ex
1311 4840 1406 4898 eodem
1420 4842 1518 4900 Adone
1533 4859 1597 4900 cnm
1612 4843 1715 4903 Nostro
1734 4845 1791 4918 egi·

131 4893 328 4966 apostolorum,
345 4894 418 4976 unde
441 4904 546 4977 accepit
560 4897 709 4979 Usuardns,
727 4900 821 4970 dequo
839 4903 927 4985 beatus
982 4923 1059 4973 mus;
1073 4924 1135 4964 nain
1147 4908 1186 4965 ibi
1208 4911 1237 4965 in
1249 4913 1327 4969 Actis
1338 4912 1485 4981 indicatur,
1505 4914 1672 4986 interpositis
1684 4916 1793 4988 aliquot

131 4966 274 5048 Apostolus
288 4966 414 5022 Romanu
438 4968 538 5032 cendit,
553 4984 662 5025 omissis
687 4977 778 5027 tamen
800 4973 925 5054 Apostoli
981 4977 1083 5046 dicbus,
1101 4982 1179 5051 prius
1198 4997 1304 5053 passam
1319 4985 1510 5059 sepultumque
1533 4986 1686 5059 Serapium,
1725 5003 1788 5045 nam

130 5037 223 5119 verbis
236 5052 269 5119 eii
286 5038 364 5095 Rom.
383 5055 450 5094 nvi:
477 5038 634 5121 Comuuudo
655 5048 740 5096 eutem
764 5044 845 5113 uobis,
861 5055 924 5128 etc,
981 5049 1103 5121 ejusdem
1115 5053 1208 5124 gloria
1224 5056 1361 5128 particeps
1372 5056 1450 5113 lieret
1464 5057 1580 5114 Sabino:
1626 5075 1692 5116 nam
1705 5002 1789 5117 belle

131 5109 244 5191 ‘llaelffl
260 5125 276 5192 a
291 5109 404 5182 praefato
419 5109 513 5166 Adone
527 5111 732 5169 describuntur.
750 5115 788 5170 lie
799 5125 925 5188 sequenti
980 5130 1072 5177 autem
1092 5123 1150 5178 dies
1164 5124 1206 5179 illi
1225 5125 1333 5191 aliquot
1347 5127 1379 5183 ad
1392 5144 1512 5185 mensem
1525 5074 1639 5186 extendi
1655 5130 1788 5203 possunt?

130 5193 238 5261 virgine
252 5182 386 5264 sielhabet
406 5183 557 5240 lloiuanum
567 5199 704 5265 parvum:
724 5187 823 5254 Rome,
840 5189 925 5243 Seru-
980 5193 1020 5249 lle
1035 5195 1445 5268 cateroelogiumAdouianum
1457 5200 1631 5258 hicmultuui
1642 5201 1787 5259 contraxit

126 5251 197 5318 phio
208 5268 327 5321 carpinus,
340 5270 368 5309 iii
379 5253 445 5335 Kal.
458 5255 572 5336 Augusti
581 5272 677 5337 porcae,
688 5273 710 5338 .¹¹
721 5256 787 5313 Kal.
799 5261 924 5329 reputem
940 5272 965 5333 D
979 5262 1127 5324 Notherus.
1139 5266 1237 5323 Noster
1249 5269 1343 5326 omnia
1352 5270 1498 5343 decerpsit,
1514 5286 1575 5344 quae
1585 5272 1615 5327 in
1631 5280 1714 5330 textu
1723 5288 1787 5330 cnm

128 5334 160 5373 iii
171 5326 261 5376 Nouoi
272 5325 429 5395 Septembris
436 5342 564 5382 memorio
573 5343 706 5397 passionis
720 5345 777 5398 epae
786 5331 922 5388 celebrior.
980 5333 1040 5406 ipso
1056 5337 1230 5395 tradidimus.
1246 5342 1315 5397 Acta
1339 5341 1399 5414 ipsa
1420 5343 1622 5400 recentioribus
1640 5344 1788 5401 nonnullis

129 5387 192 5445 llaec
207 5401 234 5447 et
249 5401 336 5451 totuin
352 5398 487 5468 preclarae
498 5398 612 5471 virginis
623 5401 787 5472 martyrium
803 5418 837 5459 ex
848 5403 924 5459 Actis
977 5408 1045 5463 satis
1057 5412 1217 5481 scrupulose
1226 5413 1393 5481 examinata,
1406 5415 1486 5470 novis
1496 5414 1571 5473 curis
1589 5431 1640 5471 sno
1662 5422 1788 5490 tempora

128 5457 335 5541 fusius-deducit
352 5469 411 5550 Ado
431 5480 539 5552 servato
550 5486 661 5526 nomine
679 5472 823 5544 Seraphim,
839 5484 923 5530 nota·
977 5477 1195 5538 illustrabuntur
1222 5484 1341 5556 Vulgata
1350 5493 1417 5540 sunt
1428 5485 1480 5542 hoc
1492 5485 1668 5557 dieaSurio,
1683 5487 1721 5545 ad
1732 5503 1788 5545 ma·

127 5535 210 5600 toque
219 5539 282 5589 item
294 5542 480 5607 passionisdie
492 5558 520 5598 iv
535 5542 651 5599 Kalend.
665 5545 781 5624 Augusti
793 5562 799 5611 ;
824 5544 853 5599 iii
868 5562 922 5672 quc
977 5551 1183 5624 nusoriptorum
1194 5553 1275 5610 lidem
1285 5563 1352 5612 tnnc
1362 5557 1506 5629 exigenda.
1524 5556 1595 5615 Vide
1607 5557 1669 5631 ipsa
1679 5558 1788 5617 Gallice

126 5599 252 5656 adiertcs
266 5621 319 5661 non
334 5624 436 5690 errasse
463 5612 602 5696 Adonem,
627 5631 867 5698 qiiasiuunmeran
891 5634 921 5674 us
976 5624 1264 5683 rersaaKillementic
1278 5634 1355 5685 tomo
1372 5629 1407 5696 ll,
1424 5644 1511 5703 apag.
1526 5627 1590 5701 tit,
1607 5637 1636 5686 et
1653 5638 1738 5690 noma
1754 5646 1787 5689 ee

125 5672 526 5740 esseidiesceitamimsbeatae
537 5686 653 5753 Satine,
665 5702 711 5760 qui
722 5704 752 5743 ni
764 5705 792 5744 iv
802 5688 918 5747 Kalend.
975 5703 1158 5766 spectantesa
1174 5713 1200 5770 p.
1219 5700 1283 5757 eat.

124 5741 292 5816 Septembris
309 5763 358 5805 eeu
380 5766 449 5808 xxix
462 5754 579 5826 Augusti
599 5757 708 5826 incidit,
734 5774 789 5831 quc
807 5758 841 5816 de
856 5760 920 5817 illu·
1010 5765 1136 5825 llecnrrit
1161 5769 1243 5828 modo
1267 5771 1428 5846 difficultas,
1452 5789 1535 5848 quam
1548 5772 1596 5832 die
1614 5773 1787 5849 precedenti
