3834 6136
174 128 186 187 l
795 118 948 181 USUARDI
966 116 1126 181 nonnoni

166 253 180 311 1
192 258 330 326 martyres
338 249 422 309 etiam
435 247 613 323 pronuntiare
628 264 684 304 non
694 247 813 305 dubitat.
830 248 931 305 CasteI·
945 250 971 310 A
985 255 1008 304 ct
1022 264 1095 304 mors
1104 246 1230 320 plurimis
1243 245 1330 300 estitit
1343 241 1481 299 miraculis
1490 240 1618 314 phasec.
1634 244 1678 301 be
1689 242 1795 303 iisdem

161 340 212 382 nus
226 331 322 383 contra
346 322 455 379 nulium
471 320 530 394 ejus
544 322 583 377 rei
596 320 806 377 fundamentum
816 336 845 377 se
854 336 883 376 re
920 349 931 362 ·

157 412 200 454 sse
228 366 348 453 rotunde
373 400 498 449 testatur.
523 392 589 460 Qua
618 393 730 474 insuper
753 392 878 474 depleri
898 408 931 448 us

151 466 235 525 unctis
248 464 418 539 Rogatianis,
434 464 531 536 quidni
555 472 582 520 ct
605 466 795 532 Felieissimis,
815 472 932 521 contro-

151 545 299 605 ertuntur;
325 543 417 593 utrum
435 536 480 591 hic
495 536 662 607 liogatianus
677 536 748 591 idom
765 536 801 591 sit
822 535 855 591 dc
877 551 931 607 quo

143 611 257 687 oquitur
276 607 451 683 Cyprianus,
467 607 567 663 deinde
582 607 615 663 de
631 607 728 662 mortis
742 614 875 679 tempore,
898 607 932 663 de

137 682 277 757 utriusque
285 679 372 755 gradu
383 687 410 734 ct
419 678 510 734 cilicio
520 678 637 751 aliisque
647 677 849 751 hujuscemodi,
861 678 930 745 hare,

132 754 257 829 inquam,
285 750 320 809 ad
344 750 488 823 proprium
514 751 605 806 locum
633 749 783 820 rejicimus.
808 749 932 830 thsticus

131 823 319 884 Narbonensis
333 838 406 878 merc
432 821 603 878 [isuardinns
625 830 676 890 est,
704 836 720 876 a
747 821 826 877 nullo
853 827 932 876 antr-

132 896 225 973 qniori
251 900 299 951 aut
317 892 415 967 aquali
438 893 521 949 hodic
540 893 654 964 positus.
679 891 791 948 Notatio
820 892 932 948 bercarii

133 967 229 1043 paucis
239 965 355 1032 indicat,
368 979 540 1038 quaecunque
549 965 622 1021 eirca
633 963 719 1019 vitam
730 962 789 1036 ejus
801 970 849 1021 aut
857 971 933 1037 gesta

133 1040 276 1098 observari
289 1035 391 1093 debent
408 1053 442 1092 er
459 1035 621 1108 Hieronymi
637 1042 663 1091 et
679 1035 778 1091 Leonis
797 1035 930 1108 epistulis,

133 1127 185 1168 nec
199 1107 350 1184 quidquam
375 1109 448 1164 ultra
463 1115 596 1163 memorat
619 1106 750 1174 Catullus,
769 1106 933 1180 inscriptio·

133 1197 197 1241 nem
211 1178 428 1253 adducensque
452 1179 604 1235 multorum
628 1177 801 1235 eruditorum
823 1178 933 1252 ingenia

133 1251 268 1322 exeant,
284 1250 352 1309 alibi
367 1267 383 1307 a
397 1249 479 1307 nobis
492 1250 526 1306 de
541 1249 879 1333 integroexaminandam.
900 1251 933 1306 ln

133 1324 241 1394 Adone,
256 1321 377 1381 wcundo
392 1322 452 1379 loco
467 1321 584 1378 habetur
600 1339 606 1378 :
626 1322 845 1379 Commemoratis
863 1337 933 1378 sea-

133 1403 236 1456 clortatt
247 1394 428 1471 spucoporum
443 1394 548 1455 l'cdosti
561 1400 585 1451 et
603 1392 731 1464 Amoadi,
746 1410 860 1466 qaorum
878 1394 933 1449 sits

985 320 1038 378 hoo
1047 320 1129 376 etiauu
1144 318 1189 374 dic
1198 318 1273 375 canit
1287 315 1512 374 Wandalbertus.

1047 399 1184 449 Pontifices
1199 399 1273 455 lama,
1287 399 1369 459 signis
1389 395 1547 459 tumulisque
1561 406 1690 447 aarum

1047 462 1178 526 Septimus
1192 459 1313 519 ostendit,
1328 472 1388 508 uero
1399 460 1431 508 de
1448 461 1552 508 neniae
1564 458 1727 522 Aurattdtttn,

1048 524 1241 587 vedastumque
1251 524 1338 574 simul.
1351 521 1449 571 meritis
1462 530 1487 570 et
1501 529 1616 584 ternpore
1626 522 1746 586 jurem

1021 605 1096 662 Alibi
1117 604 1288 661 ostendimus
1311 618 1394 677 quam
1417 610 1491 659 recte
1511 602 1572 683 bini
1593 604 1636 660 iili
1657 604 1792 677 praestes

985 694 1042 735 uno
1062 677 1108 734 die
1128 675 1340 749 conjungantur.
1369 675 1451 730 Plura
1473 673 1570 746 adjicit
1590 674 1734 735 liethertus
1757 678 1793 736 de

987 749 1117 815 Veslasto,
1132 749 1208 831 prius
1223 748 1347 803 Tullensi
1372 747 1542 819 presbytero,
1563 754 1616 805 etc.
1638 747 1662 803 A
1746 748 1792 807 hic

986 822 1058 878 sistit
1073 820 1218 878 Canusinus
1231 819 1345 875 Notircri
1361 816 1458 885 editio,
1476 832 1540 874 cum
1555 834 1590 875 ex
1605 818 1662 876 hoo
1698 820 1725 878 ie
1740 834 1793 879 us-

1005 892 1077 949 uead
1087 892 1152 949 anni
1164 890 1247 947 sunem
1256 891 1304 946 reli
1327 906 1362 947 ua
1369 888 1569 947 desiderentur.
1581 891 1671 949 Porro
1681 892 1791 951 lism-

986 911 1037 1021 ius
1052 965 1135 1020 citata
1149 962 1254 1018 Adonis
1269 979 1318 1018 ver
1338 962 1463 1017 aretulit
1483 978 1511 1018 ur
1529 962 1686 1033 Februarii,
1702 971 1737 1021 nt
1749 962 1790 1023 ihi

987 1035 1120 1103 diximus,
1137 1034 1183 1090 hic
1200 1041 1347 1106 utrumque
1358 1033 1457 1090 tacitus
1470 1033 1697 1107 pretermittere.
1706 1034 1793 1094 ntus

987 1106 1106 1164 vedasto
1116 1104 1227 1179 quidem
1240 1112 1328 1162 ucent
1340 1105 1423 1162 etiam
1435 1104 1562 1188 plerique
1569 1106 1681 1165 codices
1690 1120 1790 1166 mea-

986 1179 1081 1248 tiorcs‚
1097 1185 1125 1234 at
1134 1177 1169 1233 de
1178 1175 1314 1246 Amando,
1328 1184 1376 1233 ent
1390 1175 1450 1248 ejus
1462 1176 1651 1245 ordinatione,
1665 1180 1793 1237 tansla-

986 1250 1063 1306 tione
1086 1248 1130 1305 rei
1150 1248 1312 1318 elevatione,
1333 1255 1361 1305 et
1381 1248 1502 1306 ousiosis
1527 1248 1708 1309 dedicatione
1733 1266 1790 1309 non

988 1322 1067 1449 pauci
1095 1320 1351 1450 memilpeclppfiaqpos
1374 1318 1432 1394 jam
1460 1319 1618 1395 subjicient.
1632 1320 1708 1381 Vade
1728 1336 1791 1398 qun

1008 1408 1112 1450 surmus
1127 1409 1157 1450 vr
1294 1409 1327 1449 r.

863 1521 1054 1581 AUcrAnrn.

171 1632 321 1693 hesum
334 1630 430 1688 subdit
442 1631 539 1689 iniine
556 1649 562 1689 :
581 1631 700 1689 «Nauis
714 1631 802 1690 sancti
815 1631 938 1691 Amandi
951 1637 974 1698 Β
988 1633 1064 1689 mino
1089 1629 1155 1687 iesu
1178 1626 1289 1689 Christo
1313 1626 1422 1685 butam
1446 1624 1584 1687 mamm
1604 1628 1737 1715 sepelivit
1760 1630 1789 1691 in
1898 1644 1907 1711 j

136 1706 259 1781 episcopi
274 1703 512 1762 etconiessoris.»
851 1774 856 1785 Ι

171 1778 326 1833 huma.
340 1774 380 1831 sio
394 1773 511 1846 primam
521 1774 668 1832 annuntiat
678 1793 684 1830 :
695 1774 787 1848 «Apud
797 1775 931 1846 Africam,

135 1848 236 1905 natalis
252 1853 409 1903 sanctorum
431 1854 502 1902 mart
524 1861 584 1900 runi
610 1846 706 1918 liogati
730 1846 883 1919 presbyteri
905 1855 933 1905 et

135 1917 309 1977 Felicissimi.
326 1917 393 1972 ltam
407 1915 479 1987 apud
516 1916 724 1984 hessalonicam,
740 1920 827 1974 sancti
838 1921 933 1975 Deme

136 1989 184 2047 trii
198 1988 339 2060 martyris.
357 2011 367 2035 ι
388 1989 413 2043 Is
428 1996 481 2056 est,
503 1987 613 2058 opinor,
633 1987 681 2060 qui
698 1988 801 2045 colitur
817 1991 934 2049 v1110c·

136 2061 195 2119 tob.
209 2059 340 2133 Sequitur
355 2058 388 2114 de
403 2059 525 2127 Rustico,
543 2074 619 2129 puro.

171 2134 326 2199 Asrunun,
342 2129 541 2198 Max-Lunna,
560 2131 731 2188 Ucunuurnu.
748 2130 823 2187 Nihil
834 2131 868 2189 de
879 2133 932 2190 liu·

136 2204 217 2273 stioo,
231 2202 279 2260 sed
295 2202 355 2275 ejus
369 2202 429 2258 ioco
445 2220 451 2258 :
479 2203 565 2274 «lpse
579 2201 635 2270 die,
655 2202 775 2259 Amandi
795 2204 932 2261 cuniam-

137 2276 211 2333 ris.»
232 2275 269 2331 Et
280 2273 435 2345 adjungunt
448 2272 544 2329 eodem
559 2280 648 2342 textu
664 2274 777 2331 Luciam
800 2282 824 2332 ct
844 2276 932 2346 Fieri,

136 2355 168 2404 ut
182 2346 264 2402 etiam
280 2345 405 2401 invenies
417 2345 462 2400 die
478 2345 652 2417 precedenti.
668 2370 677 2393 ι

173 2416 405 2473 muana-idun.
421 2424 448 2472 et
460 2416 624 2485 hausurum,
650 2416 679 2472 in
687 2417 776 2488 prima
785 2416 851 2473 satis
858 2418 931 2490 puri,

138 2487 259 2546 mando
275 2489 335 2543 ioco
351 2505 356 2542 :
380 2509 390 2532 ι
409 2487 441 2542 ln
454 2487 622 2555 Nicomedia,
638 2496 795 2545 sauctorum
819 2490 933 2546 liuciani

139 2567 167 2616 et
177 2559 283 2614 Fieri.»
305 2558 408 2613 Horum
424 2558 513 2614 socios
527 2559 590 2614 uide
605 2561 634 2615 in
646 2560 788 2617 codicibus
800 2562 933 2635 Hierony·

138 2628 249 2686 mianis.
274 2629 398 2701 Ipsorum
422 2630 491 2686 Aeta
506 2630 577 2685 inter
593 2630 698 2689 Selecta
712 2633 851 2690 recensuit
868 2635 932 2691 liui-

137 2701 275 2757 nertiusa
307 2716 349 2771 ag.
367 2700 429 2769 iai,
454 2699 502 2756 ubi
516 2703 683 2759 consulenda
699 2703 800 2775 praevia
814 2703 873 2774 ejus
887 2706 933 2761 ad·

136 2770 265 2829 monitio.
280 2716 370 2828 ium:
395 2797 404 2819 ·
419 2774 480 2845 Ipso
500 2771 554 2840 die,
579 2774 696 2831 elevatio
711 2774 798 2830 macti
813 2776 931 2832 Amandi

135 2842 309 2900 confessoris.
324 2867 333 2891 ›
356 2845 387 2900 ln
402 2844 514 2902 Rustico
527 2846 589 2916 puri
599 2854 673 2902 sunt.
688 2847 825 2902 Domum:
844 2849 931 2905 ‹ltem

135 2914 223 2972 uncti
238 2915 359 2972 Evnristi
378 2932 453 2998 papa
466 2925 493 2973 ct
507 2918 646 2989 martyris.
662 2941 673 2965 ι

986 1719 1079 1777 specu,
1093 1701 1173 1775 cujus
1187 1699 1342 1774 cyrothecae
1356 1707 1384 1758 et
1393 1700 1514 1759 annulus
1528 1698 1589 1772 eius
1608 1700 1656 1759 rbi
1674 1710 1789 1761 maisn-

987 1782 1090 1844 serunt,
1112 1790 1176 1832 curn
1197 1780 1291 1845 postea
1315 1788 1399 1828 unam
1423 1770 1600 1845 cyrothecam
1622 1774 1790 1835 munerant

986 1865 1048 1904 cum
1059 1846 1162 1903 annulo
1176 1843 1335 1972 episcopali,
1351 1843 1486 1925 aliam-ibi
1498 1850 1654 1905 seruantes.
1668 1842 1790 1906 'l'audern

987 1927 1048 1993 post
1063 1920 1151 1975 muita
1164 1932 1298 1972 muraena
1312 1922 1340 1970 et
1354 1914 1494 1972 doctrinas
1510 1916 1659 1987 ulutares,
1675 1917 1787 1976 obiitin

987 1985 1623 2131 llssairmiultibtfliiillllirtl‘
1637 1994 1788 2121 llaffii

988 2105 1060 2189 reuit
1075 2078 1226 2190 Ecclicsiam
1241 2130 1321 2185 annis
1335 2127 1439 2198 decem,
1457 2102 1729 2215 mensibus'soptenu.
1740 2132 1787 2192 llis

988 2206 1099 2261 natione
1113 2210 1171 2259 erat
1183 2202 1294 2258 Graecus
1305 2217 1340 2258 ex
1373 2210 1431 2257 atre
1442 2199 1547 2271 lndaeo,
1569 2218 1688 2263 nemine
1705 2202 1781 2274 Indu

987 2275 1021 2332 de
1035 2276 1148 2333 civitate
1161 2272 1333 2329 bethlehem.
1351 2217 1402 2329 liic
1416 2270 1512 2354 titulos
1527 2272 1557 2329 in
1569 2272 1639 2331 urhe
1653 2270 1785 2334 liemadi·

987 2349 1054 2404 sisit
1085 2343 1272 2404 cardinalibus
1295 2342 1461 2426 presbyteris
1483 2352 1510 2402 et
1531 2344 1718 2418 dysconibns.
1739 2348 1786 2407 ilic

987 2419 1142 2486 constituit,
1155 2426 1186 2473 ut
1197 2414 1356 2543 conjugium
1368 2415 1502 2488 publices
1514 2416 1700 2489 presentibus
1709 2435 1784 2493 spon·

987 2491 1098 2547 deretur
1110 2498 1137 2546 et
1159 2506 1174 2544 a
1198 2503 1272 2544 saca
1292 2495 1337 2544 ote
1364 2486 1540 2558 postmodnm
1565 2488 1784 2549 benediceretur.

987 2563 1038 2618 liic
1061 2561 1194 2643 martyrio
1218 2558 1433 2638 coronaturnsub
1455 2558 1647 2631 persecutione
1668 2560 1785 2636 Trapani

987 2634 1169 2705 imperatoris,
1189 2639 1215 2687 et
1230 2630 1360 2703 sepelitur
1371 2639 1452 2701 Juxta
1466 2637 1593 2689 sanctum
1608 2630 1734 2691 Petrum.
1758 2634 1786 2691 ln

986 2706 1099 2762 civitate
1122 2703 1243 2770 Caralis,
1267 2702 1356 2758 natale
1379 2700 1452 2758 beati
1476 2702 1585 2775 Hylarii
1608 2704 1735 2779 episcopi
1761 2712 1787 2763 et

986 2775 1160 2833 confessoris.
1176 2799 1185 2823 ι
1207 2776 1246 2830 De
1262 2771 1315 2830 hoc
1328 2782 1355 2830 et
1369 2772 1508 2830 Frontone
1522 2774 1615 2847 agitur
1628 2774 1675 2833 die
1690 2793 1784 2851 praece

986 2847 1072 2904 denti.
1090 2848 1121 2903 ln
1136 2845 1190 2902 lune
1206 2845 1287 2926 habet
1304 2863 1343 2927 ³.‘
1357 2843 1475 2902 Civitate
1494 2844 1635 2919 Narbona,
1647 2846 1785 2923 depositio

985 2918 1073 2975 sancti
1088 2918 1193 2975 Rustici
1209 2932 1329 2988 episcopi
1343 2925 1370 2972 et
1383 2917 1558 2975 conieswris.
1572 2941 1581 2967 2

170 2985 340 3045 Usrnssscr.
367 3004 460 3043 orunra
487 2987 581 3044 eadem
609 2987 699 3058 habet,
724 2987 777 3044 nisi
801 2990 875 3063 quod
898 2990 932 3048 de
950 2998 971 3058 l}
1022 2990 1182 3052 Aourcrucr.
1199 2995 1271 3060 post,
1284 2987 1501 3058 adcoetssssorcs,
1516 2987 1639 3047 inserit:
1663 2990 1785 3051 ‹Tmu-

133 3057 263 3115 Evaristo
277 3059 317 3115 sic
331 3058 421 3131 primo
436 3060 497 3117 loco
512 3060 641 3131 loquatur
656 3078 662 3116 :
686 3084 695 3108 ι
716 3061 820 3131 Roma,
840 3064 931 3120 ruatale

133 3130 221 3187 nacti
236 3130 357 3187 Euaristi
372 3147 458 3258 papae.
478 3130 531 3197 Qui
546 3138 660 3203 quartus
674 3141 735 3204 post
750 3132 860 3189 beatum
876 3135 932 3191 Pe-

130 3206 217 3272 trum,
233 3203 383 3259 Romanam
422 3204 548 3259 eclesiam
562 3203 735 3275 gubernavit.
760 3203 816 3261 Sub
830 3207 931 3264 Traiuo

131 3268 274 3353 Flrajano]
288 3275 411 3346 principe
426 3274 560 3347 martyrio
574 3285 732 3346 coronatus,
752 3279 875 3350 sepultus
890 3287 931 3336 est

127 3352 210 3417 Juxta
223 3362 324 3417 corpus
335 3345 407 3401 beati
423 3345 496 3400 Petri
511 3346 540 3400 in
555 3346 698 3405 Vaticano.
715 3374 724 3399 s

166 3416 289 3472 Lernen.
305 3423 332 3471 et
354 3416 523 3471 Usrnnsncr.
547 3419 728 3489 conveniunt,
752 3421 850 3479 sedin
875 3421 929 3478 fine

130 3492 281 3568 repetunt:
304 3486 408 3553 «Item,
423 3485 511 3542 sancti
530 3485 651 3543 Evaristi
674 3506 751 3562 papae
775 3501 802 3548 et
826 3500 929 3565 marty·

130 3572 204 3613 ne·

165 3627 289 3684 Auerno.
301 3633 328 3682 et
342 3628 441 3682 Dauno.
455 3625 485 3681 in
500 3624 553 3682 hoc
570 3643 586 3681 s
601 3627 725 3698 proxime
740 3633 929 3704 superioribus

129 3698 262 3757 dilleruut
275 3698 349 3772 quod
363 3696 505 3754 Rusticum
528 3698 668 3768 omittant,
689 3711 716 3758 et
739 3721 800 3776 pro,
819 3706 928 3760 elevatio

129 3771 213 3827 sancti
227 3769 354 3838 Ancaei,
370 3768 533 3842 simpliciter
547 3768 669 3827 scribant
685 3791 691 3828 :
708 3776 770 3846 ipso
781 3776 832 3844 die,
844 3777 929 3832 sancti

129 3841 247 3923 Amsancti
260 3841 426 3923 coufessoris.
443 3839 526 3907 Quasi
539 3840 625 3897 alium
649 3841 802 3903 indicarent
826 3865 841 3904 a
865 3848 928 3904 Fra·

127 3923 244 3985 Jectcnsr
260 3928 398 3983 episcopo.

45 4042 49 4049 ,
166 3984 341 4040 Carrucam:
367 4007 376 4030 ι
389 3984 412 4038 Α
433 3982 469 4039 ud
485 3983 617 4053 Africam,
629 3996 786 4044 sanctorum
800 3990 927 4061 liogacia·

130 4054 159 4111 ui
175 4055 325 4127 presbyteri
342 4062 369 4111 et
380 4000 555 4123 Felicissimi,
569 4058 620 4114 sub
633 4060 716 4116 Decio
730 4067 757 4116 et
768 4062 926 4118 Valeriano.

129 4124 248 4183 Ciuitate
261 4127 412 4195 Florentia,
427 4127 498 4183 beati
514 4129 651 4199 blineatis,
662 4131 713 4186 sub
723 4133 839 4189 Decio.»
856 4133 928 4190 Vide

129 4204 236 4253 textum
251 4197 295 4253 die
311 4198 484 4268 praecedenti.
497 4200 644 4281 Sequitur:
666 4225 676 4251 ι
692 4202 773 4275 Apud
788 4204 926 4275 Ephesum

129 4270 217 4325 sancti
245 4269 399 4336 Policratis,
425 4270 546 4342 episcopi
575 4273 674 4344 egregii
703 4281 730 4329 et
759 4277 925 4333 nobilissimi

986 3062 1052 3119 latio
1066 3061 1189 3133 corporis
1207 3059 1294 3115 sancti
1317 3058 1434 3115 Arnandi
1455 3060 1588 3134 episcopi,
1604 3068 1633 3118 et
1645 3062 1785 3123 ordinatio

985 3134 1156 3207 episcopatus
1170 3130 1239 3204 ejus,
1255 3138 1282 3186 et
1295 3129 1433 3187 dedicatio
1448 3132 1570 3191 ecclesias
1581 3132 1684 3207 ipsius.
1699 3157 1710 3186 ι

1020 3206 1166 3263 Vrcronru.
1194 3211 1221 3259 et
1247 3204 1314 3259 linc.
1341 3202 1423 3259 Susa.
1449 3203 1574 3277 signatus
1600 3220 1683 3265 num.
1712 3204 1783 3265 13⁰:

992 3279 1095 3346 «leem,
1110 3276 1198 3333 sancti
1213 3272 1331 3332 Amandi
1346 3274 1499 3346 episcopi·
1518 3284 1572 3335 etc.

1018 3345 1472 3406 hierarc‚Caurus-Ummium.
1488 3364 1495 3404 :
1519 3348 1785 3422 ‹Rogatianietlle-

984 3420 1121 3479 licissimi.
1135 3420 1255 3477 Evaristi
1270 3435 1345 3492 papa
1358 3427 1385 3476 et
1399 3418 1540 3493 martyris.
1549 3420 1672 3492 Rasum,
1681 3422 1783 3497 episeo-

984 3493 1011 3567 pi
1026 3502 1054 3550 et
1067 3492 1241 3549 confessoris.
1258 3515 1267 3537 ι

1019 3564 1151 3621 Casurus.
1175 3570 1201 3617 et
1223 3563 1360 3618 clausura.
1384 3579 1390 3619 :
1420 3585 1430 3612 ι
1454 3561 1579 3633 Luciani,
1604 3562 1735 3624 Martiam
1757 3575 1784 3625 ct

984 3635 1089 3692 Flori.·
1109 3637 1148 3689 lic
1163 3634 1205 3688 his
1221 3633 1318 3688 Florus
1337 3650 1400 3689 cum
1415 3632 1491 3690 breui
1506 3635 1607 3709 elogio.

1019 3708 1086 3763 Rue.
1103 3707 1183 3760 Sarac.
1196 3704 1247 3759 sub
1261 3721 1336 3760 nutri.
1353 3705 1424 3761 428:
1443 3705 1565 3762 «Eodem
1578 3707 1634 3777 die,
1647 3710 1782 3769 Florentii

982 3776 1156 3836 confessoris.
1174 3801 1182 3822 ι
1205 3780 1248 3831 Ari
1262 3776 1286 3831 is
1300 3775 1334 3831 de
1349 3794 1405 3849 quo
1416 3777 1507 3849 agitur
1521 3776 1567 3834 dic
1579 3783 1735 3863 sequenti?

1018 3850 1114 3907 Cannu
1127 3851 1161 3903 l).
1178 3849 1294 3903 tamenn
1304 3848 1479 3919 signatush:
1497 3849 1647 3908 ‹Niverms
1658 3853 1783 3923 civitate,

982 3919 1117 3992 depositio
1141 3920 1226 3975 euracli
1255 3920 1369 3990 Tropeni
1386 3920 1585 3977 confessuris.»
1607 3923 1678 3981 Vult
1692 3924 1782 3985 dicere

986 3992 1108 4058 Trojccii,
1125 3992 1228 4045 tlulliue
1248 3993 1322 4055 Troe,
1341 3991 1387 4063 qui
1404 3993 1504 4047 colitur
1519 4009 1579 4049 nun
1593 3995 1694 4052 Octob.

1019 4064 1152 4119 Vernaus.
1170 4062 1246 4116 addit
1262 4081 1267 4117 :
1293 4062 1527 4131 «Thessalonicae,
1546 4066 1634 4123 sancti
1648 4066 1781 4125 Demetrii

983 4134 1120 4205 martyris.
1135 4158 1144 4179 ι
1170 4133 1237 4188 l'ialc
1251 4134 1403 4191 uraniam.
1424 4137 1505 4191 Forte
1517 4135 1590 4207 apud
1604 4137 1781 4197 Beneuenta-

983 4222 1032 4261 nos
1047 4214 1072 4260 ct
1089 4206 1116 4260 in
1135 4205 1197 4259 aliis
1214 4205 1297 4260 ltalia
1313 4205 1437 4276 partibus
1451 4206 1554 4262 colitur
1569 4207 1621 4266 hac
1636 4209 1692 4266 die.

1018 4279 1184 4332 Fuonuurtu.
1204 4295 1209 4331 :
1234 4302 1242 4323 ‹
1261 4277 1351 4331 Saricti
1370 4279 1501 4333 Deruetrii
1519 4280 1661 4352 rurartyris.
1680 4282 1780 4349 llomae,

128 4340 194 4395 viri.
218 4363 227 4388 ι
253 4339 320 4407 Quis
340 4340 386 4396 hic
398 4341 434 4395 sit
448 4349 558 4398 sanctus
572 4344 738 4426 Polycrates,
755 4346 863 4403 divinet
877 4348 924 4420 qui
941 4358 965 4417 [J
981 4350 1068 4405 salicti
1094 4348 1211 4403 iliaristi
1229 4364 1312 4419 papas.
1332 4348 1478 4403 Ordinatio
1503 4350 1678 4431 episcopatus
1695 4352 1783 4410 uncti

129 4417 228 4483 potest,
248 4427 297 4482 ego
314 4412 399 4466 alium
414 4412 580 4483 Polycratem
589 4432 736 4488 episcopum
751 4420 922 4487 Eslassiuum,

130 4496 186 4535 nou
201 4483 267 4536 ruovi
279 4489 376 4552 prater
390 4498 453 4536 eum
464 4484 511 4555 qui
526 4486 555 4539 in
566 4490 754 4544 controversia
766 4438 799 4546 uie
809 4491 925 4546 celebra-

131 4551 205 4605 tione
219 4552 328 4606 Paschae
345 4553 450 4608 Victori
470 4569 503 4624 pa
523 4572 545 4609 as
566 4558 676 4625 restitit,
696 4567 723 4614 et
737 4562 926 4617 exconmuni-

129 4628 207 4678 catus
221 4629 271 4676 est.
295 4645 303 4667 ι
315 4622 433 4703 Ciuitate
446 4571 581 4704 Narium,
593 4631 679 4685 salicti
690 4631 795 4687 liastici
806 4632 926 4704 episcopi

130 4701 157 4749 et
175 4693 350 4749 coniesmns.
375 4695 506 4751 Coenobro
528 4697 662 4771 llelnone,
685 4702 828 4758 translatio
853 4704 927 4760 beati

130 4763 248 4821 Amandi
260 4764 380 4839 episcopi
394 4774 421 4821 et
435 4766 607 4827 confessoris.
623 4796 633 4821 2

165 4837 343 4894 Bnuxescnu.
373 4837 413 4893 sic
435 4837 556 4911 incipit:
587 4864 596 4888 ι
623 4842 776 4898 Translatio
803 4845 927 4916 corporis

129 4908 202 4966 beati
218 4909 337 4967 Amandi
352 4909 472 4983 episcopi
485 4918 513 4966 et
526 4912 700 4968 confessoris.
715 4912 768 4980 Qui
784 4917 927 4973 ecclesiam

130 4980 331 5053 Trajectensem
355 4997 437 5053 supra
460 4982 563 5038 Mosam
585 4983 674 5040 tribus
691 4985 772 5041 annis
793 4989 876 5058 rexit,
900 4996 927 5044 et

130 5061 190 5123 post
206 5052 395 5110 heremiticam
416 5053 503 5109 vitam
526 5053 639 5126 eligens,
665 5056 695 5111 in
718 5057 836 5130 quadam
858 5062 927 5118 cella

128 5123 287 5247 guindecim
301 5124 382 5180 annis
396 5124 489 5180 cilicio
502 5138 609 5198 semper
619 5133 707 5185 tectus
716 5137 742 5185 ct
752 5145 855 5203 aqua»
873 5140 925 5189 etc.

154 5202 234 5251 esum
248 5196 362 5270 reliqua.
378 5194 476 5252 Deficit
491 5198 622 5269 usquead
638 5215 706 5256 xxxi
721 5201 819 5259 Octob.

165 5263 343 5324 Hsosuouau.
361 5285 368 5323 :
389 5268 489 5341 ‹Apud
503 5269 701 5342 Petragoricam
714 5273 866 5343 civitatem,
881 5274 925 5332 de-

165 5334 229 5390 sitio
241 5339 328 5395 ancti
341 5338 489 5396 Frontonis
505 5340 634 5414 episcopi.
644 5341 696 5410 Qui
713 5345 804 5402 Romae
819 5363 834 5401 a
848 5345 926 5403 beato

145 5411 210 5485 etro
227 5410 348 5533 epistole
364 5412 507 5484 episcopus
520 5412 663 5469 ordinatus
677 5424 727 5484 est,
743 5433 806 5473 cum
822 5417 925 5489 Grego-

129 5490 171 5556 rio
191 5490 252 5547 pres
272 5485 359 5558 ytero,
376 5498 456 5553 quem
473 5501 521 5557 per
534 5486 649 5556 apostoli
665 5486 737 5543 Petri
754 5488 880 5545 baculum
896 5490 924 5544 iu

129 5554 229 5602 itincre
243 5562 348 5630 socrum
363 5550 397 5607 de
411 5562 499 5610 morte
513 5557 616 5629 recepit
629 5557 737 5627 vivum,
751 5567 778 5614 et
797 5559 832 5615 ad
852 5577 926 5632 prra-

128 5618 233 5702 dictam
262 5632 375 5701 pensons
403 5622 556 5695 civitatem,
585 5643 710 5700 magnam
736 5630 814 5686 ithus
837 5632 926 5704 gentis

143 5686 337 5747 -...n‚emhnetn
350 5693 488 5750 wnsertit
502 5695 536 5751 ad
550 5696 700 5755 Christum.
717 5700 770 5756 iste
785 5717 847 5758 cum
865 5704 925 5759 Do-

981 4420 1112 4486 Amamli,
1126 4420 1266 4475 trsnslatio
1281 4420 1403 4491 corporis
1421 4428 1448 4475 ct
1462 4420 1603 4478 dedicatio
1616 4424 1751 4481 ecclesias.
1766 4448 1776 4471 ι

1018 4492 1239 4547 itinerarium:
1263 4493 1379 4548 «Sancti
1399 4492 1518 4549 Amandi
1538 4494 1714 4554 confessoris
1731 4496 1783 4552 Lu·

982 4561 1064 4629 ciani,
1078 4562 1207 4617 Marciani
1219 4571 1246 4618 ct
1261 4564 1345 4619 Flori.
1361 4587 1370 4612 ι
1394 4563 1460 4618 Vide
1476 4580 1566 4636 supra.

1018 4635 1116 4689 Eorum
1133 4634 1327 4691 Lucano-Con.
1342 4653 1348 4691 :
1369 4634 1502 4692 «Colania
1515 4635 1676 4708 Agrippina,
1689 4636 1720 4694 in
1729 4654 1780 4696 co-

982 4704 1064 4761 ciesia
1087 4714 1187 4760 sancta
1207 4706 1297 4761 blaciae
1324 4705 1357 4761 ad
1381 4706 1497 4774 Gradus,
1520 4709 1623 4764 festum
1647 4708 1784 4769 aduentus

982 4784 1082 4832 saresta
1093 4777 1188 4833 Crucis
1204 4777 1317 4833 Christi.
1335 4779 1436 4845 Roma,
1453 4778 1542 4834 natale
1556 4780 1646 4837 sancti
1661 4780 1783 4838 Erasisti

982 4864 1057 4919 papa
1072 4857 1099 4904 et
1115 4849 1253 4919 martyris.
1269 4850 1322 4915 Qui
1339 4857 1453 4922 quartus
1468 4858 1528 4921 post
1541 4851 1656 4907 beatum
1670 4853 1782 4911 Petrnru

982 4921 1148 4991 apostolum,
1173 4921 1321 4977 Romanam
1349 4921 1503 4990 gubernans
1525 4922 1678 4980 Ecclesiam
1703 4922 1784 4983 aunis

982 5008 1093 5059 nouom,
1115 4992 1166 5047 sub
1181 4991 1297 5064 Trajano
1317 4992 1440 5066 principe
1464 4994 1598 5067 martyrio
1624 5003 1783 5063 corouttttt,

982 5065 1105 5135 sepultus
1119 5070 1159 5119 est
1170 5061 1251 5135 juxta
1274 5080 1373 5144 corpus
1395 5065 1468 5123 beati
1492 5066 1566 5122 Petri
1588 5066 1617 5122 in
1636 5066 1782 5125 Vaticano.

983 5135 1033 5191 Hic
1046 5135 1200 5203 coristituit,
1221 5142 1252 5190 ut
1268 5136 1427 5209 coniugium
1451 5153 1467 5193 a
1489 5138 1651 5209 parentibus
1674 5138 1783 5212 publice

982 5207 1191 5277 responderetur
1204 5214 1231 5262 ct
1244 5154 1343 5263 dcinrie
1359 5225 1374 5263 a
1390 5208 1529 5266 sacerdote
1550 5210 1717 5268 solemniter
1732 5210 1782 5268 lte-

981 5279 1163 5334 ncdiccretur.
1178 5302 1187 5324 ·
1210 5276 1279 5334 Vide
1292 5280 1392 5337 melius
1407 5281 1588 5337 Hacnuornu.
1603 5280 1738 5357 Sequitur
1749 5280 1781 5340 dt

981 5349 1129 5417 Africanis,
1153 5349 1218 5406 satis
1235 5367 1310 5422 puro.
1328 5352 1421 5408 Tum:
1446 5350 1576 5409 ‹Eodem
1601 5353 1659 5423 die,
1681 5360 1779 5412 anon

981 5420 1095 5493 Pelagine
1110 5422 1235 5493 virginis.
1255 5422 1394 5488 Quacum
1409 5433 1546 5496 peteretur
1559 5440 1575 5480 a
1588 5426 1713 5498 quodam
1728 5440 1774 5483 no

980 5490 1030 5547 biii
1045 5493 1216 5549 adolescente
1236 5494 1263 5548 in
1285 5494 1367 5568 conju
1386 5511 1440 5564 cnr,
1463 5496 1521 5568 ipsa
1545 5498 1635 5553 tonsis
1659 5496 1769 5555 crinibn

980 5571 1008 5618 et
1029 5563 1124 5643 habitu
1140 5563 1226 5631 virili,
1245 5566 1315 5621 clam
1335 5512 1442 5640 auiugit
1457 5576 1484 5624 ct
1499 5568 1701 5625 monasterium
1716 5584 1764 5643 pro

979 5632 1185 5691 lectissimorum
1199 5636 1395 5694 rruonachorum
1412 5639 1537 5708 intravit,
1553 5646 1581 5695 et
1595 5639 1624 5697 in
1638 5656 1671 5697 co
1686 5640 1761 5699 omni

980 5705 1031 5762 bus
1045 5707 1184 5780 incognita
1200 5724 1284 5782 usquc
1298 5710 1332 5765 ad
1349 5720 1463 5768 mortem
1479 5713 1536 5767 ileo
1550 5711 1652 5768 deuota
1664 5712 1753 5769 secun
