3834 6136
60 250 118 308 nat

632 242 680 301 BE
699 241 889 301 utnuctttts
909 243 936 302 S.
958 242 1160 304 BENEDICTI.

1554 301 1561 307 .
1668 248 1721 308 9²6

60 401 200 481 postridie
212 400 279 457 helii
295 401 385 456 exacti
402 399 470 456 hora
485 399 603 458 ferediei
615 407 712 457 octava
727 407 861 456 monaste·
878 399 902 459 Α
917 400 1008 458 dictus
1018 400 1153 458 vocabulo
1165 402 1232 460 Obie
1246 401 1335 474 Ligeri
1350 402 1534 474 immergitur,
1553 419 1635 476 snpra
1648 404 1720 479 ejus·

61 493 137 551 rium
154 489 292 564 pervenit,
304 489 420 563 diroque
435 491 535 547 nuntio
544 490 700 547 coenobium
715 505 796 547 omne
808 506 866 562 per·

60 582 142 640 cnlit.
164 578 281 636 Nuntiat
300 595 419 651 namque
437 579 658 636 cruentissimam
677 578 779 636 cadem
798 595 868 635 nos-

61 680 183 738 trornm,
204 666 425 725 adversariorum
442 669 582 725 victricem
601 668 727 724 insistere
743 684 865 737 manum,

59 760 159 833 copias
173 773 270 814 omnes
285 772 349 813 cum
363 758 478 814 auxiliis
495 758 560 814 hinc
574 757 639 814 inde
654 758 803 815 contractis
817 756 868 816 hac

59 850 184 921 illacque
199 846 271 918 fuge
287 844 413 901 subsidio
425 847 554 918 dilapsas,
571 846 700 903 ductores
713 847 780 903 belli
796 845 866 903 Odo-

60 954 139 1006 nem,
151 935 320 1006 fratremque
335 934 411 989 illius
427 934 605 990 Guillelmum
617 935 746 991 comitem
758 934 866 991 Blescn·

60 1028 148 1092 sium,
168 1025 321 1081 Teutonem
337 1023 457 1096 deniqne
471 1022 595 1087 abbatem
618 1023 646 1079 S.
661 1024 784 1092 Martini,
800 1024 866 1080 Gui-

60 1117 163 1173 donem
189 1113 320 1170 comitem
346 1111 579 1169 cenomanensem
605 1128 667 1168 cum
690 1112 786 1169 multis
804 1112 866 1169 aliis

61 1206 162 1279 amplae
172 1203 315 1278 opinionis
325 1202 395 1257 viris
405 1209 522 1256 mortem
534 1201 690 1273 oppetiisse.
698 1201 758 1269 Quo
766 1202 866 1258 nuntio

61 1294 184 1370 grauiter
194 1291 290 1350 afflicti
304 1291 413 1358 fratres,
425 1289 619 1345 ad-DomInum
631 1292 801 1347 exorandum
817 1307 865 1362 pro

60 1390 141 1441 tanta
155 1380 306 1441 Christiani
326 1378 421 1452 populi
439 1377 512 1435 caede
527 1394 555 1434 se
576 1379 760 1435 intentissime
774 1380 865 1436 confe-

59 1485 141 1534 runt.
157 1475 235 1532 Licet
251 1474 324 1530 enim
343 1471 455 1545 quidam
478 1470 601 1540 illorum,
623 1471 669 1544 qni
686 1480 763 1528 tanto
783 1473 865 1529 inter·

64 1569 146 1624 fuere
154 1564 320 1633 discrimini,
331 1563 450 1619 nimium
461 1560 538 1633 gravi
552 1561 705 1617 infortunIo
720 1578 762 1616 res
772 1562 864 1619 Eccle-

59 1657 112 1712 siae
124 1653 182 1727 juri
192 1653 326 1720 subditas,
340 1668 395 1708 non
405 1650 494 1707 dicam
507 1658 673 1723 premerent,
687 1651 742 1706 imo
755 1650 865 1721 penitus

921 489 984 546 dem
999 490 1107 546 fluvioli
1124 506 1152 547 se
1168 499 1256 547 astare
1276 491 1426 564 marginem
1441 509 1446 548 :
1463 507 1498 547 ex
1512 492 1567 547 alia
1580 508 1646 549 vero
1660 493 1721 566 ripa

922 579 1028 651 praefati
1055 580 1190 648 fluminis,
1218 581 1374 652 quemdam,
1404 582 1505 652 ignotas
1528 581 1582 638 sibi
1607 581 1719 655 quidem

922 667 1027 736 forma,
1050 668 1097 725 sed
1118 676 1212 725 tamen
1230 669 1379 726 venerandi
1401 671 1497 725 vultus
1520 677 1609 726 astare
1633 669 1721 726 cleri-

921 774 984 814 cum
1000 759 1040 830 (id
1053 765 1091 814 est
1105 758 1296 830 monachum),
1316 759 1364 831 qui
1386 758 1485 817 baculo
1505 757 1580 831 quod
1599 757 1721 830 gestabat

922 848 1038 904 incurvo
1048 864 1124 904 more
1134 856 1256 904 veterum
1267 849 1436 914 antistitum,
1447 850 1600 904 maximnm
1612 863 1720 920 gregem

921 938 996 994 suilli
1020 937 1127 1010 pecoris
1151 937 1318 1011 aprofundo
1342 937 1456 1010 ejiciens
1470 954 1559 1010 aquas,
1578 954 1638 994 mm
1653 953 1721 993 ver-

921 1043 967 1083 sus
981 1034 1096 1099 partem,
1111 1043 1165 1099 qua
1181 1028 1330 1100 praedictus
1349 1028 1502 1084 monachus
1516 1036 1588 1085 stare
1602 1026 1722 1085 videba-

920 1127 977 1189 tur,
990 1135 1053 1176 cum
1071 1136 1170 1191 magno
1185 1119 1343 1191 impellebat
1358 1119 1484 1190 strepitu.
1505 1118 1721 1191 Expergefactns

920 1208 1004 1264 frater
1013 1216 1074 1280 post
1089 1210 1274 1280 expiationem
1286 1208 1370 1264 officii
1386 1207 1527 1275 nocturni,
1539 1214 1653 1263 evocato
1671 1224 1720 1262 sa-

919 1300 1023 1355 cretius
1043 1297 1202 1354 monasterii
1222 1297 1338 1364 decano,
1357 1295 1496 1352 somnium
1512 1295 1606 1362 refert,
1621 1295 1721 1351 horta-

920 1396 1019 1460 turque
1031 1394 1062 1443 ut
1075 1403 1139 1443 oum
1155 1387 1287 1443 iratribus
1306 1386 1422 1442 llnvium
1441 1382 1569 1457 piscandi
1587 1382 1721 1439 aviditate

919 1483 1052 1546 expetat:
1079 1491 1128 1547 pro
1145 1482 1221 1531 certo
1245 1489 1272 1529 se
1295 1475 1375 1542 eolre,
1401 1474 1466 1547 quia
1480 1472 1584 1532 Christi
1600 1472 1720 1529 dilectus

920 1567 999 1622 miles
1013 1565 1250 1623 commilitonibus
1271 1566 1328 1622 suis
1347 1564 1613 1623 abundantissimam
1630 1563 1718 1635 largi-

921 1664 998 1712 turus
1011 1657 1064 1712 erit
1077 1657 1195 1728 piscium
1211 1656 1340 1728 praedam.
1357 1656 1414 1713 Hoc
1427 1657 1547 1728 denique
1562 1654 1718 1725 significare

59 1744 160 1819 gentili
176 1759 250 1799 more
264 1742 422 1807 auferrent;
443 1748 534 1796 tamen
553 1739 681 1796 humanas
695 1739 794 1796 affectu
810 1757 864 1796 na·
878 1755 901 1814 B
919 1744 1021 1812 visum,
1037 1762 1100 1801 curn
1116 1747 1211 1817 procul
1229 1744 1314 1800 dubio
1335 1762 1396 1801 sues
1418 1745 1515 1817 pisces,
1532 1746 1626 1816 ignota
1639 1758 1716 1809 uero,

59 1841 142 1900 turae,
158 1847 300 1888 serrorum
312 1829 362 1886 Ilei
373 1828 457 1885 corda
470 1845 525 1900 praa
534 1827 629 1884 dolore
643 1843 777 1885 concussa
786 1836 861 1895 sunt,

60 1921 196 1978 memoria
210 1919 362 1976 recolentes
381 1917 448 1990 quid
469 1917 568 1973 anima
592 1923 796 1987 perseverantes
810 1932 864 1971 ex-

59 2019 149 2068 trema
166 2009 219 2066 sub
242 2009 303 2065 luce
327 2006 355 2064 in
380 2007 460 2063 malis
484 2004 557 2078 apud
581 2005 685 2060 Inferos
700 2004 861 2076 patiantur:

60 2097 164 2172 quibus
180 2096 349 2155 cruciatibus
370 2102 560 2168 torqueantur,
586 2109 703 2166 quornm
720 2092 784 2149 vitae
799 2092 864 2149 tinis

60 2184 176 2243 exitiale
196 2183 365 2256 stipendium
389 2184 501 2239 meruit.
525 2181 709 2249 Quamobrem
733 2181 862 2254 precepti

59 2274 152 2337 divini
168 2289 313 2342 memores,
329 2272 447 2330 dicentis
465 2290 470 2328 :
489 2272 569 2328 Orate
584 2287 636 2342 pro
649 2271 863 2342 persequentibus

59 2371 85 2421 rt
96 2363 323 2422 calumniantibus
333 2379 388 2429 uos,
403 2368 433 2416 nt
447 2362 505 2416 sitis
519 2361 570 2434 filii
584 2361 675 2416 Putris
684 2360 764 2415 cestii
776 2360 823 2430 qui
835 2360 864 2413 in

59 2456 134 2512 retis
148 2461 206 2511 est:
229 2454 276 2527 qui
295 2455 375 2509 solem
390 2469 466 2508 suum
486 2452 553 2524 fucit
566 2452 636 2506 oriri
657 2468 736 2523 super
750 2451 829 2506 bonos
840 2456 864 2505 et

60 2546 159 2612 mulos,
178 2549 203 2599 et
218 2543 290 2615 pluit
313 2559 392 2614 super
409 2541 499 2611 iustos
518 2547 542 2596 et
560 2540 672 2611 injustos
688 2541 795 2608 (Maru.
812 2542 860 2611 vi:

59 2635 204 2694 communi
219 2634 337 2692 consilio
350 2651 399 2707 pro
415 2632 459 2690 his
478 2648 570 2705 preces
583 2632 616 2687 ad
631 2630 780 2687 Dominum
795 2632 864 2688 fun-

46 2724 126 2782 ·dere
147 2731 290 2791 statnuut;
314 2731 449 2796 quatenus
463 2720 515 2777 etsi
537 2722 674 2794 perpetuis
697 2735 752 2775 non
771 2735 863 2776 mere-

59 2821 161 2871 rentur
175 2810 282 2869 amolvi
297 2810 476 2879 cruciatibus,
488 2810 584 2866 saltem
596 2808 774 2866 mitioribus·
785 2808 864 2864 mul-

59 2906 192 2957 tarentur
205 2915 221 2955 a
235 2901 330 2957 stricto
342 2899 439 2957 iudice
454 2899 552 2972 poenis.

354 3015 468 3074 CAPUT
487 3015 577 3071 XXII.

918 1834 965 1890 sed
980 1834 1124 1891 reverendi
1141 1834 1252 1890 habitus
1274 1849 1399 1905 persona,
1415 1849 1553 1888 summum
1567 1830 1719 1905 portende-

918 1930 960 1978 ret
973 1921 1165 1978 BenedIctum.
1189 1923 1334 1980 lioboratis
1355 1922 1406 1978 bac
1421 1922 1528 1977 visione
1542 1919 1643 1977 animis
1658 1921 1719 1976 Ira-

918 2021 1002 2079 trum,
1026 2012 1152 2068 certatim
1167 2011 1271 2068 retibus
1286 2011 1396 2083 paratis,
1417 2011 1540 2066 curritur
1554 2008 1589 2066 ad
1603 2009 1718 2077 ssnrnen,

918 2101 1064 2173 pansisque
1080 2101 1145 2156 hinc
1160 2100 1224 2156 inde
1236 2100 1368 2167 cassibus,
1384 2097 1549 2172 squamigeri
1565 2096 1653 2170 gregis
1667 2113 1720 2153 co-

918 2187 963 2259 pia
983 2186 1167 2244 exuberanter
1186 2187 1358 2244 abstrahitur
1374 2202 1492 2259 aequum,
1516 2193 1647 2259 tantaque
1666 2183 1720 2242 tuit

920 2285 1062 2349 captorum
1073 2277 1189 2350 piscium
1205 2276 1386 2344 abundantia,
1401 2283 1432 2331 ut
1446 2291 1540 2331 eorurn
1554 2273 1661 2330 evectio
1674 2289 1719 2328 ve·

921 2368 1015 2424 liioulo
1035 2377 1135 2440 egeret.
1158 2366 1243 2439 dtqui
1267 2371 1382 2422 noverat
1401 2363 1498 2419 beatus
1518 2363 1598 2419 Pater
1615 2361 1720 2418 tirones
1816 2358 1819 2363 ’

920 2471 984 2512 snos
999 2456 1043 2513 his
1057 2472 1089 2513 ac
1104 2454 1216 2522 talibus,
1232 2452 1442 2526 infatigabiliter
1456 2450 1568 2508 Domini
1583 2449 1718 2507 inhaeren-

920 2556 960 2604 tes
974 2545 1127 2619 preceptis,
1143 2544 1250 2600 elevare
1264 2541 1415 2608 beneficiis,
1436 2541 1483 2613 qui
1498 2539 1608 2595 mortali
1625 2553 1718 2610 grava·

919 2647 964 2694 tus
979 2635 1070 2692 atlhuc
1083 2635 1201 2702 sarcina,
1214 2631 1359 2704 discipulis
1372 2631 1487 2703 penuria
1501 2629 1580 2702 panis
1595 2627 1718 2683 laboran-

920 2727 993 2783 tibus
1007 2741 1086 2797 opem
1107 2724 1178 2778 ferre
1199 2721 1287 2776 ualuit
1303 2720 1485 2777 ducentorum
1502 2716 1659 2773 modiorum
1680 2715 1719 2771 ia·

920 2818 987 2872 rinae
1001 2815 1158 2872 collatione.
1171 2813 1198 2869 Si
1216 2812 1302 2885 igitur
1311 2827 1425 2883 corpora
1434 2809 1567 2866 alimento
1577 2815 1720 2880 tantopere

919 2907 1024 2963 solatur
1033 2911 1153 2970 terreno,
1166 2909 1270 2975 quanto
1285 2908 1414 2975 putamus
1429 2915 1490 2954 eum
1504 2897 1648 2970 juvamine
1662 2894 1720 2951 ani·

920 3010 1026 3049 inarum
1042 2991 1124 3048 saluti
1147 2989 1283 3059 insistere,
1308 2991 1427 3063 qualiter
1448 2997 1556 3044 aeterna
1578 2984 1720 3042 felicitatis

122 3105 280 3165 Sopmnqa,
299 3107 326 3165 g,
342 3106 483 3165 Benedicti·
504 3106 572 3164 Huic
589 3104 672 3178 prm,
689 3101 811 3177 provides
881 3106 903 3167 C
921 3081 1166 3155 gaudiahonorum
1177 3088 1288 3136 actuum
1298 3079 1391 3135 onusti
1402 3076 1548 3143 fructibus,
1563 3079 1720 3131 mereantur

383 3179 548 3236 Benedictus.

99 3279 230 3336 Solemne
243 3277 340 3335 festum
361 3279 537 3354 impendebat
555 3277 583 3335 S.
599 3275 765 3335 confessoris
777 3272 864 3333 Chri-

59 3371 99 3430 sti
115 3369 268 3439 Beuedicti,
283 3371 356 3445 quod
373 3388 407 3428 ex
420 3372 507 3428 veteri
526 3369 725 3428 consuetudine
742 3376 864 3442 quotan-

60 3461 109 3518 nis
125 3458 216 3533 pridie
231 3459 372 3517 Nonarum
393 3459 586 3515 Decembrium
602 3459 703 3531 agitur,
724 3474 779 3531 quo
793 3473 865 3514 cou-

59 3556 166 3605 rentns
188 3549 340 3605 multorum
366 3546 531 3620 populorum
556 3546 591 3602 ob
612 3547 683 3603 tanti
703 3547 864 3602 memoriam

59 3637 153 3695 Patris
167 3638 306 3695 continere
321 3635 488 3692 monasterio
503 3637 572 3693 solet
589 3655 594 3693 :
616 3646 745 3710 praterea
765 3651 866 3692 servo-

60 3745 127 3786 rum
150 3727 200 3785 liei
223 3727 470 3800 religiosorumque
487 3742 542 3781 non
564 3725 766 3783 contemnenda
787 3723 866 3797 copia

60 3817 200 3875 virorum.
223 3817 281 3874 llos
296 3824 387 3872 autem
408 3815 497 3888 prisca
518 3815 666 3888 procedens
687 3821 766 3871 aetate
789 3814 866 3869 mul-

60 3912 120 3962 tarn
135 3906 282 3977 occupavit
298 3911 497 3976 tempestatem,
517 3903 691 3960 liberalitatis
707 3902 793 3976 gratia
806 3910 868 3976 post

60 3994 200 4070 spiritalis
214 3993 373 4051 relectionis
388 3991 655 4048 abundantIssimum
671 3990 786 4059 donum,
800 4007 867 4047 cor-

60 4101 132 4157 pora
159 4100 267 4157 qnoque
292 4091 402 4139 terreno
425 4080 630 4138 accuratissime
654 4078 765 4135 reficere
792 4079 865 4136 cibo.

60 4171 119 4230 Sed
132 4188 196 4229 cum
219 4171 391 4228 diversarum
412 4176 559 4243 apparatus
573 4168 713 4240 copiarum
738 4167 804 4223 huic
828 4167 867 4223 rei

59 4262 277 4334 congruentium
288 4261 354 4317 hinc
365 4259 429 4316 inde
439 4259 598 4332 proflueret,
608 4256 867 4330 pisciumomnimo·

59 4350 109 4409 dis
121 4348 215 4406 deerat
234 4348 386 4415 affluentia,
405 4364 465 4421 quta
480 4353 562 4402 tantae
575 4345 726 4402 celebritati
745 4346 868 4418 aliqnan-

921 3176 1023 3232 intrare
1039 3172 1189 3229 letantes?

1202 3312 1316 3372 CAPUT
1336 3310 1429 3366 XXIII

1103 3410 1171 3468 Pede
1187 3417 1298 3480 utroque
1311 3407 1403 3463 debilis
1418 3410 1536 3461 senatur.

954 3535 1091 3609 Opinione
1101 3534 1184 3605 vulgo
1195 3530 1288 3587 orbem
1300 3537 1469 3605 penetrante,
1489 3528 1604 3601 gratiam
1615 3510 1724 3590 Christi,

919 3623 1103 3700 prestabilem
1118 3622 1212 3679 adfore
1223 3620 1378 3694 quibusque
1392 3616 1556 3675 mortalibus
1569 3618 1719 3674 incommo-

920 3715 1007 3772 ditate
1020 3727 1151 3785 corporea
1166 3709 1365 3777 laborantibus,
1388 3707 1423 3765 ad
1442 3707 1538 3763 limina
1553 3704 1720 3765 contessoris

921 3804 1024 3864 Christi
1039 3799 1181 3859 Benedicti
1203 3815 1310 3871 coepere
1324 3797 1507 3870 undecunque
1523 3793 1721 3853 monasterinm

921 3899 1022 3966 petere,
1046 3897 1180 3963 quatenus
1200 3885 1331 3959 optabilis
1353 3883 1493 3956 sospitatis
1506 3889 1647 3955 compotes
1662 3896 1721 3938 esso

922 3982 1056 4038 ualerent.
1067 3978 1100 4034 In
1111 3985 1247 4034 tereacum
1258 3972 1372 4048 reliquis
1385 3972 1496 4047 quidam
1512 3979 1630 4044 utroque
1643 3968 1720 4027 debi-

921 4071 956 4127 lis
973 4084 1076 4141 gressu,
1092 4067 1138 4122 cui
1161 4081 1303 4137 nunquam
1326 4063 1442 4135 pedibus
1455 4077 1616 4118 concessum
1631 4059 1722 4118 fuerat

921 4155 974 4210 iter
989 4168 1095 4225 capere,
1111 4151 1159 4207 sed
1175 4151 1260 4223 magis
1274 4150 1466 4206 scamellorum
1479 4148 1633 4220 juvamine,
1648 4148 1722 4221 genI·

922 4247 992 4303 culis
1007 4260 1035 4300 se
1049 4259 1097 4316 per
1109 4250 1212 4299 terram
1227 4248 1341 4297 noverat
1355 4239 1475 4304 trahere,
1486 4238 1595 4294 asttitit.
1612 4239 1663 4296 llic
1672 4240 1722 4297 din

922 4337 950 4392 in
970 4334 1084 4391 basilica
1101 4339 1201 4389 sanctae
1216 4330 1266 4389 Dei
1290 4328 1431 4404 genitricis
1452 4337 1645 4402 perpetuasque
1659 4329 1723 4385 uir-

60 4438 155 4496 tnlam
181 4444 322 4511 praestaret
344 4436 469 4508 gratiam.
494 4433 604 4490 Anxius
618 4433 698 4491 valde
712 4435 805 4503 abbas,
821 4434 867 4492 sed
883 4465 907 4523 D
924 4423 996 4496 ginis
1011 4422 1103 4480 ttauae
1119 4420 1190 4492 apud
1206 4435 1297 4476 sacros
1316 4418 1423 4475 cineres
1437 4416 1586 4485 excubans,
1609 4414 1722 4473 tandem

60 4533 92 4583 ct
109 4526 209 4582 fratres
223 4525 289 4581 huic
304 4523 477 4599 procurando
492 4523 600 4580 suffecti
618 4523 720 4591 officio,
741 4539 868 4597 quaqua-

62 4630 176 4672 versum
188 4613 323 4686 ditigunt,
335 4613 357 4669 si
372 4628 427 4686 quo
440 4611 523 4668 modo
537 4610 687 4684 cujustibet
699 4611 869 4670 adminiculo

61 4721 80 4760 a
98 4710 175 4760 tanta
199 4701 314 4758 relevari
339 4709 452 4775 possent
475 4700 592 4773 piscium
618 4700 742 4774 penuria.
765 4700 868 4757 Verum

62 4793 189 4850 hnmana
198 4790 345 4849 deficiente
359 4791 508 4860 industria,
519 4808 582 4849 cum
596 4790 652 4864 jam
664 4791 799 4864 desperati
813 4807 869 4848 orn·

63 4897 116 4938 nes
131 4880 245 4955 dejectis
260 4880 362 4937 animis
382 4881 453 4937 nihil
470 4881 542 4954 quod
568 4888 709 4953 sperarent
727 4881 870 4952 haberent,

924 4520 1049 4584 respectu
1058 4509 1162 4566 divina
1177 4508 1286 4581 pietatis
1295 4517 1379 4579 atque
1393 4505 1552 4562 interventu
1565 4503 1659 4561 dilecti
1669 4506 1722 4561 Do·

925 4601 992 4656 mini
1005 4597 1149 4657 Benedicti
1164 4595 1275 4653 sanitati
1290 4594 1424 4664 redditus,
1440 4595 1540 4667 gratias
1553 4594 1673 4650 Domino
1687 4592 1722 4649 si·
1785 4639 1788 4645 .

924 4690 1036 4762 mulque
1051 4684 1226 4744 intercessori
1250 4701 1300 4740 sno
1325 4700 1375 4757 pro
1398 4681 1511 4739 modulo
1532 4679 1723 4739 scientiaesibi

924 4779 1032 4834 collatae
1047 4776 1149 4834 referre
1164 4791 1220 4831 nou
1235 4773 1355 4831 distulit.
1372 4773 1442 4829 Sane
1457 4772 1522 4845 qnia
1537 4770 1663 4829 insuetus
1676 4769 1723 4826 do·

925 4867 977 4934 lor,
1000 4866 1132 4939 laborque
1158 4880 1214 4921 nou
1238 4863 1362 4920 modicus
1386 4862 1415 4919 in
1436 4861 1596 4919 extensione
1619 4858 1724 4916 diutins

63 4970 176 5029 meritis
190 4979 217 5028 et
231 4971 391 5027 interuentu
406 4971 553 5027 clarissimi
568 4986 686 5044 vereque
702 4970 843 5028 Benedicti
856 4986 872 5026 a
924 4968 1129 5017 confractorum
1145 4975 1292 5016 nervorum
1312 4957 1431 5031 grauiter
1444 4956 1562 5014 debilem
1576 4951 1722 5020 afflixerat,

62 5067 147 5117 tanto
168 5060 293 5116 moerorIs
318 5061 489 5116 suscitantur
515 5074 622 5115 somno.
650 5060 773 5116 Instante
797 5059 872 5114 enim
927 5066 1097 5122 nequaquam
1128 5048 1272 5120 repentina
1299 5045 1438 5104 celeritate
1461 5045 1586 5115 ignotum
1613 5054 1724 5112 pergere
1750 5037 1754 5048 '

64 5149 166 5224 vigilia
189 5149 326 5222 praedictae
352 5148 527 5216 festivitatis,
553 5147 664 5221 quidam
688 5146 773 5204 irater
792 5146 874 5219 juxis
927 5139 980 5195 iter
993 5137 1111 5206 valebat,
1131 5137 1220 5194 donec
1235 5135 1384 5193 titubantia
1402 5148 1499 5204 genua,
1519 5130 1614 5187 dolore
1629 5130 1724 5203 procul

65 5255 174 5296 morem
188 5248 327 5297 nocturno
342 5248 467 5312 tempore
482 5255 545 5296 cum
561 5238 693 5295 fratribus
707 5237 819 5310 proprio
834 5253 873 5293 rs.
928 5233 1044 5293 semoto,
1064 5225 1173 5282 firmius
1194 5224 1396 5280 stabilirentur.
1412 5222 1544 5279 Servatur
1559 5217 1675 5292 proinde
1695 5217 1725 5275 in

65 5327 176 5385 cubans
199 5327 283 5397 lecto,
304 5328 377 5385 vidit
401 5327 430 5383 in
454 5327 517 5385 uisu
544 5342 653 5383 amnem
677 5325 796 5398 Ligerim
817 5341 875 5381 sese
928 5306 1725 5387 d⁰m0passper¹1mh⁰⁸piii⁰dtpui⁸iasibiqutsllffissiess·

65 5418 285 5491 transpositum,
309 5425 391 5492 atque
407 5419 435 5475 in
455 5417 528 5487 loco,
552 5434 606 5491 qno
621 5416 754 5473 tinulolus
768 5415 876 5488 vulgari
928 5421 984 5470 tem
1006 5409 1059 5469 sibi
1082 5425 1205 5483 agapem,
1230 5424 1294 5467 cum
1318 5405 1433 5479 reliquis
1456 5404 1568 5479 ptochio
1582 5409 1723 5476 πτωχιῑον,

105 5535 117 5562 ·
140 5522 272 5580 Veterum
298 5522 481 5595 quorumdam
504 5521 641 5580 sententis
659 5521 723 5592 fuit,
745 5521 876 5578 vivorum
930 5519 1053 5576 nondum
1075 5518 1110 5574 ah
1127 5513 1253 5574 Ecclesia
1270 5514 1405 5571 damnata
1426 5510 1563 5569 contraria
1578 5518 1619 5568 est
1632 5510 1726 5568 schola

68 5594 211 5665 suffragiu
232 5594 329 5651 mitius
356 5593 452 5650 haberi
472 5594 638 5651 damnatos:
664 5593 710 5650 cni
734 5592 877 5650 sententiae
931 5590 1114 5664 posterIorum
1127 5587 1328 5659 theologorum.
