3834 6136
95 198 148 254 iii
631 201 948 259 uinriinoiociuu.
968 230 1003 243 -
1023 199 1127 258 irene.
1149 199 1222 258 iuri.
1702 164 1753 250 i'ie

91 322 121 377 iii
132 318 322 377 eremoduxit
334 320 693 396 vitam,palliumquesuum
706 323 822 395 pedibus
832 341 897 380 con·
911 327 936 385 Α
952 330 1080 396 tanquam
1096 331 1188 380 textus
1203 338 1285 394 pars:
1310 347 1318 370 ι
1334 323 1364 377 lii
1379 322 1532 393 campania,
1548 319 1648 376 natalis
1662 315 1752 398 sancti

90 393 207 450 culcans
227 390 338 448 dicebat
364 392 502 447 nemiuem
531 410 609 465 posse
634 394 694 450 lieri
718 395 895 464 monachum,
950 395 1094 462 Erasini»
1117 403 1169 451 etc.
1190 396 1221 450 ln
1238 393 1311 449 line:
1333 394 1408 449 «Die
1422 392 1552 458 secunda,
1567 390 1752 459 sanctipatris

89 464 146 520 nisi
162 463 211 536 qui
231 463 272 520 sic
285 463 380 519 animo
395 464 489 519 emnia
503 467 698 522 conculcasset.
714 491 723 513 ·
751 466 822 522 Vide
836 482 896 541 quaa
949 466 1097 538 Nicepbori
1113 465 1276 522 Patriarehae
1292 464 1546 534 Constantinopolis
1555 460 1744 540 contessoris.»

89 535 123 592 de
139 535 193 591 hoc
207 533 342 590 Zacharia
356 535 490 612 dicuntpr
504 536 577 592 inter
592 537 803 593 Praetermissos.
950 537 1021 595 Vide
1035 556 1086 593 xiii
1102 539 1202 593 Martii.
1217 539 1286 591 Tum
1303 537 1377 608 typis
1394 536 1548 590 minoribus
1568 551 1573 588 :
1598 534 1649 587 «ln
1665 539 1751 610 terri7

126 608 239 662 liciis.
254 605 283 661 iii
308 606 398 676 prima
415 615 442 663 et
457 607 562 679 puriori
587 609 708 665 editione
723 609 805 665 hebet
823 625 895 682 aug·
949 609 1021 664 torio
1038 609 1224 679 lugdunensi,
1245 608 1383 679 depositio
1404 607 1477 661 beati
1493 605 1580 676 Algisi
1596 602 1749 680 presbyteri

89 687 217 735 mentum
232 677 266 733 de
289 678 415 742 Erasmo,
428 687 459 734 ut
472 695 571 750 supra;
588 689 615 736 et
628 681 703 752 typis
721 681 893 736 minoribus:
950 688 976 735 et
990 681 1165 736 contessoris.
1195 679 1385 745 Sendumiriae,
1403 675 1592 732 anniversaria
1606 673 1750 729 celebritas

95 772 104 796 ι
123 749 252 820 Martyrii
268 748 509 830 monachi,dequo
523 750 552 804 iri
566 751 672 823 Dialog.
685 751 889 822 BCregorius.»
949 752 1048 822 stragis
1063 762 1214 823 martyrum
1230 750 1332 806 Christi
1348 767 1396 822 per
1411 749 1601 804 excursionem
1618 746 1751 799 Tartaro-

87 822 177 878 Netus
193 820 263 875 mihi
280 827 403 886 nonest,
419 821 564 877 Editiones
585 824 646 878 alies
670 832 729 893 post
739 823 772 890 ju
791 825 893 891 ulatur,
949 838 1021 888 rum,
1038 840 1097 895 qum
1110 840 1207 888 niagno
1221 823 1313 893 popnli
1329 837 1464 877 concursu
1476 819 1617 882 recolitur,
1631 815 1749 869 multum

89 893 119 948 iii
134 900 214 947 textu
228 891 331 947 litteris
343 891 448 947 Italicis
462 892 618 948 immiscent
633 894 713 948 verba
729 842 806 949 beriae
819 902 846 950 et
860 909 895 948 ex
949 894 1100 949 Alexandri
1120 895 1157 949 ΙΙΙ
1172 894 1313 949 Pontillcis
1327 893 1499 963 indulgentia
1511 890 1650 969 cumulato
1665 893 1692 940 et
1704 883 1750 939 de·

88 980 121 1019 eo
147 962 252 1018 llabani
271 979 276 1016 :
313 963 415 1019 «Tunc
429 970 456 1018 et
469 964 601 1020 Ponticus
616 982 682 1036 puer
696 981 830 1020 annorum
847 981 894 1030 xv,
949 965 1047 1020 dicata.
1064 966 1229 1020 ilionasterio
1254 964 1403 1029 bastiniaco,
1430 963 1573 1018 translatio
1591 965 1749 1036 sanctorum

88 1035 255 1106 peremnia
278 1042 481 1090 tormentorum
509 1051 682 1107 generacum
705 1037 763 1108 ipsa
777 1036 893 1092 circum·
948 1037 1062 1091 Deoilati
1077 1037 1209 1108 episcopi,
1238 1031 1746 1107 Maldegarii,Fulberti,ilinsilionis,

86 1114 166 1162 aetus
180 1113 207 1161 et
223 1113 348 1161 materna
366 1105 426 1177 ejus
439 1105 629 1163 cohortatione
657 1108 811 1176 roboratus,
830 1114 894 1162 ante
949 1106 1086 1162 lamberti
1103 1125 1134 1163 ac
1147 1109 1229 1164 unius
1244 1106 1469 1162 iunocentiuiii.·
1499 1104 1569 1160 Vide
1584 1103 1617 1158 de
1632 1097 1750 1169 singulte

87 1177 166 1233 illarii
189 1177 360 1250 martyrium
387 1179 626 1236 consummavit·
661 1178 777 1237 Accedit
794 1177 895 1235 deinde
949 1177 1197 1235 inl'raetermissis.

812 1319 1020 1333 —u

86 1402 123 1459 iil
144 1401 217 1457 Non.
1650 1398 1699 1453 Die
1718 1395 1749 1453 3.

121 1493 154 1548 lii
169 1489 332 1562 Campania,
348 1491 449 1548 natalis
463 1492 550 1547 sancti
566 1492 690 1549 Herasmi
705 1496 825 1570 episcopi
835 1507 863 1555 et
873 1495 1015 1568 martyris,
1029 1495 1075 1552 hic
1088 1494 1140 1550 sub
1150 1493 1323 1550 Diocletiano
1337 1484 1743 1564 Augustoprimoplumbatis,

88 1578 192 1636 deinde
210 1577 329 1634 {ustibus
356 1576 478 1649 grauiter
497 1589 661 1648 maceratus,
678 1589 739 1651 post
759 1583 858 1652 resine,
879 1585 1021 1656 sulphure,
1037 1582 1162 1656 plumbo,
1186 1583 1255 1655 pice,
1278 1598 1339 1639 cera
1361 1581 1476 1653 oleoque
1491 1578 1628 1650 perfusus,
1646 1576 1749 1631 illaesus

89 1668 226 1741 apparuit.
243 1665 348 1722 Deinde
363 1665 415 1721 sub
428 1666 608 1735 Maximiano,
624 1667 741 1725 diversis
760 1680 843 1745 atque
860 1672 1070 1728 immanissimis
1089 1671 1233 1743 suppliciis
1256 1670 1404 1737 cruciatus,
1424 1667 1548 1729 taudem,
1564 1673 1680 1721 vocante
1695 1664 1747 1718 Do-

86 1757 175 1824 mino,
191 1762 288 1812 sancte
306 1754 362 1811 fine
377 1756 496 1828 quierit.
522 1757 602 1827 Apud
616 1758 740 1817 Aretium
754 1762 896 1820 civitatem
907 1760 1024 1829 Tusciae,
1038 1769 1197 1817 sanctorum
1210 1767 1362 1832 martyrum
1373 1756 1530 1828 Pergentini
1544 1763 1571 1809 et
1584 1751 1747 1808 Laurentini

84 1846 216 1914 fratrum,
231 1845 280 1919 qui
294 1845 486 1917 persecutione
498 1845 575 1902 Decii
586 1862 651 1902 curii
670 1856 760 1904 essent
774 1851 863 1922 pueri,
883 1858 944 1924 post
955 1851 1025 1907 dura
1039 1849 1175 1924 supplicia
1185 1849 1301 1905 tolerata
1318 1853 1346 1904 et
1367 1863 1465 1919 magna
1479 1845 1613 1900 miracula
1627 1851 1747 1917 ostensa,

85 1934 179 2008 gladio
197 1933 261 1990 cesi
277 1939 352 1989 suut.
370 1932 489 1990 Ciuitate
500 1922 637 2004 Corduba,
653 1934 725 1994 beati
741 1940 816 1997 isaac
826 1942 1021 2015 monachi,qui
1032 1959 1095 1998 cum
1110 1949 1181 1998 esset
1192 1956 1329 1997 annorum
1340 1938 1441 2011 viginti
1458 1947 1485 1995 et
1498 1945 1613 2010 septem,
1629 1951 1679 2006 pro
1691 1932 1746 1990 fide

85 2027 191 2086 Christi
206 2025 300 2100 gladio
314 2032 429 2082 necatus
442 2033 492 2082 est.
513 2026 545 2083 lu
560 2027 702 2085 territorio
717 2029 972 2101 Aurelianensium,
987 2031 1075 2088 sancti
1094 2029 1199 2087 Lilardi
1216 2028 1372 2101 presbiteri.

858 2155 883 2212 N
908 2156 929 2212 Τ
970 2201 977 2213 .

119 2246 186 2303 Puri
201 2254 269 2304 suut
280 2247 405 2318 Protea„
422 2248 610 2322 Aethopiam,
625 2251 822 2322 Haeduico,
837 2155 984 2324 Maioriani,
1003 2254 1113 2311 Greueu.
1130 2260 1157 2310 et
1171 2253 1273 2313 Melae.

699 2376 902 2435 VAlllAN'l'ES
929 2377 1135 2437 Lectiones

119 2469 234 2526 Erasmi
248 2478 320 2527 reete
338 2470 465 2527 scribunt
480 2471 604 2527 Pratens.
624 2482 650 2529 et
664 2473 778 2542 Melan,
794 2476 889 2532 Μαι·
904 2478 925 2536 Β
940 2478 996 2533 lnn.
1013 2484 1145 2548 putarunt
1168 2490 1196 2531 se
1220 2474 1289 2530 bene
1312 2471 1465 2531 correxisse
1482 2470 1624 2541 Lipiurdi,
1648 2469 1696 2524 ubi
1716 2471 1747 2526 iu

81 2542 203 2608 Labeo,
219 2543 348 2598 Ercsimi.
366 2542 464 2600 Ceteri
478 2559 540 2599 cum
557 2543 711 2612 listinien,
722 2545 887 2616 rosiacen„
941 2547 1145 2620 antiquioribus
1159 2545 1268 2613 leifardi
1283 2545 1415 2684 requisiit,
1436 2542 1482 2614 qui
1506 2543 1656 2596 multorum
1675 2541 1746 2598 solet

83 2612 238 2693 Rosweyd.
255 2621 282 2669 et
303 2614 365 2670 aliis
381 2613 492 2685 passim,
508 2615 633 2671 Herasmi
646 2634 658 2680 ‚·
674 2616 747 2689 qued
763 2619 790 2672 iii
809 2625 888 2674 textu
942 2635 1000 2675 esse
1028 2618 1161 2690 pruritus.
1186 2618 1244 2687 Ego
1270 2616 1302 2670 Li
1317 2615 1379 2670 ordi
1407 2612 1609 2684 preterendum
1636 2627 1745 2679 censeo,

82 2699 270 2740 servarimus.
285 2685 336 2741 Pro
347 2685 436 2756 prime
448 2686 602 2757 plumbatis,
618 2696 681 2753 etc,
697 2688 885 2747 Mar-hubac.
942 2699 1047 2759 utpote,
1063 2689 1091 2743 in
1113 2690 1230 2744 nitente
1245 2702 1288 2741 me
1307 2684 1508 2748 llensehenius,
1523 2685 1612 2752 aptius
1626 2683 1662 2736 cd
1674 2699 1747 2752 pro-

81 2764 110 2812 et
125 2756 263 2811 Munerat.
281 2766 389 2828 penum
400 2757 583 2828 primum-‚Sic
593 2759 728 2831 Antuerp.
743 2767 771 2815 et
784 2760 886 2816 Melan.
939 2761 1079 2832 prietatem
1093 2706 1216 2814 i'ruucici
1235 2757 1349 2810 nominis
1369 2772 1402 2810 ec
1427 2753 1580 2834 Teritom‘co¹
1592 2753 1683 2833 liuguu
1703 2770 1745 2834 qr·

82 2844 133 2900 pro
147 2827 284 2882 oreatus
302 2827 597 2885 habeuteecruciotus.
615 2828 733 2886 Greveu.
755 2831 829 2903 qued
858 2831 887 2887 iii
942 2831 1018 2902 cepti,
1044 2837 1122 2901 atque
1148 2828 1260 2885 amabili
1286 2827 1379 2882 indole
1400 2826 1543 2896 praeditum
1557 2824 1742 2893 supin-fimetis.

82 2899 174 2971 prima
188 2897 313 2956 editIoue
338 2905 412 2956 recte
424 2900 569 2972 scripserat
582 2901 715 2971 Aritium,
731 2905 801 2958 male
814 2903 843 2958 in
857 2918 889 2959 ea
942 2902 1046 2971 Quidni
1062 2909 1089 2958 et
1102 2900 1195 2956 eadem
1207 2899 1276 2955 ratio
1292 2898 1381 2953 valeat
1396 2913 1446 2966 pro
1461 2896 1574 2975 italicis,
1590 2894 1745 2974 llispanicis

137 2987 166 3025 in
180 2971 325 3042 sequimur
333 2971 454 3027 mutarit
463 2971 492 3026 iii
503 2972 806 3045 Arctum.iintuerp.et
814 2973 888 3029 Max·
943 2973 1078 3044 Anglicis,
1096 2978 1123 3028 et
1138 2972 1164 3028 id
1180 2969 1335 3044 genusaliis
1345 2966 1744 3024 nnllaGrsecisallinitatecon·

81 2987 185 3098 iblbec.
205 3042 453 3114 laginiensium
467 3050 495 3098 et
516 3043 645 3100 Valentini
658 3060 708 3117 pro
720 3045 887 3101 mutuemini.
940 3043 1056 3118 junctis,
1072 3043 1180 3099 utalibi
1195 3041 1375 3098 ostendimus.
1397 3037 1524 3110 Episcopi
1539 3037 1637 3093 titulus
1652 3051 1746 3109 perpe·

82 3113 162 3170 iaaac
186 3128 336 3194 com-mune
365 3113 549 3186 plurimorum
565 3114 667 3172 vitium
682 3125 731 3172 est.
754 3116 889 3172 Ultimum
943 3114 1236 3174 ramalium-Lubet.
1253 3111 1366 3171 Liiardo
1377 3109 1520 3167 tribuitur.

81 3199 184 3241 nomen
194 3200 272 3241 varie
279 3184 448 3258 exprimitur
463 3203 469 3242 :
481 3186 630 3256 Munerat,
642 3185 772 3256 Greuen„
784 3195 811 3243 et
825 3187 889 3245 blo-

773 3309 1075 3368 OBSERVATIONES.

116 3406 228 3464 illucue
247 3405 277 3463 iu
302 3405 397 3479 paucis
423 3406 530 3464 Erasini
553 3414 691 3464 certamen
707 3409 736 3465 in
750 3407 886 3465 hodierno
940 3409 1039 3465 Nostro
1051 3416 1203 3477 contracto,
1214 3408 1335 3465 Notkero
1344 3405 1427 3478 paulo
1436 3403 1578 3461 liberalius
1587 3402 1745 3462 hauriente.

80 3477 207 3534 Romano
220 3485 247 3533 et
261 3478 351 3546 Actis,
367 3477 412 3534 die
423 3478 587 3551 precedenti
598 3479 694 3537 referri
708 3481 886 3537 notissimum
941 3480 1042 3536 Omnia
1055 3480 1201 3552 desumpta
1214 3487 1322 3536 suntex
1331 3477 1449 3534 uetustis
1458 3476 1545 3540 Actis,
1558 3472 1745 3548 qualiaedidit

78 3557 134 3618 cst,
154 3566 206 3606 nec
223 3550 317 3605 miuus
332 3557 438 3606 certmu
454 3549 482 3604 in
498 3550 724 3622 hieronymianis
733 3558 761 3607 et
776 3551 887 3608 Rabauo
941 3551 1143 3619 Henschenius,
1159 3551 1194 3607 iis
1208 3557 1239 3606 ut
1257 3549 1404 3605 minimum
1429 3547 1516 3602 navis
1535 3562 1578 3600 res
1597 3561 1667 3611 ersa,
1682 3560 1744 3617 que

78 3637 112 3676 ea
128 3621 188 3692 ipsa
200 3620 246 3677 die
260 3620 405 3688 celebrari,
420 3627 446 3676 et
459 3621 494 3677 ab
513 3620 567 3678 boc
581 3622 693 3694 quidem
707 3638 771 3679 cum
784 3622 884 3694 elogio.
941 3623 1089 3695 originalia
1103 3638 1159 3677 noir
1176 3637 1235 3677 esse
1249 3621 1330 3677 facile
1344 3618 1500 3700 ostendant.
1517 3561 1645 3697 ifrotiigia
1660 3615 1744 3671 nimis

79 3692 118 3748 At
133 3692 211 3748 enim
223 3690 275 3749 hac
286 3691 331 3748 die
342 3693 663 3749 memoraturallomano
674 3710 768 3765 parvo,
778 3692 885 3761 Adone,
941 3692 1105 3767 frequentia,
1121 3699 1249 3765 suspecta
1274 3691 1356 3747 hahet
1375 3690 1570 3769 Tillemontius
1592 3695 1669 3742 tomo
1694 3686 1743 3754 ΙΙΙ,

80 3763 211 3819 Usuardo
223 3771 250 3818 st
264 3763 395 3820 Notliero.
411 3764 477 3819 Uter
490 3763 549 3820 dies
563 3764 819 3836 praeuenisset,
831 3780 887 3821 non
941 3781 1002 3838 pag.
1018 3765 1080 3820 332.
1103 3766 1213 3820 isaacus
1230 3762 1383 3828 monachus,
1398 3758 1584 3818 Cordubensis
1598 3765 1713 3829 martyr,
1728 3772 1744 3813 a

81 3833 211 3904 disputo.
227 3833 328 3890 Adonis
345 3835 466 3906 elogium
486 3835 573 3891 ferme
586 3837 768 3908 transumpsit
778 3837 886 3893 Notlie-
901 3841 923 3900 c
939 3844 1035 3892 sancto
1049 3835 1167 3908 Eulogio
1181 3835 1344 3900 celebratus,
1361 3848 1395 3887 ex
1415 3847 1511 3887 eorum
1536 3829 1689 3886 censendus
1702 3835 1744 3909 est

80 3920 145 3971 rus,
161 3903 258 3960 addito
272 3908 394 3977 martyria
407 3907 502 3975 titulo,
519 3923 575 3963 non
592 3907 682 3963 solum
704 3908 819 3980 episcopi
839 3906 887 3964 sed
941 3924 1067 3976 numero,
1082 3923 1193 3979 quosex
1203 3905 1333 3977 llispania
1346 3903 1440 3960 attulit
1455 3901 1603 3982 Usuardus,
1619 3900 1666 3972 qui
1682 3915 1743 3979 pri-

78 3974 271 4032 determinate
295 3977 464 4044 eudochium
493 3979 638 4033 nonnullis
657 3993 701 4044 ue,
731 3978 887 4035 nisivehe-
940 3995 1002 4034 mus
1026 3979 1222 4050 Martyrologio
1247 3992 1311 4032 eum
1337 3975 1463 4041 inseruit,
1481 3980 1588 4028 ceteris
1612 3970 1743 4025 omnibus

79 4055 192 4103 menter
210 4046 301 4128 fallor,
315 4063 349 4104 ex
364 4047 468 4106 [labani
484 4049 611 4106 encomio
625 3994 761 4106 aimistis.
778 4051 885 4118 Noster,
940 4050 1063 4123 antiquis
1078 4049 1213 4120 ignotum.
1226 4048 1324 4104 licerii
1333 4045 1415 4117 hujus
1430 4044 1595 4125 martyrium
1609 4058 1644 4122 eir
1659 4039 1742 4122 Eulo-

79 4134 158 4174 more
172 4120 268 4186 solito,
285 4135 319 4175 er
333 4120 488 4176 Adonianis
510 4120 633 4177 flosculis
646 4122 784 4178 'corollam
808 4137 885 4177 suam
958 4122 985 4176 io
1000 4121 1029 4176 in
1044 4121 1121 4177 Actis
1132 4120 1234 4176 nostris
1245 4120 1413 4175 illustratum
1424 4125 1474 4172 eat.
1486 4112 1739 4193 biformitatem,

79 4190 221 4261 eleganter
240 4192 396 4248 contexuit.
422 4191 535 4248 Rabano
549 4199 577 4248 et
591 4191 682 4248 Adoni
697 4193 886 4264 praeluxerunt
939 4138 1063 4262 ieismdi
1078 4192 1121 4247 vel
1136 4191 1264 4262 diploidi
1275 4188 1434 4245 memoriam
1445 4186 1742 4266 interHieronymiaue
1807 4185 1816 4202 “

80 4260 254 4318 hauddubie
269 4263 571 4345 Actailla,queavulgo
585 4263 884 4336 inLegemliscircum-
941 4264 983 4334 (iii
1002 4279 1119 4336 quorum
1141 4279 1197 4317 uno
1223 4276 1364 4334 perperam
1383 4260 1518 4330 episcopus
1538 4256 1657 4334 dicitur),
1677 4269 1741 4333 aug·

82 4331 149 4386 ferri
156 4334 245 4388 solent
257 4349 313 4388 non
320 4333 381 4388 sine
385 4333 617 4405 juatnsusprcioue
627 4336 752 4405 protuitoe
759 4334 883 4406 fictionis,
939 4343 1031 4390 menta
1048 4333 1143 4405 rejecit
1157 4333 1355 4397 Florentinius,
1366 4344 1488 4386 eacausa
1517 4343 1578 4382 uam
1592 4325 1660 4381 abbi
1675 4331 1740 4378 atti-

83 4401 175 4474 inquit
189 4403 380 4461 henschenius
392 4405 422 4460 in
439 4404 593 4462 Comment.
611 4406 726 4476 praevio,
762 4422 804 4476 ag.
821 4405 883 4473 ΙΙΙ;
939 4405 1038 4477 gimus.
1052 4404 1135 4472 beda,
1149 4406 1302 4460 Romanuin
1320 4345 1645 4474 parvun1,otbioneeo
1661 4393 1740 4472 plane

82 4472 156 4545 quod
177 4475 206 4530 in
224 4474 380 4548 appendice
404 4477 481 4532 Ac'is
504 4476 663 4549 subjuncta,
687 4422 771 4548 panib
783 4475 885 4532 clarius
937 4476 1030 4530 silent.
1051 4474 1213 4553 leofardum
1235 4491 1251 4528 a
1273 4474 1354 4543 pellat
1368 4471 1505 4552 liabenus,
1522 4466 1658 4542 Notlierris
1676 4463 1740 4540 Liq-

81 4545 201 4626 crplicat
215 4546 498 4627 i'apehrochius.illii
512 4548 669 4614 rotundius,
683 4548 804 4674 utplaue
814 4563 885 4618 sup-
937 4545 1058 4626 surdum,
1076 4562 1130 4600 non
1147 4542 1240 4623 baasor
1262 4559 1314 4596 um.
1325 4537 1607 4621 Quidlpraeierendnm
1619 4538 1740 4599 sit,satis

82 4625 168 4687 posin
184 4618 330 4688 rejiciunt,
345 4617 619 4685 imoTillemontius,
631 4628 707 4675 tomo
746 4618 872 4690 ,paglidli
938 4618 1076 4674 diximus.
1096 4617 1177 4682 Puto,
1192 4630 1308 4685 primam
1324 4628 1384 4683 eyus
1397 4627 1423 4665 iu
1438 4611 1525 4689 Fastis
1539 4619 1739 4686 sacris-memo·

82 4687 172 4759 phrasi
185 4705 237 4744 sira
252 4689 369 4755 Gallica,
385 4692 539 4745 excellenter
559 4691 630 4745 maie
646 4690 816 4762 pronuntiat.
831 4662 884 4745 sei
938 4688 1019 4755 riam,
1034 4704 1049 4742 e
1063 4686 1176 4743 llabano
1191 4693 1217 4741 et
1231 4684 1355 4741 Usuardo
1378 4698 1412 4763 er
1425 4681 1650 4758 hieronymianis
1665 4691 1740 4732 acce·

82 4759 204 4831 quisquis
218 4775 250 4815 ea
264 4759 389 4828 finxerit,
409 4762 497 4816 cultui
512 4762 618 4817 Erasmi
636 4761 884 4834 antiquissimo,t0t
938 4768 1023 4832 ptam.
1041 4758 1116 4815 Flori
1139 4757 1305 4836 particulare
1320 4756 1438 4826 elogium
1455 4751 1538 4807 habes
1557 4767 1585 4805 in
1601 4749 1674 4832 Beda
1684 4763 1739 4875 lqu-

85 4831 356 4903 monumentisque
370 4832 404 4887 ab
429 4832 602 4888 llensehenie
618 4840 816 4899 memorantur,
831 4832 884 4888 fir·
937 4830 1026 4886 nuino
1046 4841 1074 4888 et
1099 4830 1200 4886 Actis:
1221 4829 1385 4901 particulam
1409 4826 1514 4883 dabunt
1528 4824 1668 4880 Auctaria.
1710 4835 1740 4874 os

87 4909 163 4968 mato,
182 4902 256 4957 nihil
272 4901 431 4958 detrimenti
447 4903 544 4958 afferre
558 4911 655 4974 potest,
671 4904 729 4959 sive
744 4911 883 4959 unustan·
937 4919 997 4975 quae
1022 4902 1137 4959 Usuardi
1164 4910 1229 4957 sunt
1257 4900 1444 4956 recitavimus.
1471 4895 1542 4952 Vide
1564 4892 1672 4971 quaeda
1687 4889 1739 4944 boc

86 4975 284 5029 tumeriense
294 4974 533 5040 frontoseque
542 4983 569 5030 et
578 4976 659 5042 alter,
669 4984 696 5031 et
706 4975 776 5030 iorte
791 4974 883 5045 plures
936 4982 1030 5029 sancto
1042 4991 1076 5030 eu
1088 4973 1172 5028 variis
1186 4971 1368 5042 scriptoribus
1380 4970 1528 5040 diligenter
1538 4969 1649 5045 collegit
1666 4959 1736 5039 lien·

86 5046 229 5116 synonymi
241 5044 435 5100 admittantur.
449 5047 581 5116 Martyres
595 5046 701 5101 Aretini
713 5046 881 5101 subobscure
935 5046 1073 5102 echenius.
1094 5043 1284 5102 Wandalberti
1308 5040 1453 5098 metricum
1468 5039 1595 5118 ¹elogium
1609 5032 1648 5112 'de
1669 5030 1737 5111 solis

85 5111 110 5166 in
122 5113 347 5186 llieronymianis
362 5117 448 5172 notati
461 5117 668 5184 sunt,indicato
682 5117 795 5172 nomine
810 5117 880 5172 lou·
935 5115 1057 5173 Aretinis
1072 5125 1099 5172 et
1112 5115 1225 5172 Liserdo
1240 5113 1368 5171 meminit
1382 5111 1426 5166 his
1439 5107 1529 5164 tribus
1545 5101 1690 5157 versiculis
1712 5119 1717 5156 :

85 5187 157 5238 reum
171 5203 223 5258 pro
238 5187 407 5256 laurentini,
435 5187 550 5258 adjectis
574 5189 657 5244 sociis
671 5187 917 5268 quadringentis„

84 5258 236 5328 anonymis.
254 5258 364 5314 Clarius
377 5275 520 5330 germanos
530 5260 635 5332 pugiles
643 5259 774 5315 distinxit
785 5260 879 5315 liema-
998 5284 1176 5344 regenerans
1188 5285 1259 5338 pem,
1273 5279 1495 5336 Laurentinosque
1504 5273 1613 5332 cruoris,

84 5341 143 5382 uum
154 5345 290 5409 parrum,
304 5330 505 5402 upuddretium
515 5340 567 5387 eto.
580 5349 586 5398 ;
598 5347 678 5404 quem
690 5338 800 5386 secutus
809 5330 880 5398 Ado,
997 5347 1144 5408 urgereris
1160 5357 1244 5396 pernis
1262 5345 1365 5396 periitne
1377 5339 1477 5396 luigero
1492 5345 1629 5385 venirsiani
1643 5349 1649 5382 :

84 5398 175 5458 maluti
188 5400 314 5457 Aretiam
329 5401 459 5472 scrihere,
480 5401 559 5459 brevi
573 5401 739 5459 concinnalo
753 5401 883 5474 elogi0,a
998 5409 1137 5459 Aurelianu
1153 5423 1227 5459 suurn
1241 5405 1328 5470 plebea
1336 5400 1477 5462 recolitque
1490 5397 1659 5461 Liphardum.

808 5525 999 5585 lucianii.

112 5628 278 5710 lirnium,
306 5628 408 5709 iterum
434 5625 610 5709 purissimus,
626 5626 768 5755 proprium
783 5625 813 5682 iri
829 5626 882 5683 tine
937 5626 1074 5691 Octobris,
1089 5635 1116 5682 et
1130 5626 1159 5681 in
1170 5618 1364 5703 praetermissis
1379 5618 1450 5702 male
1466 5624 1579 5674 notatur
1591 5615 1740 5696 episcopus.

79 5699 194 5771 alpert:
218 5698 348 5756 «Eodem
362 5698 419 5768 die,
432 5699 576 5756 translatio
590 5699 662 5756 beati
696 5697 882 5755 iudullicon-
972 5699 1130 5755 Tonricaii.
1146 5693 1240 5750 delicit
1262 5707 1291 5748 in
1317 5693 1407 5764 elogio
1435 5698 1588 5764 martyrum
1613 5687 1742 5743 Aretino-

79 5770 197 5830 iessoris.
227 5794 237 5819 ι
271 5772 298 5830 la
322 5777 363 5829 est
387 5771 436 5847 qui
456 5769 485 5828 iu
508 5785 573 5845 agro
587 5770 715 5832 ilamensi
729 5771 831 5830 colitur
844 5787 883 5828 rr
937 5785 1017 5836 rrum
1033 5774 1131 5825 cetera
1146 5767 1227 5840 plane
1240 5780 1337 5838 purus.
