3834 6136
150 197 218 253 l067

664 184 836 245 nlncnnni
856 182 1100 241 LAUDUNENSIS
1119 180 1277 264 aristoni

1728 171 1797 228 {th

150 348 214 404 stris
226 345 349 417 patribus
363 350 404 401 est
418 343 528 413 tradita,
540 343 730 415 perduremus,
743 349 770 397 et
779 341 835 396 Deo
846 348 940 396 nostro
954 340 979 399 A
994 336 1119 392 hahitare
1142 336 1172 392 iii
1194 335 1286 393 domo.
1307 360 1316 385 ι
1344 335 1379 390 lit
1407 332 1493 389 item:
1519 354 1530 379 ι
1546 328 1704 402 Praposuit
1729 329 1803 386 enini

148 435 271 510 perhoni
281 432 696 507 operisministerium‚!rem0tis
708 429 945 502 perturbationum

148 525 284 583 scandalis
304 526 470 597 placeamus.
498 547 507 572 ι
542 522 578 578 Ει
602 521 632 576 in
647 528 734 578 status
748 520 946 577 consuetudine

148 633 208 690 que
228 632 244 671 a
267 617 392 689 patribus
407 620 448 670 est
469 611 572 668 tradita
598 609 796 684 perdurantes,
824 617 878 667 tarn
895 610 946 666 iste

147 721 230 779 quain
246 720 341 761 omnes
355 703 398 760 sui
415 701 630 776 praedecessores
645 717 677 757 ac
700 715 869 756 successores
883 700 947 772 pla-

147 811 208 852 eere
225 794 397 867 delegerunt,
414 792 462 865 qui
473 790 736 863 archiepiscopalem
748 788 947 863 praistahilita-

147 891 204 940 tem
226 882 320 940 debito
343 882 449 937 honore
470 879 608 937 munerati
633 888 708 949 snut,
723 887 750 935 et
765 879 946 953 episcopalem

147 971 311 1042 dignitatem
334 977 398 1044 apta
421 968 605 1026 aedificatione
630 975 856 1041 composuerunt,
873 975 900 1023 et
914 967 944 1022 in

146 1067 286 1116 structura
298 1056 753 1115 domusDominitantaaltitudine
763 1057 944 1125 collocarunt,

146 1164 181 1204 ne
195 1146 229 1202 ab
253 1147 442 1219 improborum
467 1146 614 1205 hominnm
635 1145 736 1219 jaculis
759 1144 865 1201 viribus
879 1144 945 1200 ullis

145 1234 252 1310 possint
278 1237 384 1294 collidi.
411 1239 492 1294 Omne
517 1253 625 1309 regnant
645 1236 674 1291 in
691 1236 805 1308 seipsum
819 1233 943 1300 divisum,

145 1326 185 1382 ait
209 1325 354 1395 Dominus,
376 1326 540 1383 desolabitur
566 1326 674 1397 (Muttli.
695 1327 759 1396 xii).
784 1324 844 1381 Non
870 1322 944 1381 istud

1002 419 1804 498 Apostoluscharitatemlinguishomiuumetaugelorum,

1002 517 1152 588 praeposuit
1167 514 1308 572 miraculis
1323 511 1398 579 fidei,
1410 508 1559 584 preposuit
1568 507 1694 565 scientiar
1703 514 1733 563 et
1740 524 1805 580 pro-

1002 603 1113 676 pbetiae,
1129 604 1279 677 preposuit
1293 602 1376 659 etiam
1392 600 1468 656 illam
1489 613 1589 669 magno
1598 594 1677 669 operi
1693 595 1804 653 miseri-

1002 694 1113 762 cordiae,
1139 709 1195 766 quo
1217 707 1266 749 sua
1290 707 1350 765 quae
1378 686 1500 763 possidet
1523 684 1671 743 distribuit
1689 685 1803 758 quisque

1001 782 1183 855 pauperihus;
1197 790 1225 838 et
1238 781 1272 838 ad
1286 789 1441 838 extremum
1466 774 1617 850 praeposuit
1631 774 1717 831 etiam
1741 789 1802 831 cor-

1001 871 1076 944 poris
1091 869 1266 944 passionibus
1277 869 1406 926 omnihus
1414 868 1444 939 (Ι
1453 867 1515 924 Cor.
1531 863 1684 936 xin).'l'ain
1701 863 1802 937 maguis

1001 964 1082 1021 rebus
1094 962 1245 1036 praeposuit
1259 961 1438 1019 charitatem:
1454 957 1541 1030 ipsam
1561 954 1676 1026 habeto,
1691 963 1721 1012 et
1734 971 1803 1012 cun-

1001 1055 1178 1122 ctahabebis,
1193 1055 1258 1128 quia
1271 1054 1330 1110 sine
1342 1053 1391 1108 illa
1406 1048 1478 1106 nihil
1491 1047 1617 1121 proderit
1632 1047 1656 1103 si
1673 1045 1744 1120 quid
1752 1046 1803 1103 ha·

1000 1145 1063 1201 here
1078 1145 1213 1218 poteris.»
1229 1145 1265 1200 Et
1279 1143 1343 1200 item
1359 1161 1365 1199 ε
1384 1166 1393 1190 ι
1408 1139 1496 1208 Quale
1510 1138 1617 1194 bouum
1630 1145 1675 1194 est
1685 1136 1804 1195 charitas

1000 1234 1061 1303 ista,
1073 1233 1190 1292 iratres?
1200 1232 1267 1308 quid
1277 1231 1423 1305 pretiosius
1434 1230 1448 1286 i
1458 1225 1526 1303 quid
1536 1226 1729 1285 luminosius?
1739 1227 1802 1302 quid

999 1325 1127 1383 sirmiusl
1137 1323 1203 1399 qnid
1212 1323 1309 1381 utilius
1320 1320 1410 1395 iquid
1421 1317 1570 1377 securius?
1582 1317 1672 1375 biulta
1680 1319 1802 1376 struthei

149 1432 264 1488 regnum
281 1416 363 1473 dehet
378 1415 480 1482 dividi,
505 1415 535 1472 in
564 1414 665 1489 quihus
690 1421 731 1471 est
755 1430 803 1471 cor
815 1429 902 1470 unuin
918 1420 946 1470 et
998 1415 1080 1487 dona,
1092 1433 1152 1490 que
1171 1423 1264 1473 umen
1277 1413 1379 1470 habeut
1393 1421 1420 1470 et
1434 1409 1517 1467 multi
1532 1409 1581 1483 qui
1599 1408 1706 1467 dicturi
1720 1419 1799 1470 suut:

145 1510 239 1566 anima
253 1524 309 1566 nna
324 1508 353 1564 in
369 1524 426 1564 urio
441 1506 552 1581 spiritu.

181 1600 235 1657 Sed
264 1599 458 1674 nunquidnam
496 1614 553 1655 non
585 1597 710 1671 aperiam
740 1595 853 1653 domino
881 1611 942 1652 meo

997 1507 1117 1577 Domine,
1133 1506 1163 1562 iii
1176 1502 1280 1561 nomiae
1290 1509 1334 1560 tao
1347 1499 1576 1575 prophetavimus,
1593 1498 1623 1556 iii
1639 1500 1748 1556 nemim
1762 1508 1802 1558 hio

996 1598 1128 1656 daemonio
1142 1597 1274 1668 ejecimus,
1290 1595 1319 1652 i'ii
1336 1593 1439 1651 nomine
1457 1599 1501 1649 tuo
1520 1592 1634 1649 uirtutes
1648 1594 1748 1650 malms
1761 1593 1802 1665 ie-

146 1688 221 1763 qnod
232 1704 291 1745 mea
302 1685 860 1758 adhucvolviturmenteiQuantomajor
870 1684 941 1758 apud
958 1695 981 1755 Β
997 1691 1081 1746 rimas
1094 1687 1202 1762 (diutili.
1219 1686 1285 1759 un).
1299 1684 1360 1741 Non
1375 1681 1524 1756 respondet
1537 1682 1599 1752 ille,
1610 1683 1676 1741 Non
1686 1683 1800 1744 fecistis:

145 1780 290 1838 saeculares
305 1781 471 1853 predicatur
483 1778 633 1851 apostolica
647 1785 776 1850 potestas,
789 1782 866 1832 tauto
881 1790 945 1830 ma·
999 1795 1055 1836 non
1071 1776 1145 1835 enim
1169 1776 1199 1833 iii
1220 1781 1370 1848 conspectu
1383 1773 1454 1831 tanti
1464 1771 1572 1846 judicis
1584 1773 1703 1831 mentiri
1718 1774 1800 1835 tude-

144 1869 185 1941 gis
197 1867 269 1941 apud
285 1869 358 1940 ipsos
373 1877 434 1942 post
452 1868 528 1925 illam
543 1864 711 1939 prevalebat
721 1863 944 1935 archiepiscopa—
998 1868 1078 1937 hunt,
1089 1876 1136 1925 aut
1146 1866 1249 1940 jactare
1265 1882 1326 1940 que
1342 1879 1398 1921 non
1411 1864 1535 1921 feceruut
1547 1882 1556 1934 ;
1568 1864 1618 1922 sed
1634 1864 1800 1938 quiaehmi-

144 1957 345 2015 lisauctoritas.
359 1957 538 2013 Honorenim
554 1954 657 2011 subditi
667 1961 838 2027 potestasest
849 1952 943 2025 praela·
997 1964 1080 2013 tatem
1096 1972 1152 2012 non
1166 1954 1323 2023 habuerint,
1340 1951 1490 2027 respondet
1502 1954 1638 2012 omnibus
1658 1955 1717 2013 illis
1727 1975 1734 2014 :
1744 1959 1799 2017 lieri

143 2049 166 2105 ti
183 2068 189 2118 ;
209 2049 338 2123 quoniam
355 2050 378 2106 si
398 2048 564 2105 humiliatur
580 2048 719 2121 praelatus,
745 2047 904 2120 quicunque
917 2047 942 2103 ei
996 2043 1239 2116 meliorabit).
1256 2042 1403 2110 Quomodo
1418 2041 1664 2100 antemhabetvel
1677 2045 1797 2120 axina·

143 2137 311 2208 subduntur,
339 2155 373 2196 ex
397 2136 485 2211 ipsius
511 2137 726 2195 diminoratione
744 2145 943 2210 consequenter
997 2135 1169 2203 charitatem,
1185 2133 1233 2206 qui
1255 2132 1338 2190 etiam
1351 2133 1496 2190 convictus
1509 2149 1568 2190 uon
1582 2142 1661 2191 amat
1679 2135 1798 2194 eharita-

144 2235 332 2286 atteuuantur.
355 2226 400 2283 Sic
416 2234 443 2282 et
459 2225 621 2298 episcopalis
641 2224 751 2282 vilescit
774 2225 903 2298 dignitas,
919 2224 942 2281 si
997 2224 1101 2281 terni»
1123 2224 1158 2279 Et
1173 2224 1258 2281 item:
1282 2248 1291 2271 ι
1305 2224 1421 2295 Oportet
1435 2222 1527 2296 itaque
1543 2222 1628 2281 nobis
1647 2227 1697 2300 qui
1707 2227 1799 2284 chari-

144 2313 397 2388 drohiepiseopalis
412 2328 468 2369 non
480 2313 627 2369 roboretur
641 2312 842 2384 prestabilitas.
854 2315 890 2371 Et
901 2313 942 2370 di·
997 2322 1080 2370 tatem
1096 2314 1231 2386 integram
1249 2313 1389 2371 custodire
1404 2314 1543 2386 cupimus,
1558 2320 1590 2369 ut
1603 2312 1660 2387 ipsi
1675 2315 1798 2375 charitati

142 2422 202 2462 cain
227 2405 329 2474 adhuc,
350 2403 479 2472 Domine,
505 2403 596 2459 dicam
614 2419 620 2458 :
638 2401 835 2475 Nunquidnam
858 2403 942 2461 alicui
996 2418 1050 2477 quo
1065 2405 1138 2460 Deus
1151 2403 1231 2460 estin
1245 2403 1325 2460 nohis
1339 2405 1445 2460 nullam
1458 2400 1591 2475 injuriam
1603 2402 1798 2478 sescismund-

141 2494 411 2567 archiepiscoporum
426 2493 479 2548 erit
489 2490 637 2548 dicendum
649 2507 706 2547 non
719 2492 810 2547 valere
824 2492 867 2547 sui
882 2509 942 2550 coe·
997 2499 1101 2549 mentes
1116 2491 1187 2548 illud
1201 2492 1276 2566 quod
1291 2493 1424 2566 seriptum
1440 2500 1492 2562 est,
1504 2493 1628 2566 Spiritus
1638 2502 1745 2553 sescus
1755 2497 1797 2554 di·

142 2583 248 2655 piscopi
261 2580 578 2638 excommunicationem
591 2581 605 2636 ‘l
619 2580 698 2636 Unde
712 2581 794 2651 plura
816 2581 942 2654 superius
995 2581 1113 2652 sniplinae
1127 2581 1231 2654 effugiet
1244 2582 1333 2656 fictum
1349 2585 1426 2658 (Sap.
1443 2586 1476 2656 i).
1494 2612 1503 2634 ·
1523 2584 1560 2642 Et
1574 2587 1663 2645 item:
1685 2613 1695 2637 ‹
1714 2589 1795 2660 Quam

142 2669 276 2742 explicui,
287 2668 334 2725 sed
342 2685 428 2725 unum
437 2668 576 2741 adjiciam.
586 2668 778 2741 Nunquidnon
786 2671 940 2743 coepiscopi
995 2686 1057 2727 curn
1074 2669 1176 2727 hahere
1189 2670 1272 2726 homo
1286 2673 1410 2746 coeperit,
1425 2673 1563 2747 Spiritum
1578 2685 1711 2735 sanctuni
1722 2676 1796 2737 hehe

142 2756 268 2813 eumdem
278 2756 652 2830 ordinantarchiepiscopum
662 2758 941 2831 lNunquidaliorum
995 2762 1055 2820 hit:
1069 2780 1150 2837 quam
1166 2763 1190 2819 si
1204 2780 1260 2820 non
1274 2762 1411 2836 habuerit,
1425 2766 1486 2823 sine
1501 2767 1610 2840 Spiritu
1625 2779 1724 2829 sancto
1737 2773 1794 2830 erit.

142 2843 291 2900 uerborum
307 2842 465 2899 benedictio
480 2845 722 2918 archiepiscopalis
737 2864 818 2921 quam
829 2848 941 2921 episco-
995 2851 1031 2906 Et
1054 2850 1193 2925 quamdo
1216 2869 1315 2927 corpus
1338 2862 1428 2923 tuum,
1444 2855 1504 2912 sine
1523 2857 1630 2930 spiritu
1644 2859 1755 2934 quidem
1773 2862 1794 2920 si

141 2930 941 3007 palisconiponitur‘annquiduoubenedictionissnmma
994 2940 1237 3008 luerit,mortuum
1249 2948 1289 2998 est
1301 2959 1307 2998 :
1318 2941 1359 2999 sic
1371 2943 1464 3001 anima
1478 2951 1528 3001 tua
1542 2945 1605 3002 siue
1621 2947 1730 3021 Spiritu
1739 2966 1792 3008 san·

142 3021 390 3095 episeopomnnere
400 3021 498 3077 divino
509 3023 786 3094 largituridnialet
796 3026 975 3112 episcopusfl
993 3038 1047 3098 oto,
1069 3030 1152 3087 idest
1167 3031 1226 3088 eine
1243 3031 1375 3090 charitate
1397 3031 1420 3088 si
1435 3032 1531 3102 fuerit,
1548 3043 1664 3094 mortua
1678 3036 1795 3113 deputa-

140 3109 175 3166 ab
189 3109 396 3183 archiepiscopo
410 3110 470 3166 solo
484 3111 617 3181 ordinari,
631 3122 663 3170 ut
673 3113 707 3170 ab
722 3130 755 3169 eo
769 3115 827 3171 solo
837 3118 936 3175 merito
991 3119 1075 3176 bitur.
1090 3120 1147 3177 »Et
1157 3121 1239 3178 item:
1263 3122 1370 3180 «istius
1385 3138 1449 3196 ergo
1464 3124 1613 3183 charitatis
1624 3129 1795 3202 magnitudi-

140 3199 239 3257 debeat
253 3200 286 3255 de
306 3200 364 3256 suis
375 3199 490 3271 judiciis
501 3199 647 3272 judicari?
671 3202 740 3259 Nam
755 3203 938 3277 Symmachus
992 3224 1065 3277 uem,
1082 3210 1146 3282 quia
1157 3208 1292 3267 nimirum
1308 3211 1444 3269 divinitus
1460 3214 1657 3287 perspiritum
1672 3228 1793 3278 metum

141 3304 211 3361 papa
225 3295 342 3344 testatur
354 3288 441 3361 (epist.
458 3290 472 3345 l
488 3289 525 3344 od
534 3290 632 3364 AEon.)
646 3309 652 3348 :
671 3292 735 3348 «sd
743 3292 886 3352 Trinitatis
897 3296 937 3352 in·
991 3297 1159 3357 diffunditur
1168 3299 1197 3355 in
1207 3301 1338 3359 cordibus
1348 3303 1460 3372 uostris,
1469 3305 1517 3377 qui
1529 3322 1595 3363 cuin
1608 3316 1687 3381 patre
1696 3319 1792 3369 etcum

140 3385 206 3448 star,
221 3377 302 3450 cujus
316 3394 372 3434 uria
386 3384 522 3453 astatque
538 3380 686 3438 individua
698 3390 825 3455 potestas,
850 3401 936 3443 uuum
991 3388 1041 3444 Dei
1057 3387 1196 3461 adjutorio
1211 3390 1332 3448 uoluerit
1349 3391 1539 3460 hahere,siout
1549 3394 1610 3468 jam
1626 3397 1790 3471 dictumest,

140 3483 198 3527 esse
213 3485 261 3542 per
271 3470 400 3567 diversos
414 3471 553 3529 antistites
567 3473 784 3543 sacerdotium·
806 3492 856 3534 nec
869 3493 937 3533 san-
992 3478 1100 3535 nullum
1108 3479 1137 3535 in
1148 3495 1180 3535 eo
1191 3480 1291 3537 vitium
1303 3482 1402 3554 poterit
1413 3483 1562 3542 dominari.
1574 3487 1613 3544 Et
1624 3504 1790 3561 reveratum

139 3559 355 3658 etiuslinpusto,
371 3574 423 3613 neo
438 3559 530 3615 minus
544 3559 574 3614 in
585 3570 737 3634 peccatore.
760 3563 829 3620 Sane
844 3573 936 3623 tamen
991 3567 1049 3640 ipsa
1067 3568 1187 3626 charitas
1213 3571 1286 3627 Deus
1312 3572 1348 3630 sit
1377 3573 1407 3645 (l
1419 3573 1569 3648 donnini,
1595 3579 1672 3652 quod
1692 3582 1788 3639 malurn

140 3665 283 3745 provisum
299 3658 342 3745 est
354 3664 388 3704 ue
403 3664 501 3746 pmnes
515 3651 610 3706 omnia
624 3651 677 3707 sihi
692 3652 882 3723 vindicarent;
909 3665 935 3713 et
990 3659 1138 3729 prevalere
1153 3669 1250 3717 contra
1261 3661 1403 3720 hominem
1420 3664 1531 3736 poterit,
1549 3667 1581 3723 iii
1599 3685 1656 3743 quo
1675 3670 1787 3729 pharim

140 3734 203 3790 ideo
216 3733 316 3790 adsunt
334 3751 363 3790 iii
386 3736 504 3833 singulis
530 3737 693 3808 provinciis,
721 3755 839 3811 quorum
863 3741 935 3799 inter
989 3750 1281 3810 Deushahitaueriti·
1299 3754 1335 3809 Et
1346 3753 1426 3812 irem:
1443 3759 1522 3830 «Ipsa
1534 3761 1786 3833 mmmmm,

139 3823 238 3880 iratres
247 3821 381 3920 habeatnr
392 3839 483 3894 prima
497 3831 645 3892 sententia,
662 3825 762 3896 quibus
778 3827 800 3881 si
814 3827 934 3900 dignitas
988 3840 1053 3912 qnia
1066 3840 1089 3897 si
1105 3840 1134 3896 in
1149 3841 1198 3898 illa
1216 3859 1272 3899 nou
1286 3842 1429 3916 fuerimus,
1441 3844 1513 3904 nihil
1530 3849 1647 3922 prodest
1657 3852 1785 3928 quidquid

138 3924 295 3965 communis
322 3925 378 3964 nou
404 3916 468 4009 est,¹
486 3909 554 3965 ordo
576 3917 668 3966 umen
692 3910 812 3983 ejusdem
827 3920 934 3987 generis
987 3928 1063 3984 aliun
1076 3928 1286 3987 habuerimus..
1307 3933 1343 3987 Ei
1358 3932 1444 3991 item:
1461 3935 1660 3995 «Excutienda
1675 3957 1784 4017 namqui

138 4005 180 4052 est
197 4015 203 4053 :
219 3996 334 4096 undeet
349 3999 485 4097 generalis
500 4006 559 4099 est.
583 4004 620 4057 At
642 4020 703 4075 iios,
719 4007 831 4068 domiue
845 4020 930 4083 pater,
986 4015 1129 4075 charitatis
1153 4017 1192 4075 ita
1208 4029 1249 4077 est
1262 4037 1298 4076 er
1311 4021 1379 4092 Deo,
1399 4029 1432 4079 ut
1446 4022 1506 4096 ipsa
1519 4025 1557 4082 sit
1572 4029 1660 4087 Deus.
1678 4030 1782 4088 Nullun

137 4092 231 4142 custos
243 4092 430 4186 estislpositus
440 4104 469 4143 in
478 4103 578 4147 vineis.
589 4090 706 4150 Vineam
718 4108 835 4155 vestram
846 4101 932 4158 nolite
986 4112 1027 4161 est
1042 4105 1095 4163 isto
1110 4107 1159 4163 Dei
1173 4106 1246 4164 dono
1260 4110 1451 4169 excellentius.
1462 4112 1559 4172 Solum
1575 4125 1617 4174 est
1627 4119 1705 4192 quod
1713 4119 1781 4176 diii·

137 4190 194 4230 nou
207 4175 360 4275 ¹eusitodire,
377 4184 530 4249 quaerentes
547 4188 707 4252 quaevestra
721 4193 794 4256 sunt,
811 4187 858 4245 sed
871 4206 931 4263 qua
985 4192 1027 4250 dit
1050 4193 1123 4252 iuter
1144 4194 1218 4251 illios
1240 4196 1318 4269 regni
1339 4199 1445 4268 aetemi,
1471 4209 1498 4257 et
1528 4200 1606 4260 filios
1624 4206 1781 4278 perditionis

135 4279 362 4338 coepiscoporum
391 4275 558 4338 vestrorum,
574 4285 710 4331 memores
728 4277 848 4347 optantis
869 4278 930 4336 lieri
985 4285 1222 4341 aterumllautnr
1230 4292 1257 4342 ει
1267 4287 1322 4343 alia
1330 4303 1378 4360 per
1386 4287 1521 4362 Spiritum
1530 4296 1779 4365 mnuera;sedsiue

134 4356 279 4454 anathema
291 4372 340 4429 pro
350 4356 577 4458 'iretrumusalute
593 4360 681 4433 (Rom.
693 4363 746 4436 ix).
763 4364 820 4423 Cur
833 4366 928 4440 igitur,
943 4409 969 4469 D
985 4370 1118 4429 charitate
1131 4389 1181 4446 pro
1196 4374 1286 4431 nihilo
1301 4384 1376 4433 sunt.
1392 4377 1451 4434 Nisi
1468 4394 1533 4452 ergo
1550 4391 1662 4443 tautum
1683 4386 1778 4461 imper-

133 4459 263 4543 cumsim
279 4445 372 4517 pulvis
385 4454 413 4502 et
427 4463 509 4517 cinis,
525 4448 605 4507 vobis
616 4452 719 4525 templo
733 4454 782 4511 Dei
798 4457 856 4512 vivi
872 4457 930 4516 haec
985 4462 1070 4519 tiator
1086 4463 1186 4539 cuique
1195 4464 1315 4539 Spiritus
1325 4476 1446 4539 sanctus,
1461 4478 1492 4528 ut
1501 4488 1566 4529 eum
1581 4476 1632 4532 Dei
1644 4484 1674 4534 et
1687 4479 1776 4552 proxi-

133 4541 235 4632 mutire
249 4548 385 4604 presumo
395 4535 410 4592 i
420 4624 425 4635 Ι
434 4536 513 4636 Certe
527 4555 577 4612 pro
591 4540 684 4598 debita
695 4543 855 4616 devotione,
872 4563 929 4605 uon
985 4551 1023 4606 mi
1038 4551 1121 4610 iaciat
1133 4562 1294 4626 amatorem,
1306 4573 1322 4613 a
1332 4557 1444 4616 sinistra
1457 4576 1513 4617 non
1525 4566 1628 4622 transit
1640 4566 1676 4623 ad
1685 4567 1774 4625 dexto-

132 4638 182 4720 pro
197 4622 280 4720 digiia
289 4623 324 4719 ad
336 4626 553 4724 magnitudinem
567 4639 686 4687 vestram
698 4633 830 4703 dictione,
845 4637 928 4712 impe·
983 4657 1107 4710 ram,nec
1117 4642 1236 4716 Spiritus
1246 4646 1356 4718 proprie
1365 4646 1469 4705 dicitnr
1478 4648 1596 4722 donum,
1607 4656 1662 4713 nisi
1673 4665 1775 4730 propter

132 4716 203 4765 ritus
217 4717 342 4778 scientia,
359 4711 406 4768 sed
421 4713 455 4768 de
468 4714 616 4773 inscientia
635 4723 766 4791 praelatus
792 4726 928 4783 mellifluo
983 4729 1172 4802 dilectionem,
1183 4750 1265 4808 qnam
1279 4735 1326 4808 qui
1343 4753 1399 4793 uon
1413 4737 1551 4811 habuerit,
1570 4743 1594 4800 si
1608 4745 1712 4820 linguis
1726 4746 1774 4802 ho·

130 4813 177 4854 ore
192 4813 236 4854 me
250 4798 393 4902 confortat·
403 4804 575 4874 Augustinus
585 4808 633 4863 uhi
643 4810 682 4866 ait
698 4813 705 4868 :'
729 4813 777 4870 «Si
792 4831 856 4887 ergo
871 4833 926 4873 nou
981 4818 1088 4875 minum
1102 4820 1231 4895 loquatur
1244 4831 1269 4881 el
1284 4825 1454 4898 angelorum,
1470 4845 1556 4887 sonus
1572 4835 1715 4892 aeramenti
1728 4841 1772 4903 ist,

129 4896 209 4989 uacat
224 4905 319 4946 omnes
333 4907 445 4964 paginas
459 4902 566 4952 sancus
578 4902 753 4971 perscrutari,
770 4904 863 4961 omnia
877 4924 924 4963 vo·
980 4918 1007 4967 et
1022 4910 1180 4983 cymhalum
1196 4911 1331 4971 tinniens.
1341 4915 1400 4973 Etsi
1415 4917 1542 4977 habuerit
1556 4922 1770 4996 prophetiam,et

128 4980 236 5036 lumina
261 4995 420 5037 sermonum
444 4984 582 5055 evolvere,
609 4990 702 5047 omnia
720 4991 922 5066 scripturarum
979 4999 1072 5057 scierit
1095 5001 1188 5058 omnia
1208 5013 1391 5075 sacramenta,
1407 5015 1434 5064 et
1452 5025 1566 5068 omnem
1588 5013 1731 5072 scientiam
1749 5023 1769 5070 el

127 5079 231 5170 secreta
244 5077 396 5172 penetrare,
412 5074 652 5173 teneueharitatem
668 5081 849 5155 ubipendent
864 5103 922 5143 om·
978 5089 1106 5146 hahnerit
1132 5107 1240 5150 omnem
1256 5093 1349 5164 fidem,
1378 5098 1418 5155 ita
1439 5107 1471 5156 ut
1496 5111 1606 5161 montes
1620 5105 1768 5174 transferat,

126 5174 172 5214 iiia
188 5177 194 5215 :
211 5167 251 5259 ita
269 5160 375 5217 tenebis
394 5163 514 5263 quodibi
525 5164 679 5227 didicisti.»
697 5171 733 5227 Et
749 5173 816 5231 item
828 5175 919 5236 idem:
977 5179 1177 5240 nihilest.Etsi
1187 5183 1361 5245 distribuerit
1371 5205 1480 5248 omnem
1492 5192 1679 5255 substantiam
1690 5212 1758 5256 suin

91 5291 99 5309 ,
132 5271 141 5293 ι
156 5247 281 5349 Charitas
295 5264 359 5350 ergo
372 5259 413 5308 est
428 5254 571 5311 vinculum
586 5258 774 5333 perfectionis,
801 5265 922 5326 charitas
976 5278 1003 5327 et
1021 5270 1044 5327 si
1058 5271 1204 5330 tradiderit
1219 5290 1318 5349 corpus
1331 5293 1411 5336 sunni
1428 5287 1459 5336 ut
1474 5280 1581 5353 ardeat,
1592 5284 1700 5344 nihilei
1709 5241 1768 5361 pro:

124 5347 417 5409 supereminentiorem
430 5341 513 5400 hahet
525 5345 609 5418 uiam,
625 5354 810 5424 supereminet
825 5356 921 5413 scien·
975 5358 1035 5418 dest
1050 5360 1080 5433 (Ι
1093 5362 1156 5422 Cor.
1171 5364 1248 5439 sin).
1259 5364 1398 5435 Quantum
1409 5385 1474 5443 ergo
1487 5371 1595 5432 bouum
1605 5376 1766 5452 estsiuequo

123 5424 203 5522 tiam,
217 5435 243 5482 et
259 5432 448 5532 superomnia
461 5444 597 5534 precepta
608 5447 683 5498 est.»
700 5443 736 5499 Et
745 5444 831 5504 item:
855 5449 919 5505 «Di
973 5451 1009 5508 ad
1018 5456 1389 5520 atemamvitaurueminem
1398 5465 1476 5519 tanta
1485 5459 1559 5522 hona
1572 5465 1761 5538 perducenti·

124 5512 205 5569 lectio
223 5525 331 5577 sanctos
354 5520 474 5580 discerni
489 5541 504 5581 a
520 5528 624 5588 mundo
637 5531 714 5601 iacit,
731 5542 757 5590 et
771 5536 919 5595 unanimes
973 5552 1000 5599 et
1014 5549 1121 5603 cetera.
