3834 6136
55 224 113 292 had

53 356 185 423 evicisse,
201 352 301 409 asserit
316 370 323 419 ;
340 350 404 408 aliis
417 368 452 408 ex
467 351 591 409 historie
606 354 677 410 serie
692 356 864 411 contrarium

53 425 263 485 evincentibus.
288 423 361 480 Sunt
374 424 422 496 qui
436 440 499 480 cuin
515 425 637 481 Notliero
652 427 722 482 male
741 426 864 482 scribant

54 501 133 556 istra
147 496 312 568 decapolim.
330 495 383 550 Sed
396 495 444 550 alii
462 497 637 552 molluscum
653 506 742 553 textu.
762 499 864 554 Tracia

54 572 88 628 in
105 568 259 635 nonnullis,
276 575 303 623 et
321 567 439 622 Thaciem
455 567 485 622 in
500 567 770 641 Aetnam-Maiore,
783 570 863 625 facile

55 642 249 714 corriguntur.
259 638 472 694 beliniensem
481 646 580 709 mutat,
589 641 656 696 duin
667 641 756 713 ponit,
766 642 863 697 ibidem

589 226 907 289 umirlnouociuil.
925 261 957 275 -
979 225 1083 289 MENS.
1104 229 1175 288 JUL.

1662 231 1715 295 266
1780 293 1784 300 ,

878 365 904 424 Α
918 356 1013 411 cosilio
1019 357 1155 426 requievit.
1169 356 1262 412 Hostia
1274 356 1374 428 legitur
1388 356 1417 412 in
1433 357 1537 427 multis,
1548 360 1595 416 sed
1605 361 1713 420 Prateu.

918 435 944 482 et
957 427 1098 483 Herinicn.
1110 436 1182 483 recle
1192 435 1350 483 cumteiitu.
1360 429 1390 484 ln
1401 429 1498 485 belino
1508 438 1548 486 est
1558 432 1713 502 Hglariam’:

918 499 946 553 iii
970 499 1117 567 Munerat,
1144 500 1262 570 Hglami,
1285 500 1314 554 iu
1328 516 1383 573 quo
1397 500 1518 569 additur,
1538 508 1563 557 et
1575 501 1713 577 martyris,

917 568 1009 626 debite
1024 570 1147 644 quidem,
1163 571 1210 628 scd
1224 587 1280 628 non
1295 587 1330 628 ex
1345 572 1466 629 auctoris
1479 580 1581 632 mente.

712 764 1014 825 OBSERVATIONES.

90 869 207 925 Fontem
223 863 315 920 textui
331 861 451 934 prebuit
466 862 621 918 Romanuin

53 941 121 998 inde
137 938 239 1004 hausit,
258 943 341 1007 atque
355 951 391 990 ex
407 934 459 989 hoc
473 934 581 990 scilicet
599 934 627 989 iii

53 1019 203 1077 natusest,
223 1009 278 1064 hoc
292 1006 351 1062 solo
366 1005 535 1078 discrepans,
552 1006 690 1079 siquidem
705 1008 861 1079 discrepan-

53 1084 94 1140 tia
106 1080 240 1154 appellari
256 1095 287 1134 ea
303 1077 399 1150 possit,
415 1076 488 1159 quod
503 1078 550 1149 qui
566 1077 594 1133 iu
610 1078 759 1149 prioribus,
771 1079 861 1150 primo

52 1155 116 1212 loco
128 1154 244 1226 ponitur
253 1149 408 1216 Hiberinae,
421 1165 449 1203 iu
460 1148 585 1205 Usuardo
595 1150 748 1205 secundum
758 1160 859 1207 teneat.

52 1226 195 1283 Caeterum
218 1221 395 1279 Eustachium
416 1226 576 1276 constanter
598 1221 704 1292 legunt,
725 1231 756 1278 ut
779 1240 862 1293 supra

52 1296 219 1363 innuebam,
234 1303 262 1350 et
277 1294 433 1350 Romanuin
450 1308 578 1364 parvum,
594 1301 621 1348 et
635 1293 696 1349 Ado
712 1302 738 1349 et
752 1293 861 1350 codices

50 1369 145 1425 nostri
160 1365 308 1424 Usuardini
323 1364 424 1436 passim
436 1379 549 1432 omnes;
567 1380 616 1435 pro
627 1367 859 1436 quoEastatbiam

51 1439 154 1497 scribit
167 1436 313 1504 Baronius,
337 1443 365 1491 et
387 1442 469 1503 recte,
485 1452 549 1491 cum
573 1453 588 1491 a
607 1445 671 1491 atui
684 1437 718 1493 de
733 1439 860 1493 celeber-

51 1511 130 1567 rimo
145 1511 197 1567 illo
209 1509 341 1565 adversus
360 1505 460 1588 Arium
476 1505 541 1562 fidei
556 1453 712 1576 dehensom,
737 1509 766 1563 in
783 1509 859 1565 illius

51 1583 195 1654 temporis
220 1579 332 1637 historia
364 1585 521 1647 notissimo,
551 1578 599 1634 sed
627 1597 678 1635 nos
711 1581 858 1636 lectionem

53 1655 244 1710 Usuardinam
253 1653 281 1707 iii
292 1658 369 1706 textu
378 1649 553 1716 tradidimus,
567 1651 663 1723 inquo
675 1652 758 1707 ctiam
768 1663 858 1707 oston-

49 1726 153 1782 dimns
169 1723 338 1782 Comlaatiao
349 1722 482 1793 principe,
496 1739 546 1794 pro
561 1724 715 1778 Constantio
727 1724 857 1796 principe,

53 1797 160 1853 melius
180 1795 288 1862 referri,
311 1794 395 1850 etiarn
417 1801 515 1850 contra
538 1810 553 1849 a
573 1794 739 1850 artissimam
752 1795 859 1852 Adonis

51 1868 233 1925 sententiam.
250 1865 544 1924 VidesisNotationem
555 1811 680 1935 heronii,
695 1875 722 1923 et
752 1885 793 1922 uae
808 1884 859 1923 suo

53 1937 684 2013 temporeiuhctisdisputabuntur.Maiorest
698 1939 726 1994 di
759 1940 857 2008 cullas,

52 2020 151 2068 utrum
164 2010 333 2077 Hastathias,
349 2010 393 2065 vel
407 2009 569 2065 Eustochiae
577 2018 670 2065 noster
680 2012 708 2066 in
724 2011 859 2082 Hierony-

53 2083 159 2139 mianis
173 2091 356 2150 recenseatur,
377 2081 461 2137 sociis
474 2081 538 2137 aliis
553 2082 722 2154 martyribus
735 2082 860 2154 conjun-

52 2165 136 2222 clus;
153 2154 228 2229 qnod
242 2154 372 2281 equidem
389 2153 458 2224 pede
472 2154 501 2208 in
517 2170 573 2209 uno
588 2171 643 2209 noa
658 2155 747 2210 ausim
768 2155 860 2211 resol-

641 879 778 989 Karvum:
800 864 863 946 Ado

668 945 774 991 ostrum
790 936 861 991 deri-

952 865 991 918 De
1006 862 1142 932 Hiloriao,
1169 866 1262 938 paucis
1286 866 1368 924 etiam
1393 868 1535 928 laudatum
1558 872 1713 932 Romanuin

915 950 1041 1015 paruum:
1055 936 1086 991 Ia
1099 937 1172 991 Ostia
1178 938 1298 994 Hilarini
1308 941 1445 1010 martyris.
1457 942 1585 1016 Elogiuin
1596 945 1623 1000 in
1634 953 1713 1002 textu

916 1013 1037 1086 positum
1053 1022 1068 1087 a
1084 1007 1158 1063 Beda
1182 1010 1311 1079 primitus
1334 1013 1530 1069 concinnatum
1546 1026 1663 1088 oportet,
1688 1017 1713 1074 si

915 1093 975 1158 ejus
977 1093 1100 1159 genuina
1110 1087 1186 1144 sunt,
1197 1096 1258 1153 que
1267 1082 1295 1136 iii
1306 1091 1399 1139 nostra
1408 1093 1471 1140 aute
1479 1093 1583 1142 tomum
1596 1088 1713 1145 llblartii

915 1149 1038 1230 editione
1051 1165 1076 1203 ei
1091 1150 1244 1208 tribuntur.
1259 1153 1325 1208 lude
1342 1154 1371 1209 in
1388 1155 1529 1212 Rabanum
1546 1166 1573 1214 et
1586 1159 1712 1216 Adonem

915 1220 1066 1288 transierit,
1087 1236 1121 1276 ex
1136 1222 1231 1280 hocin
1246 1223 1386 1281 Nostrnin.
1401 1227 1533 1295 Notliero,
1549 1230 1663 1287 fortasse
1677 1230 1712 1287 ad

914 1290 1008 1372 Sancti
1022 1309 1123 1348 nomeu
1143 1294 1288 1362 alludenti,
1305 1298 1421 1366 paucula
1442 1298 1499 1355 baec
1513 1299 1633 1356 inserere
1649 1302 1713 1372 pla-

914 1369 990 1418 cuit:
1009 1363 1062 1429 Oai
1072 1365 1229 1420 Sanctorum
1239 1367 1419 1422 hilarissimus
1432 1377 1565 1441 susceptor
1578 1379 1601 1427 et
1613 1379 1712 1428 sasba-

915 1439 985 1488 tator
996 1452 1004 1488 .·
1014 1450 1074 1507 quae
1087 1443 1181 1491 utrum
1189 1436 1306 1492 exActis
1316 1447 1472 1495 sanctorum
1481 1440 1594 1499 loannis
1602 1443 1712 1499 etPauli

914 1514 1024 1587 accepta
1040 1506 1178 1587 sint‚·non
1194 1516 1284 1574 vacat,
1300 1524 1350 1564 nec
1371 1526 1460 1636 opere
1476 1513 1595 1583 pretium
1610 1522 1651 1570 est
1666 1513 1712 1571 bic

913 1576 1139 1648 inquirere.Quid
1147 1581 1389 1651 siexeinplumGol
1401 1582 1587 1640 iconialiuude
1598 1585 1712 1642 influat?

913 1648 971 1703 Hoc
980 1655 1086 1705 certain
1101 1649 1222 1716 videtur,
1234 1651 1390 1706 Hilarinum
1399 1654 1525 1710 eumdem
1536 1664 1564 1712 et
1574 1657 1602 1711 in
1616 1657 1710 1712 eadem

913 1719 1240 1800 positione-collocatum,
1255 1721 1289 1776 ab
1304 1722 1406 1778 Hieron
1428 1725 1528 1781 mianis
1549 1743 1564 1780 a
1584 1727 1711 1799 ographis

914 1807 1072 1855 memorari,
1096 1807 1211 1862 nempe:
1231 1795 1262 1847 la
1282 1793 1385 1848 ciuitate
1425 1796 1502 1863 ostia,
1527 1743 1607 1853 nohis
1625 1799 1710 1864 Ostia,

912 1871 943 1917 nt
953 1862 1063 1933 signant
1072 1862 1155 1918 etiam
1164 1864 1343 1936 martyrologi
1351 1867 1507 1937 nuperrime
1517 1867 1604 1938 citati,
1615 1878 1712 1926 contra

913 1949 994 2005 quain
1008 1933 1197 1990 Florentinius
1210 1935 1317 2006 legerit,
1333 1937 1387 1992 nisi
1401 1946 1428 1993 et
1443 1938 1500 2010 ipse
1510 1956 1573 1995 cuin
1588 1942 1711 1996 llomano

913 2004 1046 2061 moderno
1061 2014 1180 2073 censeat,
1196 2006 1352 2061 Hilarinum
1366 2008 1455 2064 Arelli
1464 2026 1579 2083 agonem
1593 2013 1712 2084 comple·

913 2076 995 2144 visse,
1013 2075 1131 2132 subinde
1145 2076 1250 2133 Ostiam
1271 2080 1446 2146 translatum,
1460 2098 1521 2155 quae
1536 2089 1576 2139 est
1599 2083 1711 2139 Baronii

913 2150 979 2204 satis
997 2149 1113 2204 lundata
1126 2148 1232 2220 opinio,
1249 2166 1298 2205 suo
1323 2151 1419 2207 itidem
1436 2154 1496 2208 loco
1516 2154 1709 2211 examinanda.

53 2244 132 2296 vere,
145 2226 261 2308 quidqui
298 2225 433 2297 conjectet
454 2225 654 2281 Florentinius.
676 2226 858 2282 Tutissimum
873 2219 896 2278 B
914 2219 985 2275 Vide
1004 2220 1129 2274 Adonem
1146 2219 1180 2274 ad
1203 2237 1242 2275 vii
1264 2223 1381 2292 Augusti
1396 2222 1429 2277 de
1444 2225 1560 2293 Donato,
1574 2233 1602 2282 et
1616 2227 1711 2283 eodem

54 2305 97 2356 est
111 2315 171 2354 eani
192 2307 276 2354 etiarn
292 2297 472 2370 questionem
488 2297 522 2353 ad
537 2298 680 2369 proprium
697 2298 788 2354 locuni
803 2299 859 2354 elu-

53 2369 203 2427 cidendam
218 2369 371 2426 remittere.
388 2368 501 2424 Interim
525 2368 623 2424 danius
642 2370 727 2425 verba
742 2370 859 2426 Romani

54 2443 155 2533 parri:
180 2442 203 2497 A
243 2442 261 2497 d
281 2441 451 2496 Antiochiam
465 2441 560 2512 Syria,
584 2442 722 2496 Eustachii
736 2441 860 2512 episcopi.

55 2514 196 2572 LaeteraA
216 2513 318 2569 oniana
327 2520 402 2580 sunt,
414 2513 534 2568 aNostro
542 2519 570 2568 et
580 2512 701 2568 Notkero
712 2512 859 2584 descripta.

55 2587 166 2643 Norunt
178 2585 282 2641 eruditi
297 2592 384 2640 totam
404 2584 494 2655 magni
509 2584 650 2640 Eustatliii
666 2592 804 2655 gestorum
821 2602 860 2640 se-

56 2658 139 2724 riem,
164 2674 199 2713 eii
214 2656 300 2712 variis
322 2655 447 2728 antiquis
461 2655 649 2711 monumentis
666 2656 862 2713 ecclesiasticis

56 2729 255 2800 colligendam,
280 2728 325 2783 cui
347 2728 463 2783 avariis
480 2727 585 2799 pridem
608 2727 792 2783 allaboratum
808 2735 860 2798 est,

56 2802 211 2874 interquos
221 2800 418 2857 Tillemontius
432 2808 507 2855 toino
523 2800 593 2857 Vlla
609 2815 669 2871 pag.
688 2801 720 2855 ti
732 2800 861 2881 pleraque

57 2873 228 2930 documenta
242 2872 375 2945 suggerit,
390 2871 470 2927 nobis
485 2889 536 2927 suo
549 2878 673 2943 tempore
683 2889 746 2928 usui
756 2872 860 2930 futura.

915 2291 960 2346 die
975 2291 1180 2347 Florentinium
1196 2290 1229 2346 de
1242 2291 1337 2347 eodem
1353 2303 1457 2350 sancto.
1474 2297 1513 2351 Oe
1527 2297 1603 2353 socio
1618 2298 1712 2368 Cyrico

914 2364 958 2417 vel
976 2363 1088 2432 Cyriaco
1103 2364 1160 2417 sola
1172 2361 1386 2435 Hieronymiana
1397 2366 1556 2423 meminere.
1568 2369 1712 2441 Utcunque

915 2434 1028 2488 interlin
1039 2433 1131 2504 eiiigat
1146 2433 1279 2489 historica
1288 2436 1400 2504 veritas,
1413 2437 1532 2509 simplex
1542 2440 1713 2510 etgenuinns

918 2505 1032 2561 Usuardi
1047 2505 1134 2560 nostri
1157 2512 1249 2561 teitus
1266 2513 1344 2562 cntra
1365 2509 1581 2564 controversiam
1597 2513 1712 2566 omuino

916 2578 1021 2649 positus
1043 2584 1094 2632 est.
1111 2575 1156 2633 Sic
1172 2577 1328 2633 Hilarinum
1342 2579 1461 2636 celebrat
1475 2580 1709 2638 wandalbertus:

947 2723 1011 2773 Cuiu
1027 2728 1126 2777 decima
1139 2727 1286 2789 Augustam
1297 2727 1465 2791 (Augustum)
1479 2741 1531 2790 pre
1545 2728 1631 2790 signat
1645 2727 1714 2792 (quoa

1339 2789 1444 2853 [signati
1462 2793 1573 2852 septima
1587 2803 1713 2851 mensem,

949 2851 1078 2913 llilarins,
1093 2860 1145 2914 tuo,
1161 2861 1266 2917 martyr,
1279 2852 1342 2901 nitet
1355 2861 1451 2916 optime
1468 2853 1541 2903 lesio.

795 2996 989 3055 AUCTAHIA.

93 3095 263 3154 Tonnicaii.
282 3091 396 3166 incipit:
411 3092 517 3150 Berliai
539 3092 651 3150 abbatis.
677 3093 790 3167 Toxlus,
815 3097 863 3169 qui

57 3187 86 3228 se
109 3170 203 3236 uitur,
219 3166 381 3239 purissimus
394 3173 445 3222 est.

111 3236 268 3308 'umssnr.,
279 3238 308 3293 in
323 3238 411 3320 priina
422 3237 634 3295 annuntiatione
648 3256 744 3310 purus,
761 3257 858 3296 secun-

60 3313 125 3370 dani
143 3314 226 3385 plane
241 3309 358 3366 omittit.

95 3388 245 3443 lloswarn.
257 3381 348 3438 textui
358 3399 426 3454 puro
436 3383 466 3438 iii
482 3381 536 3439 siue
545 3385 687 3457 subjungit
700 3401 705 3438 ε
728 3383 864 3441 «hinnulli

63 3467 88 3514 et
101 3453 238 3514 Gundulli
250 3454 442 3526 episcoporum
457 3463 485 3510 ct
498 3457 698 3513 confessorum.
710 3455 865 3510 Traiislalio

63 3529 148 3586 sancti
163 3525 271 3583 Bertini
286 3526 403 3581 abbatis.
420 3551 429 3575 s

98 3597 347 3664 arrasia-biii,
359 3598 525 3667 Lovauiiiu„
536 3601 717 3667 Uirnsiucr,
728 3597 864 3667 Lernen,

64 3677 188 3729 Ainsuc.
211 3677 239 3725 et
262 3671 361 3725 Dauic.
385 3671 476 3725 teiilui
515 3689 565 3726 uro
586 3672 669 3726 etiarn
691 3678 863 3726 annectunt:

71 3769 80 3791 ι
94 3746 158 3816 lpso
172 3742 217 3797 die
230 3741 393 3812 inTiajecto
403 3758 485 3814 super
494 3688 609 3812 hosam,
620 3750 778 3799 sanctorum
790 3742 865 3797 Mon-

64 3814 175 3886 dolphi,
191 3821 218 3868 ct
240 3812 393 3869 Gondollie
414 3813 471 3868 isco
492 3830 609 3870 orum.»
635 3817 695 3870 Duo
713 3813 807 3869 ultiini
827 3813 867 3868 sic

65 3885 353 3942 charmantnomina:
379 3830 498 3957 damah,
516 3887 559 3941 vel
580 3887 729 3958 Monolpbi‚
752 3893 778 3940 et
795 3886 866 3940 Gaa-

66 3959 111 4013 dol
147 3956 192 4012 rol
209 3956 370 4027 Oaadolphi.

123 4045 279 4084 amaneu:
303 4050 312 4073 ι
330 4028 594 4096 Antiochiae,saiicti
611 4027 754 4083 Eustachii
765 4029 868 4099 episco-

68 4101 101 4172 pi,
117 4100 166 4173 qui
186 4100 222 4155 ob
243 4098 410 4155 catholicam
426 4100 509 4154 fidem
524 4102 621 4171 pulsus
636 4101 748 4165 exsilio,
764 4100 868 4155 ibidem

68 4172 181 4245 quievit.
198 4172 229 4226 ln
246 4172 351 4238 Hostia,
367 4171 455 4225 sancti
470 4172 590 4226 Hilarini
607 4170 738 4228 monachi
752 4179 780 4227 et
795 4189 868 4227 inar-

68 4244 135 4315 tyris
148 4242 201 4299 sub
211 4241 323 4297 iuliano
338 4249 473 4312 apostata.
490 4267 498 4289 ι

100 4316 283 4370 Bacuenses.
301 4313 330 4368 iii
346 4321 426 4369 textu
440 4315 507 4370 satis
522 4330 617 4385 purus,
633 4314 747 4385 adjicit:
773 4313 870 4386 «Apud

69 4386 222 4459 Trajectuui
237 4401 323 4456 supra
336 4386 451 4454 Mosam,
473 4385 610 4457 depositio
623 4395 783 4443 sanctornm
798 4403 870 4442 coii-

69 4458 201 4513 lassorum
208 4456 354 4529 blonulphi
365 4464 393 4511 et
402 4456 562 4528 Gondulpbi
573 4458 777 4529 episcoporum.
789 4456 870 4539 Apud

69 4529 188 4586 llanctas
202 4528 370 4595 Brabantiae,
381 4528 471 4583 natale
485 4537 585 4584 sanctae
596 4529 739 4600 Regnildis
753 4528 871 4600 virginis

69 4609 92 4656 cl
105 4601 251 4672 martyris,
273 4599 360 4656 beata
375 4599 483 4655 Gudilae
497 4608 599 4655 nostrai
616 4609 737 4671 patronae
756 4600 869 4657 sororis.

69 4671 130 4738 Onae
144 4671 283 4728 coniitatu
299 4671 382 4726 unius
397 4671 470 4726 seiri
485 4680 512 4727 et
525 4672 633 4727 ancillae
648 4679 787 4740 contenta,
803 4688 872 4728 saii-

70 4752 136 4799 ctain
152 4742 300 4799 civitatem
322 4742 472 4798 Jerusalem
496 4751 524 4799 et
537 4744 647 4815 singula
663 4746 723 4800 loca
744 4761 805 4818 quae
819 4746 871 4799 Do·

72 4815 159 4869 minus
183 4813 284 4870 ihesus
307 4815 488 4887 corporaliter
515 4814 732 4887 perambulabat,
762 4831 872 4889 peregre

71 4886 204 4942 uisitauit.
215 4887 252 4941 Et
267 4894 329 4957 post
338 4885 513 4958 septennium
524 4903 586 4943 cuin
601 4889 698 4943 inultis
713 4898 871 4944 sauctorum

71 4958 196 5030 reliquiis
210 4956 245 5013 ad
268 4958 386 5028 patriam
410 4957 529 5026 rediens,
546 4959 617 5031 apud
635 4960 741 5016 Xantas
759 4960 872 5027 mansit,

71 5029 155 5084 donec
172 5030 179 5083 i
202 5045 242 5096 sa,
254 5044 310 5083 una
323 5046 387 5085 cuin
398 5029 560 5086 Grimoaldo
575 5030 746 5087 subdiacono
760 5040 788 5087 et
801 5033 872 5087 Gon·

71 5100 174 5172 dulpbo
182 5045 318 5155 Lamiliari
329 5101 363 5156 ab
375 5101 484 5155 Hunnis
493 5118 543 5173 pro
554 5102 607 5158 lide
618 5101 733 5170 Christi,
745 5102 873 5173 martyrii

71 5173 188 5299 passkmam
210 5173 343 5244 suscepit.
366 5173 429 5246 Ipso
450 5173 506 5237 die,
522 5173 640 5230 elevatio
659 5175 749 5231 sancti
768 5173 874 5229 Berlini

122 5251 187 5299 atis.
203 5269 213 5292 ι

104 5316 301 5384 Hiasnoriiu,
315 5316 344 5372 in
360 5317 450 5389 priina
460 5335 554 5391 purus,
567 5318 687 5374 secundo
699 5318 759 5373 loco
774 5317 871 5372 reicit:

918 3097 961 3153 illi
975 3098 1031 3154 duo
1039 3098 1162 3158 defuncti
1177 3100 1298 3173 episcopi
1312 3100 1407 3165 fuisse,
1422 3110 1449 3157 et
1463 3116 1511 3172 per
1524 3100 1635 3159 beatum
1646 3103 1716 3161 Leoe

919 3186 981 3225 neni
999 3187 1095 3242 papam
1115 3181 1142 3227 et
1156 3171 1215 3243 ejus
1229 3172 1318 3228 socios
1333 3172 1496 3240 resuscitati,
1510 3170 1583 3254 [qui]
1599 3175 1716 3247 Aquen-

918 3258 975 3297 seiu
993 3244 1135 3298 ecclesiam
1154 3261 1217 3299 cum
1236 3243 1298 3299 aliis
1321 3243 1456 3316 episcopis
1476 3243 1706 3301 dedicaverunt.-

955 3314 1393 3371 biiriiic.-Cinrus-Unriiimcr.
1406 3333 1411 3370 :
1422 3339 1431 3361 ι
1442 3314 1586 3371 Eustachii
1596 3316 1717 3388 episcopi

920 3385 1101 3442 Antiochense
1115 3386 1247 3441 civitatis.
1260 3387 1379 3440 Hilarini
1395 3384 1534 3441 monachi.
1551 3412 1560 3435 s

956 3457 1105 3522 Varianis,
1120 3458 1244 3528 signatus
1258 3473 1337 3512 num.
1354 3456 1435 3522 eale,
1451 3456 1479 3511 iii
1495 3456 1567 3514 fine:
1596 3483 1606 3507 ‹
1625 3457 1719 3515 Bene-

920 3527 1008 3596 venti,
1025 3528 1126 3583 natalis
1140 3528 1228 3584 sancti
1247 3528 1381 3583 Vitaliaiii
1396 3527 1487 3598 cpisco
1508 3527 1517 3581 i
1532 3536 1560 3583 et
1574 3530 1720 3587 confesso-

920 3601 968 3655 ris.
985 3625 994 3647 »
1014 3601 1045 3655 ln
1058 3601 1182 3656 Romano
1197 3598 1331 3655 hodierno
1349 3598 1474 3670 signatur
1488 3544 1596 3671 Capuae.

957 3672 1125 3727 Faonsurin.
1141 3691 1146 3727 :
1169 3695 1178 3718 ι
1193 3671 1296 3738 ilouiae,
1315 3670 1401 3726 sancti
1416 3669 1515 3725 Leonis
1529 3687 1562 3743 pa
1582 3690 1604 3728 a
1618 3672 1713 3730 V.....

921 3745 961 3799 lta
976 3742 1023 3798 bic
1038 3744 1107 3815 lego,
1133 3743 1197 3798 licet
1219 3741 1332 3798 aliunde
1353 3742 1430 3796 nulla
1443 3741 1514 3797 sacri
1528 3688 1619 3799 cuLtus
1634 3760 1720 3816 argu-

923 3822 1014 3870 menta
1028 3815 1173 3887 reperiam.
1190 3815 1260 3869 Puto
1283 3814 1401 3869 Leonem
1419 3813 1456 3869 iv
1471 3812 1599 3883 indicari,
1615 3814 1649 3871 de
1664 3831 1719 3888 quo

921 3886 1003 3942 iiilra.
1021 3886 1151 3957 Sequitur
1171 3886 1200 3941 in
1218 3884 1317 3942 iisdem
1333 3884 1490 3941 codicibus:
1519 3885 1720 3943 ‹Canonizatio

884 3957 995 4020 Cbeati
1019 3957 1171 4020 Francisci,
1198 3974 1214 4012 a
1237 3957 1368 4037 Gregorio
1389 3970 1458 4028 papa
1479 3956 1625 4026 celebrata,
1648 3974 1722 4014 anno

923 4029 1037 4084 Domini
1053 4046 1210 4097 uccxnvui,
1226 4028 1403 4100 pontificatus
1418 4028 1459 4083 sni
1475 4044 1548 4084 anno
1563 4029 1716 4085 secundo.»

959 4101 990 4155 Iii
1003 4100 1105 4156 Coniua
1121 4100 1279 4156 monasterii
1295 4100 1401 4154 Mauris
1419 4100 1537 4156 Sinuri:
1562 4099 1723 4158 ‹Dedicatio

924 4171 1044 4227 basilicae
1059 4171 1354 4298 beatiiprotomartyris
1368 4169 1510 4241 Stephani,
1526 4171 1555 4226 iii
1567 4171 1619 4228 hoc
1629 4181 1723 4230 sancto

925 4250 1017 4298 uioute
1031 4243 1119 4298 sancti
1159 4241 1283 4298 americi.
1300 4265 1309 4289 ι

959 4316 1059 4369 Ennio
1070 4314 1266 4371 Laesae-Con.
1280 4310 1379 4383 incipit
1391 4329 1397 4367 :
1418 4337 1426 4357 ·
1438 4310 1542 4380 iloinae,
1553 4312 1642 4368 natale
1649 4312 1723 4371 beati

926 4385 1025 4441 Leonis
1040 4386 1077 4441 iv
1091 4402 1167 4459 papae
1180 4394 1207 4440 et
1219 4383 1392 4439 confessoris.
1405 4381 1537 4449 Quisedit
1550 4397 1637 4439 annos
1646 4390 1721 4451 octo,

926 4473 1033 4512 iiicnses
1046 4464 1111 4524 tres,
1127 4457 1185 4511 dies
1200 4471 1258 4510 sex.
1276 4454 1326 4508 Hic
1340 4452 1549 4510 orationibuset
1568 4453 1722 4536 vigiliisju·

926 4529 996 4618 giter
1011 4528 1144 4592 intentus,
1156 4526 1280 4595 sepultus
1289 4532 1330 4580 est
1344 4524 1497 4580 inecclesia
1511 4525 1598 4580 sancti
1613 4525 1714 4580 Petri.»

925 4598 1056 4672 Sequitur
1069 4597 1103 4653 de
1112 4596 1271 4662 Eustachio,
1287 4610 1363 4666 pure.
1380 4595 1466 4651 Turn:
1491 4618 1501 4642 ‹
1514 4596 1545 4651 lii
1558 4595 1644 4664 Ostia,
1656 4610 1723 4667 pas·

925 4670 967 4726 sio
981 4669 1068 4725 sancti
1081 4668 1207 4741 Hylarini
1223 4666 1364 4723 monachi.
1379 4665 1432 4732 Qui
1449 4682 1512 4722 cuin
1525 4665 1604 4739 jussu
1619 4668 1722 4724 tuliani

926 4740 1051 4813 sacrilegi
1066 4741 1102 4796 ini
1124 4739 1248 4806 cratoris,
1265 4755 1280 4793 a
1299 4739 1337 4794 ud
1351 4738 1477 4794 Tusciam
1492 4739 1633 4796 civitatem
1649 4742 1722 4797 Are-

926 4814 969 4871 cio
990 4758 1214 4885 comprehensus,
1236 4827 1251 4866 a
1273 4754 1425 4878 duadracio
1446 4809 1540 4893 judice
1565 4829 1627 4869 cuin
1643 4812 1723 4868 beato

926 4889 1034 4942 Donato
1048 4884 1176 4957 episcopo
1195 4882 1371 4955 compellitur
1385 4881 1547 4951 sacrificare,
1563 4892 1667 4940 etcum
1683 4896 1723 4936 re-

927 4965 1066 5030 spuerent,
1084 4959 1207 5013 Donatus
1226 4954 1421 5022 incarceratur,
1438 4954 1578 5010 Hilariuus
1591 4969 1657 5009 vero
1672 4951 1722 5006 iu-

927 5030 1016 5086 stibus
1030 5028 1146 5084 caeditur
1168 5026 1256 5082 donec
1270 5026 1399 5098 spiritum
1415 5025 1550 5091 redderet,
1569 5023 1648 5093 cujus
1662 5037 1723 5103 ossa

928 5101 957 5156 iu
970 5101 1047 5157 Ostia
1063 5098 1197 5154 tumulata
1213 5107 1397 5159 reservantur.
1414 5097 1445 5152 ln
1459 5094 1582 5165 Trajecto
1596 5092 1724 5147 interiori

928 5188 1010 5254 super
1027 5170 1130 5225 blosain
1142 5169 1270 5250 situatam
1284 5164 1424 5246 [situato],
1438 5172 1595 5221 sanctorum
1609 5164 1723 5246 Monul7

928 5244 976 5316 phi
1000 5249 1027 5297 et
1049 5239 1211 5311 Gundulpbi
1225 5253 1415 5311 episcoporum
1430 5244 1457 5291 et
1473 5234 1671 5316 confessorum.
1688 5235 1724 5292 Hi

890 5321 914 5380 D
930 5321 999 5370 nulii
1015 5311 1074 5378 liei,
1090 5319 1120 5366 ut
1143 5311 1240 5378 fertur,
1256 5311 1314 5364 vivi
1329 5309 1363 5363 de
1377 5321 1472 5361 eorum
1488 5305 1620 5378 sepulcris
1634 5320 1723 5363 surre-

76 5388 181 5459 «Apud
198 5387 406 5458 Carthaginem,
433 5393 523 5446 natale
545 5399 703 5446 sanctorum
720 5398 873 5461 martyrum
929 5391 1031 5441 xerunt
1054 5389 1081 5437 et
1103 5398 1165 5437 cuin
1191 5381 1270 5436 beato
1291 5381 1380 5435 Leone
1404 5377 1440 5432 lll
1457 5392 1524 5448 papa
1545 5379 1680 5450 templum
1695 5378 1725 5434 in
1790 5387 1793 5395 ·

71 5458 193 5531 Catylini
210 5459 333 5528 diaconi,
349 5461 483 5529 ianuarii,
501 5488 510 5510 ι
531 5470 583 5518 etc.
600 5463 639 5518 De
654 5461 755 5534 quibus
766 5477 816 5515 iios
829 5458 874 5514 dic
927 5457 1100 5528 Aquisgrano
1114 5453 1143 5507 in
1155 5452 1287 5508 honoreiu
1297 5450 1345 5507 Dei
1354 5447 1495 5574 qenitiicis
1506 5447 1624 5521 virginis
1633 5449 1725 5506 blariae

71 5530 248 5600 precedenti.
262 5532 384 5588 Rursus:
402 5533 875 5601 «Alexandriae,natalesanctorum
928 5531 1166 5606 consecraverunt.
1183 5523 1243 5590 Quo
1262 5523 1334 5578 iacto
1351 5521 1504 5601 'U'raiectum
1519 5520 1554 5576 ad
1572 5536 1670 5604 ,eorum
1686 5535 1726 5577 se·

73 5609 227 5675 martyrum
245 5602 404 5676 Philippi·
427 5613 492 5673 etc,
507 5606 590 5661 etiarn
607 5614 637 5660 ut
652 5603 873 5676 beri.Sequitur:
929 5601 1025 5673 pulcra
1046 5597 1187 5652 redierunt
1215 5602 1242 5650 et
1265 5592 1301 5648 ad
1321 5599 1467 5664 pristinam
1489 5592 1727 5674 dormitionemlsc

80 5674 360 5743 «lnciritateHostia
372 5677 554 5747 passiosancli
566 5676 709 5748 Hylariaui
720 5674 869 5742 monacbi,›
932 5679 1027 5726 mutuo
1036 5670 1251 5725 collocaverunt.
1264 5667 1294 5720 ln
1306 5664 1436 5731 Cesarea,
1447 5671 1604 5720 sanctorum
1618 5664 1726 5744 Paulini

75 5753 221 5818 etc.,pnrc.
234 5747 275 5800 ·ln
285 5746 877 5820 Treiectosuperblosain,depositiosancto-
932 5752 958 5798 et
973 5741 1097 5798 blanietis
1111 5745 1296 5810 martyrum.»
1315 5737 1353 5792 lle
1364 5737 1509 5818 blammcte
1521 5738 1607 5791 mulla
1618 5735 1668 5790 hac
1683 5733 1727 5787 ilic

75 5832 137 5874 runi
149 5818 344 5878 consessorum
358 5819 480 5875 Numolsi
496 5828 523 5876 et
536 5819 678 5888 Gandolb,
690 5819 736 5892 qai
747 5818 879 5875 dicuntur
933 5815 1016 5872 reicit
1027 5812 1165 5869 Notkcrus
1177 5827 1182 5866 :
1194 5809 1242 5868 sod
1256 5809 1290 5867 ab
1305 5807 1430 5868 Usuardc
1439 5817 1555 5886 ponitur
1567 5821 1636 5864 sun
1646 5805 1741 5870 liugu-

224 5917 347 5980 Parnoi.
368 5918 493 6002 cxxiv,
1591 5906 1614 5972 b
