3834 6136
554 187 875 258 destructionum.
896 233 931 247 -
951 200 1056 258 MENS.
1078 201 1159 258 DEC.

106 336 189 376 sves.
214 335 221 371 .·
253 317 360 372 ·Nota.
381 319 461 374 Hunc
483 318 655 374 walericum
675 320 736 377 Ado
754 321 836 379 hahet
850 327 875 386 Α
888 325 994 392 bernis,
1013 325 1144 381 Finniani
1160 324 1269 381 abbatis
1282 334 1310 380 et
1322 326 1500 384 confessoris.
1515 329 1689 389 diheidisini

106 392 161 448 idis
176 390 291 461 Aprilis.
308 388 378 444 Vide
393 391 442 444 ilii.
456 390 536 461 Apud
550 391 756 461 Alexandriam,
772 411 832 450 san-

888 396 1043 470 peratricis,
1060 396 1211 452 secundum
1232 397 1302 452 alios
1317 414 1377 452 xvir
1399 399 1460 454 Kal.
1477 400 1633 460 ianuarii..

107 478 135 521 tn
161 460 305 518 Sainnioni
322 468 349 515 et
366 460 490 517 Emeriti.
508 486 517 508 ι
544 461 615 517 Vide
633 479 693 535 quae
708 463 832 523 diximus
922 469 1032 524 Menan.
1050 469 1083 524 de
1094 469 1258 525 mulieribus
1269 468 1477 536 Alexandrinis,
1490 478 1583 541 postet
1593 474 1688 529 iteiaiiii

106 533 203 593 idicem
219 532 400 588 Bnuxucces.
424 556 433 579 ι
457 534 519 604 Ipso
538 533 583 588 die
599 535 671 606 apud
690 535 830 594 civitatem

106 607 270 672 ricenorum,
279 603 368 685 passio
378 611 536 660 sanctoruni
548 605 692 675 Eustratii,
701 608 828 680 Eugeiiii.

106 679 138 749 ie,
153 693 218 735 cnm
238 676 302 731 aliis
323 676 428 731 multis.
450 675 502 742 Qui
522 683 644 750 tempore
664 679 828 737 Diocletiani

107 747 239 814 ximiani,
258 764 306 817 pro
322 746 375 801 side
396 746 498 803 Christi
518 756 676 804 constanter
692 752 829 824 exquisita

105 821 159 877 icia
183 827 354 892 superantes,
379 817 414 872 ud
437 819 567 875 ultimum
592 821 748 877 Eustratius
770 823 828 893 igni

106 899 215 964 mptum,
229 889 330 961 reliqui
340 905 406 944 vero
421 891 560 957 decollati,
573 893 698 974 martyrii
711 894 828 965 gloriam

106 964 198 1019 isunt.
212 988 220 1007 =
239 960 310 1016 Vide
323 959 381 1016 lime
391 962 472 1032 paulo
484 964 638 1018 aiecirratins
649 981 677 1018 iri
692 966 825 1034 Romanii,

106 1035 157 1091 hoc
171 1033 297 1089 notulam
309 1031 469 1100 Castellani,
486 1034 531 1089 die
545 1035 687 1106 sequenti;
701 1036 825 1108 ipsorum

106 1105 183 1162 eiert
194 1105 292 1161 Serius
305 1120 321 1158 a
335 1104 519 1176 hletaphraste
532 1109 694 1180 composita.
713 1109 763 1164 «ln
781 1110 827 1165 Hi·

886 540 1157 609 Aiainoaci·iie,qiiis‚
1173 541 1236 595 aliis
1251 541 1350 595 litteris
1367 541 1453 596 textui
1470 542 1574 609 inserit,
1597 544 1686 601 «dum

886 611 974 668 niinia
997 612 1152 669 constantia
1173 619 1316 668 uterentur
1338 628 1354 667 a
1375 613 1412 668 nd
1433 611 1564 683 judicem,
1589 623 1616 668 et
1640 615 1687 670 ille

884 683 1056 741 erubesceret
1071 682 1145 739 vinci
1160 700 1176 738 a
1190 683 1309 739 leminis.
1326 708 1335 727 ·
1356 629 1395 739 ill
1410 682 1509 741 iterum
1524 691 1586 756 post
1598 685 1687 739 susci-

880 754 969 826 piant,
993 779 1003 803 ι
1017 755 1115 812 scribit
1129 755 1224 811 heatus
1238 753 1389 835 Dionysius
1407 753 1435 809 in
1453 754 1524 811 lihro
1538 756 1572 811 de
1585 756 1685 830 Marty-

884 826 970 883 ribus.
988 851 997 873 ι
1017 825 1088 883 Vide
1099 825 1233 883 Adonem.
1247 826 1392 882 Editiones
1407 825 1467 881 aliae
1482 827 1511 885 in
1524 825 1579 883 sine
1594 844 1687 900 super·

883 897 989 955 addunt
1004 916 1010 953 :
1033 898 1084 954 «ln
1095 896 1194 953 Galliis
1204 896 1287 970 juxta
1298 897 1463 965 Tornccum,
1476 897 1505 953 in
1520 899 1685 955 monasterio

883 966 1050 1035 cisoniensi,
1067 968 1212 1024 translatio
1222 969 1309 1023 sancti
1323 968 1465 1037 Euerardi,
1481 968 1560 1026 ducis
1573 968 1685 1041 Foroju·

884 1039 989 1096 licnsis.
1008 1064 1016 1086 ι
1042 1040 1206 1096 llictinetins
1223 1040 1347 1121 loipiitnr
1364 1040 1536 1107 Auctarium,
1552 1057 1602 1095 xri
1618 1042 1684 1096 Dec-

882 1110 1070 1179 relerendum,
1093 1127 1148 1183 quo
1171 1110 1216 1165 die
1245 1110 1395 1167 videndum
1422 1112 1506 1167 etiam
1534 1111 1683 1169 Castellani

881 1182 1112 1257 Martyrologium
1128 1181 1294 1238 universale.

747 1302 939 1317 bom——

1571 1342 1621 1399 Die
1636 1340 1680 1398 tt.

106 1426 136 1485 id
146 1424 313 1493 Siracusam,
330 1424 433 1481 Sicilire
449 1424 602 1492 civitatem,
618 1428 719 1484 natalis
734 1438 835 1486 sanctie
850 1431 942 1487 Lucius
957 1431 1075 1503 virginis
1090 1442 1116 1488 et
1141 1431 1281 1503 martyris,
1296 1430 1348 1487 sub
1363 1432 1553 1503 persecutione
1568 1432 1682 1490 Diocle-

114 1530 193 1591 quam
209 1531 271 1569 cuin
293 1515 404 1570 lenones
419 1531 605 1587 eorrumpere,
618 1517 732 1588 juliente
746 1519 892 1577 Paschasio
907 1520 1057 1586 consulari,
1074 1520 1189 1587 vellent,
1209 1518 1369 1575 nullatenus
1384 1535 1443 1575 eain
1460 1535 1571 1575 arcuere
1587 1528 1682 1590 potue·

111 1602 285 1663 nectanibus
306 1604 419 1673 additis,
440 1616 487 1660 aut
502 1605 585 1661 boun
603 1608 714 1679 paribus
733 1609 870 1681 plurimis.
895 1609 995 1677 Picein,
1013 1611 1143 1677 resinam,
1160 1610 1270 1665 fervens
1290 1610 1382 1664 oleum
1405 1609 1444 1664 nil
1462 1610 1527 1665 laesa
1546 1610 1680 1682 suscepit,

106 1694 189 1755 ¹ndem
204 1694 295 1766 gladio
308 1695 338 1752 in
352 1695 456 1751 uiscera
470 1711 559 1751 merso
575 1712 702 1768 percussa
715 1707 765 1755 est.
782 1701 843 1770 Ipso
856 1700 912 1768 die,
926 1701 1016 1760 suncti
1031 1700 1160 1759 riutberti
1176 1699 1382 1757 Cameracensis
1397 1699 1531 1773 episcopi.

789 1828 907 1885 NOTAE.

106 1912 199 1971 isunl
213 1915 335 1980 Prolem,
351 1913 500 1982 Heri'itieia,
521 1917 677 1984 Toritoceii„
689 1918 915 1990 Aritiierp.·rlliij.‚
931 1919 1079 1987 liiiiiercl,
1100 1919 1211 1975 Giueeii.
1227 1928 1255 1975 ct
1276 1919 1381 1976 Melon.

629 2040 830 2099 VARIANTES
850 2042 1057 2100 incrimine.

106 2139 111 2195 i
145 2139 154 2195 i
170 2139 334 2207 Siccensis-ni,
355 2148 386 2195 nt
401 2139 504 2195 habent
519 2139 617 2213 optimi
633 2139 742 2197 codices
757 2142 819 2197 Pra·
835 2138 857 2196 B
871 2142 948 2198 iiiiiis
969 2141 1053 2199 habet
1067 2142 1182 2215 peritias
1217 2143 1331 2203 lriribiis.
1347 2145 1380 2201 In
1399 2144 1543 2201 Munerato
1562 2143 1638 2199 deest
1650 2137 1680 2195 ri

131 2211 261 2278 ermion,
278 2212 441 2280 Tornaeen,
457 2221 522 2279 etc,
545 2227 600 2266 non
616 2213 772 2282 Syraciisas,
789 2220 820 2268 ut
876 2214 989 2283 lenones,
1014 2221 1041 2269 et
1066 2230 1115 2284 pro
1139 2160 1261 2269 Aritierti
1284 2217 1397 2285 ponitur
1421 2216 1542 2271 daiberti.
1568 2216 1676 2270 Praten.

106 2281 252 2340 lGreven.
274 2290 301 2338 ει
325 2284 425 2338 Melan.
453 2284 604 2338 Sirosiilcni
625 2283 652 2338 in
677 2284 820 2339 Munerato
874 2285 972 2341 scribit
988 2285 1211 2353 Cciirberoeeasis,
1228 2287 1308 2358 cique
1327 2286 1478 2343 conformis
1493 2286 1604 2341 videtur
1623 2287 1677 2341 An·

106 2363 147 2411 est
164 2374 170 2410 :
189 2354 403 2427 inrumperet
419 2362 446 2409 et
461 2354 558 2409 mediae
574 2361 646 2409 notra
658 2355 767 2410 codices
783 2357 818 2412 le·
874 2356 1062 2429 tuerp.·hlaj.;
1087 2364 1115 2412 at
1135 2358 1225 2412 ceteri
1247 2374 1343 2413 omnes
1366 2365 1477 2415 servant
1496 2357 1676 2430 receptiorem

106 2426 296 2483 iircciisciioni.
314 2425 390 2481 lilein
405 2425 617 2497 antuerp-Mai.
634 2427 740 2482 omittit
754 2428 819 2483 titu·
874 2426 1014 2484 scribendi
1030 2427 1155 2497 niodum,
1171 2429 1217 2500 qui
1229 2437 1269 2484 est
1285 2428 1313 2483 in
1328 2435 1416 2484 textu,

106 2505 190 2554 ruste.
210 2498 290 2554 Solus
305 2498 456 2553 Tornacen.
472 2513 522 2569 pro
541 2498 617 2552 hoeni
630 2498 742 2569 poribus
759 2499 819 2569 phi·

692 2620 996 2678 OBSERVATIONES.

106 2716 193 2766 roseto
211 2709 294 2765 Lucia
309 2709 410 2780 alapiae
424 2708 596 2767 Si'iueiisoiio.
616 2716 735 2781 martyre
748 2712 817 2765 rate·
872 2710 942 2765 riam
957 2711 987 2766 iii
1001 2708 1074 2765 Reda
1090 2709 1248 2779 inveniens,
1267 2709 1332 2766 inde
1346 2708 1466 2781 elogium
1481 2708 1599 2765 formare
1613 2725 1676 2767 ma-

106 2800 141 2850 io,
154 2782 243 2836 omnic
261 2783 345 2852 plotio
360 2787 431 2847 sitiat,
452 2788 505 2834 tciii
520 2782 593 2850 opud
613 2781 723 2837 Sciriam
736 2798 817 2852 quam
872 2782 936 2849 luit,
958 2782 1052 2838 relicta
1068 2788 1143 2853 parte
1168 2781 1267 2836 ultima
1289 2782 1323 2836 de
1342 2781 1522 2835 roiiiiniinione
1543 2781 1675 2836 liciniiiiri

106 2853 192 2908 inieci
219 2853 376 2908 Latinorum
410 2852 583 2922 Hopiolcqi'i's,
610 2861 635 2906 et
664 2854 816 2908 Grecoiuiii

110 2924 273 2993 Meucloqii's.
295 2924 412 2978 Meminit
429 2924 673 2978 Sacroiiieiitiiri'iim
695 2925 816 2995 Greqori'i

106 3013 125 3048 is
140 2995 234 3050 Froiiti
254 2995 455 3061 Kolendcriciii,
473 2996 499 3048 iii
520 3012 571 3064 qao
588 2996 679 3064 plures
697 2997 817 3051 ecelesias

106 3084 112 3119 i
133 3065 221 3121 Liicic
241 3067 330 3120 Romu
351 3066 449 3122 dicolos
469 3067 536 3121 i‘deiii
558 3066 658 3122 Fronto
676 3075 813 3135 meinoriit,

106 3136 316 3193 marcomania
336 3137 421 3191 uiduis
443 3138 476 3191 iiii
503 3138 552 3193 licc
578 3137 688 3193 diuersis
710 3139 816 3195 titularii

106 3213 193 3278 putot.
212 3207 274 3263 [lec
291 3207 455 3264 Florentinii
475 3208 632 3265 obseruatio
651 3217 702 3276 εει,
719 3210 747 3265 in
762 3226 816 3282 qua

106 3277 315 3358 oni'sscribitur,
329 3281 402 3352 quod
413 3280 482 3335 seia
493 3280 552 3350 ejus
565 3279 600 3335 ad
615 3280 813 3338 Kalendariuin

106 3349 221 3422 iprimit,
232 3366 294 3406 cum
303 3350 342 3407 sic
353 3351 446 3422 potius
456 3352 559 3407 dicatas
567 3351 764 3408 sanctaebuciae
772 3368 813 3409 ec·

106 3455 109 3471 .
124 3420 265 3477 nominare
281 3420 418 3488 rideatur,
435 3438 466 3476 ac
483 3422 504 3477 si
520 3421 586 3477 huic
599 3431 698 3479 nostrae
714 3423 814 3479 Siculis

106 3499 176 3549 :rutae
191 3492 315 3559 fuerint,
334 3493 408 3564 quod
427 3508 476 3562 ego
499 3500 577 3547 extra
596 3496 812 3550 controversiain

109 3563 343 3636 quemadmodum
355 3571 381 3617 ct
391 3563 413 3632 c]
419 3563 513 3619 iisdem
525 3579 625 3619 nomen
635 3580 711 3619 sacro
724 3564 812 3623 inissa

106 3634 116 3690 i
144 3634 278 3691 insertum
308 3634 449 3702 existimo,
479 3634 614 3707 quidquid
647 3635 813 3692 recentiores

113 3705 174 3764 bec
188 3705 345 3763 indubium
363 3723 490 3762 revocare
500 3707 572 3763 nolle
583 3706 739 3765 videantur.
757 3707 812 3764 hd·

108 3776 182 3846 tilii,
192 3776 318 3845 obsecro,
330 3778 439 3831 Larcium
448 3778 639 3834 nobilissiiiicm
650 3784 810 3846 matronam,

106 3866 134 3905 ur
148 3848 317 3921 Septembris
341 3849 452 3914 colimur,
476 3866 539 3905 cuin
565 3850 721 3906 Geraiaicno
739 3867 812 3907 con-

114 3919 329 3978 illustrissimam
340 3935 405 3974 vero
421 3920 556 3992 uirginem
567 3920 768 3989 siracusanum,
781 3921 811 3977 in

871 2854 1002 2924 corporis,
1024 2868 1106 2924 quam
1131 2852 1161 2907 in
1185 2852 1324 2908 Auctariis
1349 2850 1459 2908 cedices
1481 2852 1567 2922 aliqui
1587 2853 1673 2907 resti-

871 2931 959 2980 tuent.
977 2925 1074 2979 Exstat
1089 2922 1161 2994 apud
1176 2938 1226 2979 nos
1241 2923 1305 2980 Vita
1320 2930 1407 2978 metro
1421 2922 1583 2994 composita,
1600 2922 1673 2980 haud

871 2994 954 3051 dubie
968 2995 1102 3066 sigeberti
1116 3011 1195 3066 opus,
1211 2995 1245 3050 de
1257 3010 1311 3066 quo
1325 2994 1388 3049 ride
1400 2993 1605 3050 adnotationem
1617 2994 1673 3050 ido·

872 3067 938 3122 lani.
954 3068 1073 3122 Exstant
1092 3067 1171 3137 plura
1189 3066 1244 3121 alia
1267 3073 1454 3131 monumenta,
1471 3072 1530 3119 tum
1551 3064 1584 3120 ad
1604 3065 1673 3121 Acta

870 3139 939 3210 ipsa,
960 3146 1018 3194 tuin
1035 3137 1068 3193 ad
1086 3144 1277 3192 controversas
1295 3136 1489 3191 translationes
1507 3135 1670 3206 spectantia,

870 3216 897 3263 et
912 3209 1046 3264 nonnulla
1061 3207 1089 3262 in
1111 3207 1199 3263 Lucia
1219 3207 1352 3262 honorem
1369 3207 1506 3262 recentius
1519 3205 1670 3276 elaborata,

870 3279 1046 3351 quaomnia
1070 3278 1184 3360 proprio
1209 3279 1270 3333 loco
1293 3286 1319 3332 et
1344 3277 1461 3350 tempori
1487 3292 1670 3345 reservamus,

869 3366 924 3405 non
940 3352 1148 3422 pretermissum
1164 3349 1331 3420 singularem
1346 3346 1592 3418 Antuerpiensiuin
1607 3363 1671 3418 erga

870 3420 1077 3476 memorabilem
1101 3420 1236 3490 virginem
1265 3419 1379 3502 ejusque
1406 3419 1547 3490 reliquias,
1577 3420 1670 3544 elapso

888 3494 994 3548 roxiine
1009 3492 1110 3547 seculo
1122 3506 1170 3561 per
1184 3489 1404 3545 illustrissimum
1419 3488 1541 3560 Capello,
1556 3505 1571 3544 a
1585 3491 1621 3543 Fa
1644 3489 1670 3544 io

867 3509 977 3636 bhig'o,
995 3570 1087 3636 postea
1101 3578 1170 3635 papa
1184 3561 1342 3632 Alexandro
1359 3560 1417 3628 Vll,
1433 3569 1567 3631 acceptas,
1586 3576 1669 3616 vene-

867 3635 1012 3691 rationem.
1037 3634 1087 3690 llic
1110 3633 1167 3706 jain
1189 3633 1321 3690 accedent
1349 3631 1539 3689 wandalberti
1561 3648 1667 3701 versus,

886 3706 968 3763 uibus
982 3704 1118 3762 Judocum
1130 3703 1259 3761 innexuit
1273 3712 1354 3778 poeta
1368 3705 1437 3759 hlart
1459 3704 1581 3775 rologus,
1598 3719 1671 3760 con-

865 3722 982 3834 iorniior
997 3777 1086 3833 textui
1102 3785 1196 3833 nostro
1212 3777 1334 3846 iuturus,
1348 3775 1370 3831 si
1386 3775 1442 3832 hut
1479 3784 1553 3832 itum
1573 3774 1669 3847 adjun-

865 3850 961 3907 xisset.
977 3851 1019 3909 lta
1034 3849 1110 3906 canit
1126 3866 1133 3904 :

943 3936 1005 3987 idus
1016 3938 1144 4003 Syracusa
1159 3937 1216 3993 tibi,
1234 3936 1320 3995 Lucia,
1333 3935 1441 3999 dicavit,

106 3990 259 4062 uGregnrii
274 3992 502 4059 sacramentario,
519 3991 548 4045 in
562 3992 711 4047 Frontonis
722 3999 750 4047 et
764 3992 809 4049 al·
824 3990 846 4050 G
938 4000 1107 4049 Paseliasiuin
1120 4000 1215 4049 Christi
1232 4013 1278 4063 pro
1294 4002 1397 4048 nornine
1412 4011 1488 4061 passa
1501 4005 1638 4062 tyrannum

106 4062 267 4129 standaria,
283 4061 339 4118 imo
354 4062 498 4117 incaeteris
512 4061 590 4118 libris
604 4062 806 4130 ecclesiasticis,

106 4134 215 4206 oplaiie
229 4133 311 4188 niodo
326 4135 472 4188 etdiverso
484 4133 561 4189 cultu
577 4132 671 4201 recoli,
689 4133 807 4191 mediam

106 4202 236 4276 laudona,
254 4206 375 4275 Apicatam
392 4213 418 4261 et
441 4206 585 4271 Cieri‘ticiii,
600 4220 668 4277 quas
688 4204 808 4275 virgines

117 4283 146 4333 et
155 4284 186 4332 ut
200 4278 268 4332 tales
282 4277 316 4330 ali
327 4277 456 4333 universa
471 4276 594 4333 Ecclesia
608 4275 744 4333 catholica
760 4276 808 4332 ho·

106 4394 108 4411 ,
144 4364 236 4404 rursus
251 4348 436 4403 indubitatum
451 4357 500 4403 est.
516 4349 578 4404 llaec
593 4364 657 4403 sane
672 4347 806 4419 antiquis·

119 4364 210 4477 ercisc
230 4420 398 4475 siracusanae
419 4419 597 4474 iestis-itatem
618 4419 647 4473 in
666 4419 722 4489 ipsa
739 4418 805 4475 urbe

108 4490 218 4547 abunde
237 4491 445 4554 demonstrant,
468 4506 517 4545 nec
539 4490 631 4545 minus
649 4491 722 4545 clara
741 4499 806 4546 sunt

106 4578 128 4617 is
140 4562 299 4619 celebritate
316 4562 576 4633 llartyrologioruin
592 4560 759 4616 testimonia.
773 4562 805 4617 ln

109 4632 229 4705 ymianis
246 4634 304 4703 tago
317 4651 322 4688 :
337 4633 463 4688 Siiiiciiso
477 4634 581 4687 ciuitate
597 4633 703 4699 Sicilire,
722 4638 805 4687 acte-

106 4710 163 4759 ictoe
186 4705 275 4758 Laciis
301 4704 421 4774 iiii-pinis.
446 4704 523 4758 Luce
551 4703 580 4757 in
608 4704 804 4776 Epternaccnsi

109 4790 135 4831 tn
155 4782 205 4843 est,
227 4792 277 4830 nco
293 4791 357 4831 uero
374 4777 401 4829 in
423 4774 520 4829 iisdem
542 4775 706 4848 apographis
721 4775 804 4831 brieio

106 4844 186 4903 tidie
202 4847 326 4919 repetita,
342 4846 436 4901 eadem
447 4862 509 4901 cuin
525 4857 616 4902 nostra
631 4846 687 4902 dici
704 4853 801 4919 potest,

108 4918 250 4991 artyrihus
260 4918 442 4975 Antiochenis
453 4917 521 4972 bene
532 4920 575 4973 vel
588 4919 658 4974 male
670 4919 801 4975 sociatur.

106 5002 197 5045 nesse
211 4997 237 5044 et
252 4989 345 5060 gravia
361 4989 472 5061 inclyte
489 4988 604 5061 virginis
621 4991 700 5058 Acta,
717 5006 767 5045 nec
782 4989 802 5044 ii

106 5066 167 5129 itur,
184 5059 232 5188 <pri
245 5061 395 5116 nonnullos
409 5075 504 5114 corum
519 5074 625 5116 errores
638 5068 800 5131 coarguunt.

106 5130 191 5188 udde
204 5148 275 5199 mus,
287 5130 359 5187 vidit
369 5130 452 5200 Beda,
464 5130 511 5259 spi
526 5131 638 5187 breuius
652 5146 733 5187 sunm
747 5132 801 5187 elo·

106 5218 134 5259 tx
147 5200 215 5277 ipsis
232 5203 453 5270 concinnavit,a
490 5201 579 5258 abano
594 5200 729 5258 verbatim
749 5202 802 5258 de-

107 5288 147 5331 in.
170 5273 225 5343 Qui
246 5275 345 5330 seriem
363 5280 486 5331 nostram
510 5272 606 5330 ductat
626 5280 722 5329 auctor
742 5274 801 5331 llo-

942 4062 1055 4123 Spiritiiii
1072 4064 1232 4111 immobilem
1249 4077 1326 4124 quam
1341 4064 1401 4110 lecit
1417 4069 1523 4110 sanctus
1538 4061 1582 4110 mli
1597 4064 1636 4111 uis

941 4123 1006 4173 Esse
1024 4127 1095 4172 viris.
1111 4124 1215 4173 dudoch
1233 4123 1484 4185 paritcrcoleriuqne
1501 4076 1623 4173 saceriioi

943 4185 1064 4250 Egregie,
1080 4185 1177 4235 Oceani
1190 4184 1286 4233 cedunt
1297 4187 1338 4233 cni
1351 4198 1422 4245 impe
1436 4187 1565 4246 procellas.

896 4275 982 4331 Porro
1002 4274 1227 4331 Cameracensem
1249 4273 1408 4328 Arithertiiai
1427 4273 1503 4327 solus
1519 4281 1546 4327 et
1561 4273 1668 4345 primus

861 4346 890 4401 in
912 4347 1005 4402 Festos
1029 4361 1121 4400 sacros
1144 4345 1241 4400 retulit
1265 4342 1416 4399 Usuardus.
1445 4343 1668 4399 Probctissiiiicm

863 4416 963 4475 Christi
977 4417 1136 4472 sacerdotem
1152 4416 1246 4482 luisse,
1268 4415 1315 4468 srib
1330 4431 1382 4485 quo
1397 4420 1422 4468 et
1439 4430 1486 4484 per
1501 4430 1577 4485 quein
1592 4415 1667 4469 Hon-

859 4488 941 4543 aoar'c
956 4489 1116 4543 mirabiliter
1134 4488 1161 4542 iii
1183 4485 1339 4543 Christmeo
1356 4484 1481 4555 reliqioae
1502 4501 1539 4537 sie
1558 4485 1608 4539 erit
1621 4487 1667 4554 tlo-

859 4577 919 4614 reue
931 4565 956 4614 et
969 4561 1062 4629 cipere,
1085 4559 1184 4614 merito
1198 4565 1317 4613 testatur
1331 4556 1458 4612 Molanus
1473 4555 1502 4612 in
1548 4556 1667 4613 atalibus

859 4632 1022 4687 Sanctorum
1045 4631 1141 4701 Belgii,
1160 4630 1206 4685 ulii
1227 4629 1370 4683 dolendam
1390 4627 1428 4683 ait
1448 4628 1516 4682 tanti
1533 4629 1667 4699 pontificii

863 4703 949 4759 Vitam
964 4719 1058 4773 iiicqiia
1072 4719 1104 4756 ea
1117 4709 1194 4772 porte
1209 4700 1316 4755 iiesciii.
1339 4701 1428 4771 ipsam
1446 4700 1667 4772 qualemcunque

858 4774 946 4830 edidit
963 4773 1079 4838 Surius;
1105 4773 1153 4829 sed
1168 4788 1228 4844 quaa
1264 4786 1328 4827 enes
1344 4786 1395 4827 nos
1411 4773 1600 4843 manuscripta
1614 4780 1665 4839 est,

858 4847 940 4918 paulo
954 4846 1081 4903 dillusior
1094 4845 1214 4900 videtur.
1260 4845 1281 4899 is
1295 4844 1375 4900 locus
1391 4860 1446 4900 non
1461 4853 1502 4901 est
1518 4860 1575 4899 rein
1589 4844 1666 4899 illam

857 4919 1047 4990 scrupulosius
1060 4916 1248 4973 examinandi.
1264 4917 1352 4971 Multo
1368 4916 1460 4972 minus
1477 4930 1597 4987 querere
1610 4915 1667 4994 ⁸lu-

857 4989 981 5063 betquid
994 4990 1047 5046 sibi
1064 4990 1131 5044 uelit
1148 4987 1294 5060 Hispanica
1307 4989 1415 5054 relatio,
1432 5002 1485 5058 qua
1499 4991 1666 5063 supponitur

857 5059 1062 5117 Cameracensis
1086 5067 1178 5116 noster
1201 5060 1351 5115 liutbertus
1369 5059 1453 5113 luisse
1474 5055 1550 5127 prius
1568 5055 1666 5135 cichr-

856 5135 992 5203 episcopus
1006 5132 1182 5186 Brocoreiisi‘s
1194 5131 1224 5185 in
1242 5130 1383 5185 Lusitania
1395 5148 1401 5195 ;
1419 5142 1516 5198 nempe
1531 5133 1562 5181 ut
1576 5132 1665 5206 gentu-

856 5202 907 5259 bus
934 5202 990 5257 illis
1013 5203 1079 5256 satis
1107 5202 1248 5273 proprium
1272 5209 1324 5267 est,
1349 5200 1454 5254 alienos
1477 5205 1588 5253 sanctos
1608 5196 1663 5252 sibi

856 5273 1009 5330 vindicare.
1028 5272 1139 5329 llefutat
1154 5272 1212 5329 hacc
1227 5271 1339 5346 quidem
1356 5271 1493 5346 Tamayus
1512 5267 1541 5323 in
1556 5269 1665 5339 Marty-

106 5344 181 5491 “tybi
197 5346 293 5473 papeia
312 5345 378 5417 legit
395 5363 401 5401 :
418 5344 569 5417 Syracusis,
585 5344 673 5401 Liicioe
690 5344 803 5415 oirqi'iiis
818 5348 842 5405 D
858 5345 963 5416 rologio
979 5342 1139 5413 Hispanico,
1154 5358 1251 5399 uerum
1271 5359 1306 5398 an
1326 5342 1415 5397 multo
1429 5354 1539 5396 saniora
1556 5337 1665 5397 substi-

242 5432 296 5489 nqa
312 5424 354 5474 cst
371 5415 478 5473 Adonis
493 5415 630 5484 historia;
653 5424 681 5472 at
694 5414 802 5484 Noster,

106 5487 243 5551 uiieuri
256 5486 367 5556 solitus,
381 5487 517 5563 aptiorem
537 5486 627 5559 elogio
648 5501 699 5545 suo
713 5494 805 5543 mate-

859 5424 929 5484 tuat,
946 5413 1074 5487 equidem
1091 5429 1148 5469 non
1162 5414 1300 5483 intelligo.

741 5611 934 5670 AUCTARIA.
998 5654 1001 5658 .

106 5692 376 5831 mmieaeffloffl
387 5720 459 5812 puro
471 5702 502 5763 ln
515 5702 571 5772 line
585 5700 679 5761 subdit
693 5720 701 5761 ε
725 5702 806 5759 ‹Eo-

895 5702 1049 5756 Pessimi.
1079 5697 1112 5754 de
1136 5697 1221 5754 Lucia
1245 5705 1307 5771 post
1331 5696 1460 5769 martyris
1488 5696 1528 5753 sic
1551 5695 1663 5753 habet³

866 5771 957 5841 «Qum
970 5786 1049 5843 passa
1068 5779 1109 5828 est
1124 5769 1288 5827 Diocletiani
1305 5777 1333 5826 et
1353 5768 1515 5827 Maximiani
1531 5781 1664 5839 persecu·
