3834 6136
131 174 181 229 tat
792 167 944 226 USUARlll
963 169 1122 227 MONACHI
1732 171 1784 230 l28

130 303 197 361 vttl
212 301 286 357 Idus.
1692 299 1743 354 nte
1753 300 1783 358 b.

164 399 270 455 Natalis
284 398 355 454 beati
372 397 505 469 Philippi,
523 397 570 469 qui
588 396 642 451 fuit
658 413 730 453 unus
744 414 758 453 e
773 406 875 470 septem
887 396 1059 453 diaconibus.
1078 397 1128 453 llic
1140 396 1224 470 signis
1234 407 1260 454 et
1270 395 1403 471 prodigiis
1414 397 1537 465 inclitus,
1547 396 1618 467 apud
1633 395 1784 455 Caesaream

131 487 278 558 requievit,
292 486 373 557 juxta
388 503 468 558 quem
485 495 538 541 tres
552 485 675 556 virgines
688 486 752 541 filia
770 486 856 558 ipsius
874 485 1053 558 prophetissae
1068 488 1212 543 tunnrlatue
1225 488 1332 558 jacent.
1349 488 1430 561 Apud
1450 489 1564 542 Tarsum
1580 484 1696 551 Ciliciae,
1714 504 1785 542 mar·

131 586 226 650 tyrum
245 576 357 647 vigintis
372 575 543 647 temporibus
555 575 717 631 Diocletiani
733 585 760 630 et
776 576 949 646 blaxirniani,
965 578 1012 650 qui
1026 594 1073 649 per
1085 576 1338 650 diversasupplicia
1351 577 1575 648 glarificaverunt
1592 577 1742 632 bertuinum
1757 578 1786 633 in

130 667 291 739 corporibus
318 666 384 721 suis.
411 667 514 732 Rittium,
541 671 700 720 sanctorum
724 667 842 721 Artemii
865 684 928 722 cum
949 684 1036 723 uxore
1060 685 1109 724 sua
1130 667 1254 725 Candide
1275 675 1303 723 ct
1328 667 1383 723 lilia
1409 667 1535 722 Paulina.
1561 665 1614 732 eri
1644 668 1788 724 Artemius

130 756 220 830 gladio
241 770 386 825 percussus
399 772 405 819 ;
432 769 504 809 uxor
517 769 583 810 vero
597 755 656 826 ejus
675 764 701 811 et
715 755 771 811 filia
783 755 921 830 lapidibus
938 764 1007 813 suut
1021 757 1136 813 obrute.
1152 756 1274 815 Ciuitate
1284 756 1441 824 Niveduno,
1451 762 1608 810 sauctorum
1622 756 1749 812 Aurantii
1762 764 1790 814 et

132 843 295 900 Alexandri.

899 962 1016 1020 NOTAE.

165 1081 229 1137 Puri
244 1088 308 1136 suitt
323 1082 445 1147 Prolem,
461 1079 610 1147 Herioim,
627 1078 853 1148 Aestuaria-diui,
871 1078 982 1134 Greucn.
1000 1086 1027 1133 et
1040 1079 1143 1136 diolco.

739 1205 941 1264 thttxn’ttts
960 1204 1165 1262 Lectiones,

167 1308 238 1362 Urius
251 1304 305 1374 sctit
318 1322 366 1376 pro
380 1304 434 1374 tuit
448 1320 516 1358 rarius
533 1304 562 1359 in
583 1303 839 1375 Antuerp.·blajurc
855 1303 927 1359 nibil
943 1307 967 1365 Α
982 1310 1013 1356 ut
1028 1301 1133 1357 iaciunt
1147 1300 1230 1355 ctiam
1245 1301 1356 1356 codices
1368 1298 1616 1379 Autuerp.·blajor.
1629 1299 1751 1354 Greven.
1764 1283 1792 1356 εἰ

129 1377 254 1432 offendit.
267 1378 378 1432 lucillus
389 1376 491 1431 habent
504 1376 667 1431 vetustiores
679 1375 797 1441 codices,
809 1376 927 1430 Grcven.
984 1374 1085 1427 llolau.
1102 1373 1237 1426 arthemii
1254 1373 1342 1441 posuit
1354 1371 1493 1425 Prateusis
1503 1387 1594 1441 primo
1605 1370 1676 1437 loco,
1693 1373 1790 1426 Arthe‘

130 1457 156 1503 et
176 1449 289 1516 Molem,
314 1449 436 1517 inclptua.
457 1449 496 1502 lle
517 1449 601 1503 Tarso
621 1445 743 1502 diximus
759 1463 814 1501 non
833 1445 928 1512 semel,
984 1445 1065 1508 anius,
1081 1444 1177 1498 altero.
1192 1444 1326 1497 Artlreruii
1341 1441 1423 1497 babet
1437 1441 1517 1496 etiam
1531 1441 1790 1512 Antuerp.-blaj0r·

130 1521 235 1574 variare
250 1536 305 1575 nou
323 1519 408 1574 lubet.
426 1519 649 1588 Gloriticcuerunt
667 1518 818 1585 Dorrrinum,
837 1519 929 1587 legunt
984 1515 1082 1571 illelius
1096 1531 1130 1569 ex
1147 1514 1261 1570 Usuardi
1276 1522 1366 1568 niente
1377 1513 1491 1567 Aruerni
1505 1529 1566 1568 cum
1578 1512 1697 1580 ceteris,
1715 1514 1790 1569 utin

130 1591 267 1646 Pratensis
286 1600 312 1646 et
329 1591 509 1655 lleriuicnsis,
535 1597 566 1643 ut
581 1588 662 1643 habet
681 1589 752 1655 Ado,
768 1597 795 1643 et
810 1588 849 1643 sic
864 1596 930 1658 puto
985 1594 1075 1642 textu.
1089 1586 1170 1641 Solus
1184 1585 1322 1641 Pratcnsis
1332 1584 1398 1657 legit
1409 1585 1528 1652 Autenti,
1541 1583 1641 1656 reliqui
1655 1585 1789 1640 Arruntii.

128 1662 269 1735 scripsisse
281 1660 445 1728 Usuardum,
461 1658 595 1733 quidquid
606 1660 744 1716 Notkerus
754 1660 824 1730 legat
835 1661 929 1728 Βειιιιι,

808 1780 1111 1840 adsentationes.

165 1884 268 1937 Textus
284 1881 411 1937 hodierni
426 1881 542 1949 fontem,
562 1887 738 1953 quatenusea
751 1887 854 1952 spectat
869 1896 929 1952 quaa
1019 1882 1051 1936 ln
1074 1879 1238 1951 ntcrtqribus
1265 1878 1437 1935 Tarsensibus
1454 1878 1539 1936 verba
1560 1878 1670 1936 Adonis
1693 1882 1790 1937 omnia

130 1955 212 2027 plana
237 1961 311 2020 suut,
332 1969 387 2008 nou
409 1953 520 2009 aliunde
534 1968 616 2025 quam
642 1971 677 2009 ex
701 1955 825 2010 Romano
842 1968 929 2033 parvo
983 1958 1156 2022 transumpta
1165 1959 1239 2017 siunt,
1254 1959 1368 2022 excepto
1380 1951 1468 2006 solum
1481 1952 1613 2078 Sinqilicii
1622 1950 1726 2021 jardicis
1740 1970 1787 2009 uc·

129 2040 250 2106 quaerere
270 2025 450 2096 oportet,ubi
483 2024 567 2079 iidem
584 2041 679 2080 omues
702 2025 800 2091 sancti,
821 2023 929 2080 diversa
983 2023 1067 2078 utine.
1089 2022 1204 2079 Addidit
1223 2024 1370 2090 Notlrerus,
1390 2031 1515 2086 etrecte,
1546 2023 1789 2095 clismartyribus

129 2096 194 2152 hcet
202 2095 272 2151 serie
282 2095 471 2163 nominantur,
480 2096 526 2167 qui
537 2104 564 2150 et
576 2095 621 2150 hic
629 2095 793 2152 nominatim
804 2094 927 2166 expressi
982 2095 1088 2150 dictum
1096 2111 1154 2149 esse
1164 2095 1192 2149 in
1202 2095 1325 2165 passione
1334 2095 1419 2149 sancti
1428 2093 1565 2163 Bonifatii
1577 2113 1586 2159 ;
1596 2112 1657 2167 quae
1671 2095 1788 2152 brevius

129 2175 212 2232 sunt;
234 2176 331 2238 praeter
352 2168 426 2223 solos
449 2168 665 2237 Niveduueuses,
686 2169 720 2223 de
742 2167 841 2239 quibus
858 2166 929 2220 inlra
983 2166 1033 2222 bac
1048 2166 1102 2233 die,
1124 2174 1257 2238 quantum
1273 2165 1307 2220 ad
1328 2166 1379 2221 hos
1392 2176 1526 2236 martyres
1541 2167 1653 2232 attinet,
1665 2167 1694 2222 in
1709 2167 1789 2223 Actis

129 2239 181 2294 erit
200 2238 357 2294 dicendum.
375 2240 416 2293 Ex
438 2256 468 2295 ea
484 2239 649 2309 scaturigine
660 2240 750 2294 bausit
761 2239 929 2308 Martyrolo-
983 2238 1085 2293 nostris
1101 2246 1342 2308 repraesentantur.
1367 2239 1406 2293 Dc
1420 2238 1568 2304 Artliemio,
1584 2254 1671 2293 uxore
1687 2246 1715 2292 et
1730 2238 1789 2294 lilia

89 2312 93 2319 ’
130 2327 178 2382 gua
198 2310 374 2365 Viennensis.
391 2327 424 2365 ex
437 2311 490 2367 boc
504 2312 641 2368 Usuardus
655 2320 682 2367 et
698 2311 844 2374 Noricum,
857 2317 927 2364 uter·
983 2310 1109 2380 pluribus
1131 2317 1187 2380 agit
1198 2309 1257 2363 Ado
1279 2325 1298 2363 11
1308 2310 1322 2363 J
1326 2309 1394 2376 unii,
1409 2308 1456 2363 ubi
1472 2309 1505 2363 de
1523 2310 1680 2364 illercellino
1693 2317 1719 2364 et
1731 2311 1787 2365 Pe-

129 2397 182 2506 que
198 2397 247 2453 pro
260 2398 347 2447 more,
363 2382 410 2436 ille
429 2382 607 2451 contractius,
622 2384 673 2439 iste
693 2382 791 2437 fusius.
808 2380 929 2461 Philippi
983 2386 1035 2435 tro.
1062 2381 1113 2436 Hic
1128 2396 1159 2435 ea
1179 2381 1286 2451 repetit,
1314 2397 1374 2452 quae
1389 2380 1422 2434 ad
1446 2380 1553 2434 laudern
1575 2381 1675 2436 horum
1699 2381 1786 2437 trium

149 2453 269 2507 incentat
283 2451 402 2507 filiarum
415 2454 647 2525 prophetissarum
666 2453 785 2523 elogium
797 2468 831 2507 ex
845 2453 928 2507 festi·
981 2454 1096 2506 seorsim
1112 2453 1228 2519 faciunt,
1250 2467 1363 2523 quaeque
1377 2452 1474 2506 Noster
1487 2452 1520 2506 ad
1541 2453 1637 2507 solitos
1653 2468 1719 2507 suos
1731 2468 1787 2507 nu-

128 2523 262 2577 vitatibus
275 2525 460 2592 apostolorum
482 2526 640 2597 repetitum,
653 2526 750 2581 Noster
764 2523 927 2594 compendio
982 2540 1071 2579 roaros
1082 2523 1169 2579 nitide
1182 2524 1332 2579 revocavit.
1349 2524 1486 2578 Hactenus
1500 2540 1533 2577 cx
1551 2523 1683 2593 praedicto
1695 2523 1784 2590 fonte,

128 2593 274 2661 delibavit,
297 2594 408 2650 adeum
432 2598 512 2668 plane
534 2599 729 2669 triadum,qu0
751 2596 927 2650 inlaterculo
982 2594 1207 2667 Hierouyrniauis
1234 2602 1261 2648 et
1292 2595 1366 2649 Beda
1393 2594 1464 2648 nillil
1494 2593 1785 2650 subministrantibus.

129 2663 284 2720 exhibitum
301 2673 351 2721 est.
368 2665 443 2737 Saepe
459 2668 574 2722 miratus
587 2686 658 2735 sunu,
669 2677 697 2724 et
712 2668 758 2723 hic
773 2668 867 2733 miror,
884 2682 926 2720 co·
943 2687 964 2746 Β
981 2665 1133 2737 Supersunt
1156 2673 1287 2736 incr-tpres
1304 2665 1505 2729 Niucdoncnscs,
1523 2668 1565 2720 uel
1583 2667 1784 2734 Nioedinenaer,

128 2735 203 2791 dices
217 2735 312 2791 mertia
323 2747 394 2792 notae
413 2754 441 2793 m
457 2739 596 2794 Auctariis
605 2740 740 2805 citandos,
752 2754 784 2792 ea
800 2740 925 2808 plerrun-
979 2737 1129 2809 dequibus
1152 2738 1237 2791 multa
1254 2737 1374 2808 suggerit
1390 2736 1585 2803 Florentinius,
1613 2739 1703 2792 multa
1716 2753 1778 2793 exa·

129 2822 181 2879 que
190 2806 343 2862 rescindere
352 2824 387 2863 ex
398 2809 553 2865 Usuardino
565 2818 644 2865 textu
655 2827 715 2882 quae
726 2811 754 2864 iu
773 2810 831 2888 ipso
844 2807 925 2863 Ado·
979 2810 1066 2863 minat
1090 2807 1288 2873 lleuschenius,
1313 2816 1373 2863 tum
1387 2816 1417 2862 ut
1430 2824 1558 2879 gerrnana
1572 2809 1697 2874 rioinina,
1718 2819 1776 2865 tum

128 2877 923 2963 nisblartyrologiouonreperiunturSuspicoridlactum
978 2886 1009 2935 ut
1028 2880 1165 2935 sociorum
1185 2896 1327 2946 numerus,
1351 2888 1408 2933 tum
1426 2888 1456 2934 ut
1474 2880 1568 2950 agonis
1590 2880 1716 2950 palestra
1731 2881 1779 2938 di-

128 2948 206 3004 scicli
230 2948 472 3020 cujusdamvitio,
493 2952 541 3025 qui
566 2953 684 3024 priorem
694 2955 769 3008 illam
785 2949 924 3006 Adoniaui
978 2952 1067 3008 scerni
1083 2952 1197 3023 possint,
1218 2951 1334 3006 vetustis
1357 2951 1559 3022 Martyrologiis
1584 2951 1654 3006 mire
1670 2950 1717 3007 bic
1734 2967 1778 3005 va-

128 3019 317 3091 blartyrologii
336 3030 437 3091 partem
448 3023 625 3094 ignoraverit,
637 3023 710 3080 unde
721 3031 811 3078 tamen
827 3023 923 3077 Usuar·
979 3022 1124 3078 riantihus.
1144 3022 1222 3078 'delas
1246 3030 1367 3077 retexere
1392 3033 1515 3077 nostrum
1543 3038 1598 3077 uon
1614 3030 1665 3090 cst,
1680 3023 1779 3079 citatos

128 3089 180 3146 dus
194 3091 282 3163 elogia
297 3092 375 3163 plura
396 3103 537 3151 mutuatus
550 3103 599 3151 est.
614 3096 688 3152 ldcm
705 3094 809 3151 hoodie
821 3093 923 3149 lactum

128 3168 213 3234 patet,
232 3179 295 3218 cum
316 3179 351 3219 ex
382 3174 471 3221 nreute
492 3167 598 3223 Adonis
621 3175 677 3223 tres
695 3167 830 3222 duntaxat
853 3164 924 3219 silias

127 3248 191 3288 cum
208 3241 283 3305 patre
297 3236 416 3305 sepultas
432 3247 581 3304 memoret;
600 3255 715 3312 nemque
726 3238 799 3310 quod
815 3236 873 3303 ille,
889 3252 923 3291 ex

978 3095 1130 3175 Scriptores
1152 3093 1278 3149 consulat
1303 3093 1348 3149 cui
1371 3094 1480 3163 singula
1505 3094 1660 3165 expendere
1689 3094 1777 3149 otium

978 3166 1085 3232 iuerrt;
1109 3165 1156 3220 sed
1183 3181 1237 3236 prae
1264 3164 1371 3219 crateris
1395 3165 1486 3220 videat
1501 3180 1632 3235 nuperum
1647 3164 1777 3246 lanniugi

977 3237 1195 3294 dissertationem
1212 3238 1240 3291 iu
1261 3235 1297 3291 Su
1320 3236 1678 3307 plemeuto.lunii‚pag.17.
1696 3236 1778 3291 Nobis

71 3330 74 3341 ·
126 3303 280 3376 aliquorum
292 3306 452 3377 traditione,
464 3320 581 3382 quatuor
590 3311 708 3366 liliarum
721 3307 923 3379 uuamSpiritu
977 3307 1135 3364 verosimile
1150 3316 1190 3362 est
1204 3253 1371 3372 Usuardmn,
1382 3308 1569 3378 utsmpealias
1580 3307 1732 3373 usuvenit,
1743 3324 1778 3362 ea

126 3383 220 3431 sancto
234 3378 354 3457 plenam,
367 3379 468 3450 Ephesi
480 3383 644 3439 tumulatum
655 3382 866 3438 existimaverit.
884 3381 923 3434 lic
978 3380 1140 3450 Hieronym.
1165 3379 1245 3434 binos
1260 3379 1342 3434 hosce
1357 3377 1534 3448 decerpsisse,
1552 3394 1621 3451 quos
1636 3379 1664 3433 in
1681 3378 1777 3434 Adone

126 3446 245 3520 Philippi
260 3450 340 3505 rebus
351 3453 442 3521 gestis,
454 3455 582 3509 eunucho
595 3471 715 3526 pereum
727 3453 873 3523 baptizata,
890 3450 923 3505 dc
977 3468 1035 3507 nou
1057 3458 1210 3522 repererat:
1237 3457 1329 3504 utrum
1352 3449 1461 3505 felicius
1489 3466 1570 3521 quam
1591 3449 1720 3506 habacus
1750 3456 1777 3505 ct

125 3517 316 3589 episcopatuet
326 3523 649 3587 cultu,c0mmeutarium
662 3525 823 3581 historicum
833 3520 925 3578 texuit
977 3523 1123 3591 Numerus,
1136 3522 1257 3577 inmedio
1272 3521 1465 3593 relinquimus.
1478 3520 1775 3578 Codicumnostrorum

125 3590 329 3661 l'upebrochius
344 3595 403 3647 :cui
420 3596 560 3666 jungenda
568 3613 628 3669 quae
638 3596 719 3651 habet
731 3593 925 3649 Tillemontius
977 3592 1118 3650 unanimis
1126 3610 1274 3648 cousensus
1283 3594 1385 3648 sullicit
1395 3592 1428 3646 ad
1438 3591 1630 3648 stabiliendam
1642 3592 1777 3674 propositi

126 3668 202 3715 touro
222 3662 256 3728 ΙΙ,
271 3679 358 3734 apag.
381 3665 425 3730 65,
450 3675 476 3721 et
491 3667 520 3721 in
544 3670 646 3722 uotisa
662 3683 721 3738 pag.
737 3665 799 3721 490.
825 3665 925 3723 Videat
979 3672 1070 3722 textus
1085 3663 1217 3719 illibatam
1238 3663 1419 3719 Usuardinam
1431 3664 1626 3737 iutegritatem,
1637 3664 1683 3720 cui
1694 3678 1779 3720 mve-

125 3731 211 3872 lceqtor
230 3736 315 3787 Actus
331 3736 518 3863 apqstolcrum
530 3754 628 3810 magua
637 3736 883 3811 partecapitisvnr
897 3742 924 3792 et
977 3735 1109 3809 stigandae
1124 3735 1298 3806 potissimum
1309 3734 1506 3792 incumbimus.

142 3818 157 3856 a
180 3818 260 3870 .qu
277 3820 347 3861 vers.
385 3849 391 3861 .

856 3934 1048 3993 AUCTAlllA.

161 4032 317 4088 Toauxcan.
343 4050 460 4090 excussu
475 4033 624 4102 rarissime,
640 4035 739 4106 saepius
753 4033 861 4091 defectu
876 4035 921 4089 la·
940 4035 1030 4103 culo,
1054 4034 1142 4090 sancti
1157 4033 1299 4091 Guthwali
1316 4034 1448 4107 episcopi,
1464 4033 1627 4104 virtutibus,
1642 4042 1670 4091 et
1684 4034 1775 4091 mira·

124 4102 361 4172 borarcdinimns,
377 4107 455 4177 quasi
470 4113 576 4160 textum
587 4106 726 4170 cancellis,
740 4123 793 4163 uon
809 4109 922 4162 cancel-

126 4173 168 4228 los
191 4177 279 4230 textui
304 4177 448 4248 aptaverit.
473 4178 518 4233 Sic
536 4177 628 4233 denuo
643 4178 725 4235 hodie
745 4179 921 4233 Tarsensium

127 4254 278 4316 martyrum
295 4249 413 4320 elogium
434 4248 579 4305 decurrat:
598 4257 695 4305 caetera
711 4249 883 4321 purissimus.

160 4315 313 4374 Puasaumv.
330 4337 385 4375 nou
400 4322 488 4375 solum
503 4321 634 4391 elogium,
646 4321 694 4377 sed
705 4329 839 4402 martyres
850 4321 921 4390 ipsos

124 4385 270 4467 Tarsenses
284 4391 387 4447 omittit
404 4408 410 4444 ε
427 4392 559 4448 rescindit
571 4401 700 4463 praeterea
714 4393 833 4463 elogium
847 4392 917 4448 Phi-

125 4458 192 4529 lrppi
207 4477 213 4526 ;
227 4462 260 4518 de
275 4462 381 4534 reliquo
397 4464 464 4518 satis
478 4479 562 4534 purus
577 4471 627 4519 est.

160 4529 308 4590 Roswuvo.
324 4536 477 4606 penultimo
496 4535 554 4590 loco
569 4545 632 4590 ante
646 4546 780 4610 martyres
798 4537 918 4598 Nivedu-

124 4615 223 4661 nenscs
235 4606 386 4662 interserit:
407 4609 455 4663 «lu
465 4606 624 4675 blandinio,
636 4609 787 4667 Gutlruuali
799 4613 919 4686 episcopi

124 4676 151 4724 et
164 4678 339 4732 confessoris.
356 4703 363 4722 ·

160 4741 307 4802 Murenae.
329 4748 424 4818 adjicit
437 4749 465 4803 in
481 4749 535 4804 sirie
550 4768 555 4804 :
575 4751 659 4821 «Ipso
671 4751 725 4818 die,
740 4753 848 4811 Claudii
856 4773 920 4813 con-

125 4809 236 4871 fossoris
250 4818 447 4888 archiepiscopi
464 4819 676 4878 bisuntinensis.
694 4849 703 4869 .

164 4891 408 4954 Auruncu-Max,
426 4890 538 4957 Leuca,
556 4893 792 4959 Auruncum-blaa,
810 4897 921 4954 ilarita-

123 4979 208 5028 tecm,
235 4962 369 5027 Lernan,
395 4960 559 5030 Lavinium,
580 4964 751 5033 Atuatucam,
773 4968 870 5024 Danrc.
895 4979 921 5026 et

123 5051 216 5091 corruo
241 5032 455 5090 [laruas-Bato.
481 5034 515 5088 lli
530 5050 639 5107 ncnupe,
664 5055 731 5110 iquos
749 5038 808 5092 dixi
825 5041 920 5098 mediae

124 5115 195 5232 1quth
211 5106 330 5171 codices,
353 5104 477 5178 plerique
491 5105 604 5179 Belgici,
621 5119 714 5165 carent
729 5109 818 5180 elogio
833 5114 920 5170 sancti

137 5181 145 5210 ³
156 5179 174 5232 ti
191 5179 217 5231 itt
228 5180 257 5234 ti.

160 5197 338 5306 Cadianum:
371 5276 379 5297 ι
395 5240 590 5306 Nartale‘saucti
606 5251 738 5333 Philippi,
753 5253 801 5326 qui
819 5254 872 5311 luit
887 5255 920 5310 dc

124 5327 226 5388 septem
250 5321 410 5377 diaconibus
424 5321 531 5392 primis.
558 5322 661 5378 Titarso
680 5325 794 5393 Ciliciae,
812 5335 920 5398 triarty-

976 4106 1047 4162 culis
1066 4104 1200 4161 adornati.
1218 4131 1227 4154 ι

1011 4178 1190 4232 Bnuxaccau.
1203 4177 1301 4248 incipit
1312 4177 1346 4234 ab
1357 4180 1511 4236 Artbemio.
1521 4179 1590 4234 'l'um
1601 4178 1635 4235 de
1647 4179 1778 4251 Philippo

975 4256 1003 4305 ct
1025 4248 1203 4304 lossensibus
1225 4250 1291 4305 satis
1306 4267 1381 4321 pure.
1407 4252 1551 4326 Sequitur:
1572 4276 1581 4298 ι
1600 4253 1636 4306 Et
1658 4251 1777 4322 Benigni

976 4321 1107 4393 martyris
1118 4338 1145 4386 ;·
1168 4322 1364 4378 verosimiliter
1378 4325 1445 4378 socii
1460 4325 1547 4379 sancti
1563 4322 1707 4379 Vincentii
1720 4323 1776 4405 epi·

976 4393 1062 4474 scopi,
1078 4392 1211 4449 Mevaniae
1226 4392 1254 4448 in
1266 4393 1388 4450 Umbria.
1410 4396 1498 4450 ‹ltem
1505 4394 1608 4450 Melani
1622 4395 1769 4466 episcopa·

976 4464 1091 4536 Opinor,
1126 4465 1249 4519 lllellorria
1288 4467 1512 4536 Rothomuqensia,
1555 4464 1635 4536 cujus
1675 4464 1777 4520 iratalis

976 4545 1017 4593 est
1032 4553 1093 4593 xxm
1108 4535 1245 4592 Octobris.
1269 4537 1319 4591 «ln
1335 4524 1486 4593 Brundinio
1500 4536 1679 4595 monasterio.
1693 4536 1778 4608 depo·

976 4609 1041 4664 sitio
1053 4607 1140 4663 sancti
1156 4607 1314 4664 Gudunali›
1336 4608 1487 4680 (Gudwali)
1511 4632 1520 4656 ‹
1539 4608 1660 4680 episcopi
1670 4614 1697 4662 et
1712 4623 1777 4663 con·

975 4679 1095 4734 sessoris.
1110 4678 1195 4750 Cujus
1210 4678 1354 4738 scrinium.
1366 4696 1429 4735 cum
1449 4688 1509 4750 post
1529 4680 1733 4752 processionem
1746 4679 1776 4733 in

976 4750 1137 4807 Gandavum
1153 4748 1310 4818 referretur,
1328 4750 1417 4822 imago
1432 4751 1532 4818 crucis,
1544 4751 1679 4808 inclinato
1696 4751 1777 4804 vultu

975 4838 1037 4877 eum
1053 4829 1191 4887 venerata,
1216 4821 1366 4877 immobilis
1382 4823 1492 4887 ruansit,
1505 4839 1593 4895 neque
1608 4838 1636 4876 se
1654 4820 1775 4877 rellexit.

975 4894 1010 4948 Et
1020 4892 1128 4949 Claudii
1146 4891 1319 4949 confessoris.
1337 4918 1345 4938 ·
1366 4894 1444 4949 Patet
1458 4895 1575 4949 omissos
1588 4910 1645 4950 esse
1662 4901 1776 4965 marty-

974 4963 1242 5020 resblivcduuenses.

1011 5038 1221 5102 llaosxovan.,a
1231 5035 1348 5106 puritate
1356 5052 1451 5106 parum
1463 5036 1602 5104 recedens,
1614 5036 1675 5090 solo
1686 5034 1776 5090 lerme

975 5108 1113 5179 priuprio
1129 5107 1230 5171 diflert,
1251 5106 1345 5162 nbisic
1358 5107 1472 5162 scribit:
1492 5133 1501 5154 ·
1516 5108 1597 5180 Apud
1610 5109 1775 5175 cesaream,

975 5181 1065 5234 nauale
1077 5179 1148 5234 beati
1167 5177 1300 5249 Philippi,
1315 5178 1362 5248 qui
1374 5179 1427 5233 luit
1437 5196 1509 5235 uuus
1519 5181 1552 5235 dc
1565 5189 1668 5250 septem
1679 5176 1777 5234 diaco·

974 5251 1056 5305 nibus
1077 5249 1182 5321 primis,
1208 5264 1269 5304 cum
1285 5257 1380 5305 sancto
1399 5250 1537 5323 Stephano
1553 5250 1643 5308 electi.
1670 5247 1725 5306 Hic
1740 5248 1776 5304 si·

975 5323 1045 5394 guis,
1066 5347 1075 5368 ι
1097 5329 1161 5389 etc,
1178 5321 1272 5377 omnia
1287 5321 1365 5376 bene.

125 5406 186 5443 rum
198 5390 307 5460 viginti.
326 5395 427 5459 Romu,
438 5403 596 5450 sauctorum
608 5395 755 5465 Arthemii,
767 5415 829 5453 cum
845 5415 919 5452 uxo·
935 5404 958 5460 D
1011 5394 1155 5450 Vrcroam.
1169 5403 1195 5449 et
1209 5395 1277 5449 Rae.
1289 5393 1371 5460 Suae,
1387 5393 1510 5466 signatus
1525 5410 1601 5449 uum.
1615 5393 1666 5449 130
1676 5394 1705 5448 in
1719 5390 1777 5448 line

126 5476 153 5513 re
177 5477 224 5513 sua
239 5461 362 5517 Curidida
377 5473 403 5518 et
426 5463 483 5519 filia
499 5468 624 5532 Paulina,
650 5468 806 5536 subjudice
820 5469 920 5523 Sereno
975 5466 1113 5522 subdunt:
1133 5465 1256 5521 «Eodem
1271 5465 1325 5533 die,
1337 5467 1422 5523 sancti
1435 5466 1527 5521 boniti
1537 5465 1656 5538 episcopi
1671 5471 1698 5519 et
1709 5479 1776 5519 con-

125 5547 276 5610 passormn.
303 5534 469 5613 Antiochiae,
494 5541 581 5594 sancti
605 5539 774 5610 Asclepiadis
789 5540 920 5611 episcopi,
974 5538 1095 5594 fossoris.
1119 5536 1257 5593 Etsaucti
1279 5537 1401 5593 Gratiani
1417 5538 1536 5609 episcopi
1560 5546 1586 5591 et
1602 5534 1768 5607 martyris.»

125 5618 171 5673 qm
196 5618 268 5684 putus
292 5604 345 5658 luit
358 5619 392 5658 ex
413 5609 542 5675 preclaro
562 5610 749 5667 confessorum
764 5626 913 5665 numero.»
975 5608 1046 5665 Vide
1069 5608 1172 5681 quaede
1190 5609 1487 5681 utroquedicunturin
1502 5604 1774 5664 iudicel'raetermis-

125 5675 285 5730 Remittitur
307 5673 342 5729 ad
355 5692 426 5730 xvin
445 5676 580 5737 Octobris.
608 5682 750 5738 «Ciuitate
764 5681 919 5750 Niveduno,
973 5696 1077 5736 sorum.

125 5754 281 5806 sauctorum
296 5745 461 5806 Amantiiet
475 5751 637 5812 Alexandri.
654 5752 786 5813 Coeuobio
801 5752 920 5811 blandu—
1008 5751 1451 5812 iurare-caurusmranscu:
1483 5750 1632 5823 ·l’bilippi
1648 5749 1773 5816 diaconi,
