3834 6136
124 207 175 274 ibi

815 221 967 280 usuattnt
985 223 1147 284 MONACHI

1736 222 1789 282 1⁸18

131 336 276 413 quietibus
285 339 326 400 ab
337 339 461 395 Usuardo
477 349 614 411 repertum
623 348 673 396 est.
687 342 773 398 Porro
789 343 930 402 doiisdem
945 350 970 408 Α
983 348 1108 404 tiatianis
1122 347 1238 404 Romani
1255 347 1391 415 moderni,
1413 360 1502 417 nequo
1525 361 1576 401 nos
1596 348 1691 403 minus
1714 358 1788 407 recte

130 410 303 484 martyribus
325 412 365 467 sic
380 410 463 467 habet
477 412 568 468 Beda:
591 413 687 468 Natali
706 421 857 471 serratarum
871 420 932 474 Ba-

128 482 226 550 silidis,
241 483 338 550 Ciiiiii,
352 484 467 539 Nabaris
477 491 500 537 et
510 485 634 550 Naresii
648 485 720 542 unde
730 503 793 542 suos
804 488 928 545 Adonem

127 554 264 627 accepisse
280 555 349 610 mihi
371 555 529 610 firmissime
570 557 711 624 ersuadeo,
734 557 837 614 omisso
851 571 929 616 caute

127 627 260 694 liutardo,
275 644 356 698 quern
374 627 443 681 fiirte
458 644 521 681 cuni
536 573 733 684 Mediolanensi
749 632 929 687 confunden-

128 698 194 754 dum
212 699 329 771 putavit.
342 698 441 752 Bedain
454 708 529 754 certo
539 702 663 780 seqnitur
676 701 812 768 ltahairus,
828 703 930 759 clarius

126 786 186 826 rem
211 769 415 825 determinans:
443 772 542 837 noina,
559 789 602 826 oia
617 773 742 840 aiii-elia,
756 774 886 829 milliaria
899 793 927 841 v,

125 842 217 914 passio
232 841 360 911 maityris
381 841 521 907 Basilidis,
542 850 607 910 eto,
633 846 720 899 multa
743 844 877 916 adjiciens
896 845 929 901 de

126 913 307 969 translatione
321 928 467 984 corporum
485 913 513 967 in
529 915 667 970 dacter-iis
686 915 852 983 exbibenda,
868 934 929 988 qna

126 984 268 1040 aRahano
291 983 428 1039 Notlrerus
453 1001 550 1056 niagna
573 1002 608 1040 ex
628 996 703 1057 parte
721 989 837 1059 accepit,
864 988 929 1045 licet

127 1054 196 1187 {pse
219 1073 270 1137 pro
284 1073 344 1123 siva,
369 1059 478 1135 opinor,
494 1057 620 1124 arbitria,
637 1068 772 1131 martyres
786 1059 926 1116 dissociet.

151 1135 210 1185 eote
222 1128 308 1204 igitur
320 1135 413 1200 argmt
425 1128 616 1186 lleusaheuius
629 1146 678 1203 pra
694 1131 809 1187 veritate
821 1147 927 1187 annun·

987 421 1136 490 genuinum
1152 419 1266 475 Usuardi
1279 427 1397 485 textum,
1416 419 1480 473 licet
1500 434 1655 485 erroneum,
1672 419 1725 477 hae
1743 421 1789 479 dio

986 493 1142 547 retulimus.
1158 491 1231 557 Quid
1245 492 1278 546 de
1293 491 1423 546 Basilidis
1449 489 1545 556 solius,
1561 489 1628 562 quid
1655 507 1738 562 porro
1753 494 1788 549 de

983 564 1119 618 Basilidis
1134 569 1161 617 et
1175 563 1260 616 trium
1278 562 1322 617 hic
1338 563 1541 616 noiiiinatnrurii
1556 561 1692 617 sociorum
1710 565 1789 622 Actis

987 635 1162 689 sentiendum
1179 634 1255 699 sit,a
1277 633 1462 704 Papelirocluii
1489 633 1598 687 aliunde
1618 634 1788 704 explicatum

983 715 1043 761 est:
1069 714 1096 760 at
1119 722 1169 776 pro
1196 704 1349 760 certissimo
1364 712 1391 758 et
1405 702 1599 776 antiquissimo
1620 707 1697 759 cultu
1713 715 1790 763 stant

984 776 1139 831 indubitata
1162 785 1348 830 ruonunienta.
1371 776 1477 830 Naresii
1501 783 1528 828 ct
1543 774 1614 830 Celsi
1631 777 1734 846 passio,
1749 778 1789 833 in·

983 848 1078 903 ventio
1092 857 1119 902 et
1133 857 1230 902 caetera
1252 848 1285 902 ad
1302 855 1472 901 cassinatus
1495 847 1648 915 spectantia
1665 848 1693 902 in
1708 849 1787 907 Actis

983 936 1074 974 xxviii
1088 919 1154 974 iulii
1170 919 1413 974 examinabuntur.
1433 919 1473 972 En
1490 916 1571 971 niodo
1594 918 1787 977 Wandalherti

983 990 1123 1046 distichon
1138 990 1172 1046 ad
1193 991 1267 1045 hunc
1281 990 1354 1045 diem
1370 990 1480 1060 proprie
1500 989 1661 1060 pertinens:

1044 1079 1153 1129 Carinas
1168 1079 1249 1138 pridie
1263 1079 1368 1138 effulget
1385 1079 1517 1139 Nazarque
1534 1077 1686 1142 Naborque,

1046 1141 1097 1194 His
1111 1150 1136 1191 et
1154 1141 1297 1193 Basilidem
1313 1141 1379 1189 festo
1395 1143 1525 1190 sociamus
1540 1140 1643 1191 eodem.

858 1270 1051 1329 sucatum.

163 1389 285 1443 Tonuua.
315 1402 350 1441 ex
380 1384 625 1440 Mediolanensium
650 1385 739 1457 elogio
761 1393 926 1457 postremam

127 1468 232 1532 partem
253 1466 364 1527 resecat,
387 1455 547 1529 incipiendo
571 1456 605 1511 ab
620 1455 664 1512 his
685 1457 796 1514 verbis:
823 1459 927 1513 Harum

129 1547 253 1602 corporo,
271 1538 323 1585 eta.

163 1603 318 1658 Putasses.
344 1600 386 1656 Ab
410 1600 534 1656 Usuardo
557 1600 656 1656 iterum
678 1601 781 1656 deviat.
804 1602 846 1656 En
868 1599 927 1671 ejus

128 1674 229 1729 verba:
253 1671 367 1727 «Natalis
378 1681 535 1728 sanctorum
549 1672 689 1736 Basilidis,
703 1672 926 1739 Cirini,Naboris

128 1753 156 1802 et
183 1743 288 1800 Nazarii
317 1752 480 1814 martyrarii.
506 1744 609 1811 uanis,
640 1744 738 1799 natalis
767 1752 924 1798 sanctorum

130 1823 284 1888 martyrum
302 1813 402 1869 Felicis
423 1815 627 1883 etMaqilalei.»
658 1815 736 1870 Felix
748 1814 803 1870 huo
817 1815 930 1870 aliunde
946 1799 969 1858 Β

129 1895 170 1945 est
190 1887 329 1942 intrusus:
346 1887 425 1944 alter.
442 1887 512 1941 farte
523 1887 701 1953 Meeidaletes,
719 1886 823 1958 Tripoli
840 1886 929 1942 ascri-

129 1958 236 2015 bendus
251 1959 370 2014 videtur.
394 1958 480 2013 «item
496 1959 582 2013 sancti
598 1958 698 2013 llelidii
715 1957 859 2031 episcopi.»
875 1958 930 2014 Neo

130 2030 233 2088 scimus
255 2030 327 2086 unde
341 2029 388 2085 hic
403 2031 493 2085 locum
510 2029 561 2085 hae
576 2029 620 2085 die
634 2030 782 2086 invenerit.

166 2103 314 2160 Rosvsvn.
341 2103 429 2157 textui
445 2118 513 2174 pirro
530 2102 558 2156 in
573 2101 627 2157 fine
642 2102 765 2158 adnectit
781 2119 787 2157 :
812 2100 930 2158 «Natale

131 2174 219 2231 sancti
239 2172 332 2229 Odulfi
347 2172 500 2245 presbyteri
515 2181 542 2227 et
557 2173 722 2229 confessoris
750 2200 759 2223 i

165 2246 306 2301 mosne.
324 2253 351 2300 et
375 2245 574 2301 Mam-Luam.
593 2245 634 2300 sic
657 2245 739 2301 hodie
759 2255 928 2303 memorant:

139 2315 325 2384 «Mediolano,
351 2317 486 2372 festivitas
509 2327 665 2372 sanctorum
687 2318 794 2373 Nazarii
819 2326 845 2373 ot
859 2318 930 2375 Celsi

131 2396 297 2460 martyrum,
327 2389 436 2461 quando
463 2388 547 2444 iidem
573 2388 646 2444 beati
663 2398 798 2462 martyres
822 2391 931 2445 abeata

132 2459 279 2516 Ambrosio
303 2460 409 2516 inventi
436 2470 500 2516 sunt
528 2469 555 2516 et
581 2461 716 2528 translati,
743 2470 819 2517 tanta
845 2462 932 2533 qratia

132 2531 264 2597 decorati,
281 2541 311 2586 ut
327 2533 438 2601 sanquis
453 2548 547 2587 eorum
563 2533 639 2603 quasi
657 2534 844 2589 recentissime
856 2534 931 2590 vide·

133 2612 209 2658 retur
223 2601 334 2668 affusus,
350 2610 376 2656 et
387 2603 475 2673 capita
484 2603 560 2673 quasi
572 2619 603 2658 eo
616 2604 661 2658 die
671 2604 790 2659 abscissa
798 2605 929 2661 fuissent:

132 2680 296 2743 tantumque
316 2688 411 2727 enines
437 2681 582 2727 senserunt
604 2674 727 2740 odorem,
753 2684 784 2731 ut
806 2678 930 2730 oninium

132 2751 286 2800 aromatum
309 2744 434 2797 vinceret
469 2742 643 2798 suavitatem.
684 2746 830 2801 Festiiitas
868 2763 932 2802 vera

133 2831 227 2871 eorum
246 2813 336 2882 agitur
351 2831 367 2867 v
383 2814 444 2868 Kal.
471 2814 598 2884 Augusti.
625 2816 727 2872 Eodem
744 2816 798 2884 die,
819 2826 933 2872 sancto-

133 2902 198 2967 rum
219 2893 372 2956 martyrum
399 2884 538 2953 Basilidis,
569 2885 667 2954 Cirini,
691 2887 807 2944 Nabaris
828 2898 855 2945 et
873 2890 933 2944 Na-

133 2973 237 3014 tarn.»

169 3029 293 3085 masne.
307 3035 334 3083 et
352 3029 451 3084 Dama.
473 3029 511 3083 sic
529 3029 695 3085 ordiuntur:
723 3052 732 3076 ι
747 3030 826 3102 Apud
844 3033 931 3086 Aure·

134 3101 200 3158 liam
214 3100 366 3158 civitatem.
383 3101 473 3155 natale
490 3100 561 3156 beati
582 3101 721 3168 Basilidis,
741 3103 788 3174 qui
812 3101 933 3158 Domina

132 3179 280 3246 apparente
291 3179 318 3226 et
329 3170 454 3242 jubente.
472 3181 502 3227 ut
512 3173 606 3227 omnia
616 3190 665 3227 sua
680 3173 812 3229 venderet
826 3183 853 3230 et
866 3189 932 3299 pau·
949 3158 971 3217 G

133 3244 244 3317 peribus
256 3250 388 3313 erogaret,
406 3251 531 3314 parentes
545 3261 608 3301 suos
620 3244 864 3301 visitaturusdure
878 3245 931 3299 iam

132 3314 219 3383 veuit,
236 3314 328 3386 ibique
351 3314 402 3369 sub
424 3316 583 3385 Aureliano,
605 3333 668 3372 oum
695 3316 796 3372 sanctis
817 3317 930 3387 Cyrino,

132 3386 237 3444 Nahars
261 3393 287 3442 et
302 3386 425 3452 Nazario,
452 3389 570 3459 palmam
593 3388 719 3460 martyrii
743 3390 924 3459 promeruit·

132 3459 197 3514 Maec
212 3457 335 3512 fabulose
350 3458 481 3512 adornata
495 3476 561 3527 esse,
574 3459 657 3515 niniis
667 3476 748 3532 quam
760 3469 930 3530 compertum

132 3537 183 3586 est.
198 3527 346 3600 Sequitur:
371 3554 380 3574 ‹
395 3528 553 3597 Mediolani,
575 3533 664 3584 natale
684 3538 840 3585 sanctorum
853 3547 932 3584 mar-

133 3609 226 3672 tyrum
248 3597 356 3655 Nazarii
381 3607 408 3653 et
423 3597 494 3653 Celsi
520 3603 607 3680 pueri,
629 3601 738 3672 quande
760 3601 843 3656 iidem
859 3601 932 3657 beati

133 3677 270 3741 martyres
285 3668 390 3723 abesto
402 3670 582 3737 Aiirlirosio,›
603 3678 654 3726 etc.
672 3671 772 3725 Eadem
786 3671 879 3726 omnia
891 3689 931 3727 re·

133 3742 271 3807 feruntur,
292 3755 352 3812 que
375 3754 411 3794 ex
430 3739 572 3797 Assuras.
589 3752 616 3798 et
630 3742 822 3798 Max-Luam.
849 3759 931 3815 supra

134 3811 272 3868 dedimus.

169 3884 422 3949 maurae-Mar,
439 3884 570 3950 Uarrus,
591 3882 714 3939 bavarii.
738 3891 765 3939 et
787 3901 852 3940 sois
873 3885 931 3941 Ur.-

132 3955 322 4022 rusa-Bata,
336 3955 436 4010 eisdem
446 3955 529 4081 plane
549 3954 625 4010 vitiis
639 3954 773 4021 laborant,
792 3963 819 4011 et
831 3958 860 4013 in
876 3956 931 4012 fine

133 4034 262 4098 praterea
274 4027 379 4082 addunt
392 4045 398 4081 :
422 4050 431 4072 ι
454 4044 508 4153 pso
519 4025 574 4094 die,
589 4026 675 4082 sancti
684 4026 807 4097 (idulphi
819 4028 929 4098 presby-

131 4098 185 4154 teri
199 4105 227 4153 et
236 4097 408 4154 confessoris.
423 4123 431 4143 ·
465 4115 570 4164 ravam,
591 4098 639 4154 reli
663 4097 705 4153 uis
720 4097 801 4153 etiam
817 4099 928 4166 similis,

132 4168 227 4225 deficit
238 4169 266 4223 in
276 4169 365 4240 elogio
378 4170 484 4224 Naias-ii
497 4177 524 4223 et
534 4170 616 4237 Celsi,
632 4114 677 4226 uit
689 4177 750 4243 past
760 4171 927 4239 suaei'tateai,
949 4190 954 4199 ·

132 4241 247 4308 omittit,
258 4239 387 4309 festieilas
403 4258 471 4306 iiiia,
487 4250 539 4296 eto.

168 4312 326 4369 Cauruasri.
343 4331 349 4368 :
360 4312 538 4379 «Mediolani,
550 4311 674 4368 inventio
684 4312 928 4369 ettranslatiosan·

132 4391 240 4440 etorurn
255 4383 362 4439 Nazarii
378 4391 404 4438 et
413 4384 484 4439 Celsi
499 4393 663 4457 martyrum.
683 4386 749 4440 ltein
761 4385 832 4440 heiti
847 4385 929 4440 Basi-

133 4454 208 4523 lidis,
224 4455 332 4527 Cyrini,
348 4455 482 4512 Nabaris:
498 4455 545 4512 sed
556 4464 583 4511 et
597 4456 702 4512 Nazarii
717 4464 744 4512 et
760 4457 841 4525 Celsi,
858 4474 927 4530 quos

131 4526 201 4583 duos
215 4542 308 4598 passos
322 4527 471 4601 antiquitas
484 4537 710 4585 commemorat.»
732 4529 833 4601 Nempe
845 4531 927 4585 Bbre-
941 4513 966 4572 D

131 4598 207 4664 durii,
223 4608 253 4653 ut
268 4615 303 4653 ex
318 4599 413 4654 Arione
429 4600 454 4653 in
471 4599 717 4656 Obseriaiimiibiis
734 4601 867 4656 diximus.

167 4667 365 4724 Bausssasu:
391 4694 399 4715 ι
415 4670 495 4741 Apud
509 4671 648 4726 Aureliam
665 4671 838 4736 civitatem»
859 4678 926 4740 eta,

132 4745 162 4793 ut
177 4754 260 4809 supra
273 4739 445 4806 basenens„
459 4742 554 4796 basiis.
569 4749 596 4796 et
606 4742 664 4797 alii.
676 4742 745 4796 Tum
756 4759 762 4796 :
773 4765 782 4787 ι
792 4743 828 4796 Ει
838 4744 928 4798 natale

130 4816 288 4865 sanctornm
317 4819 469 4880 martyrum
494 4811 601 4865 Nazarii
618 4819 644 4866 et
666 4811 737 4867 Celsi
751 4813 839 4884 pueri.
855 4813 929 4879 Ques

130 4879 201 4938 duos
216 4895 308 4952 passas
322 4878 406 4934 fuisse
416 4880 488 4951 apud
501 4881 724 4937 Bvredunensem
740 4883 836 4938 urbem
859 4885 928 4939 anti·

130 4952 221 5025 quitas
236 4950 413 5007 memorando
438 4951 565 5007 celebrat.
582 4953 651 5008 Nam
674 4954 812 5010 huolinus
831 4970 928 5025 praises

130 5026 181 5080 suli
197 5023 272 5081 rabie
287 5022 515 5096 persecutionis·
538 5032 590 5079 ete.
609 5025 679 5080 viia
693 5025 769 5081 falsis
783 5026 925 5094 admiscet,

129 5104 295 5152 connectens
308 5105 335 5151 et
350 5096 519 5167 interpolans
535 5095 601 5151 bina
613 5095 722 5151 diversa
741 5097 829 5165 elopia
841 5113 927 5170 supe-

129 5167 188 5222 rins
201 5167 274 5223 data.
289 5169 321 5224 ln
331 5167 385 5223 linc
399 5184 404 5221 :
428 5166 552 5239 ‹Etipsa
563 5166 617 5236 die,
630 5168 717 5223 saneti
728 5168 850 5241 Odulphi
862 5186 925 5226 eiiu-

129 5236 274 5293 fossoris,

166 5308 345 5366 Hsaauovsa.
360 5312 427 5366 :‹Ia
438 5310 602 5378 Mediolano,
616 5311 757 5369 translatio
767 5323 924 5371 sanctorum

129 5377 224 5433 Nazari
239 5388 265 5434 et
280 5381 350 5436 Celsi
369 5391 531 5456 martyrum.
548 5382 652 5438 Horum
662 5401 787 5456 corpora,
800 5394 830 5440 ut
850 5387 924 5441 seri-

129 5448 206 5531 hit.»
227 5457 279 5505 etc.
296 5451 366 5506 Vide
385 5455 467 5509 dieta.
489 5455 636 5528 Sequitur:
662 5480 670 5502 .
686 5456 767 5528 Apud
783 5458 923 5513 Aureliam

128 5527 304 5599 civitatem»
323 5529 387 5589 eta,
402 5534 431 5579 ut
450 5543 541 5597 supra.
563 5529 678 5582 Domum
690 5544 699 5580 .·
727 5527 850 5582 ‹nodein
867 5527 922 5596 die,

128 5607 143 5645 a
164 5590 200 5646 ud
215 5591 369 5671 trajectum
391 5593 516 5675 inferius,
530 5598 665 5670 depositio
680 5599 767 5655 sancti
790 5598 921 5671 (idulphi,

150 5677 260 5719 anonrcr
275 5673 433 5743 orariastern
450 5670 536 5724 sancti
551 5671 711 5728 Salvatoris.
726 5670 778 5739 Qui
795 5671 922 5743 Frysiam

126 5750 190 5790 enm
200 5741 294 5816 saneto
308 5734 448 5816 Friderico
462 5738 582 5812 episcopi
598 5758 647 5798 suo
658 5743 754 5800 iterato
773 5743 920 5800 convertit.

126 5805 163 5866 Bt
176 5821 241 5881 qma
254 5821 345 5879 ipsum
353 5805 471 5878 benigue
484 5824 541 5866 non
550 5811 707 5883 audierunt,
722 5815 921 5888 predixitba-

984 1405 1034 1444 nos
1048 1402 1130 1459 super
1142 1401 1187 1441 eos
1200 1400 1257 1440 esse
1272 1392 1415 1452 venturos,
1439 1391 1467 1439 ot
1484 1383 1585 1440 multos
1608 1392 1746 1456 martyres
1761 1387 1791 1443 in

984 1459 1081 1531 Frysia
1096 1473 1153 1513 esse
1166 1458 1285 1524 futuros,
1297 1455 1374 1511 etsie
1385 1455 1488 1511 factum
1501 1463 1551 1511 est.
1573 1455 1697 1529 Denique
1716 1459 1793 1515 eirea

984 1530 1066 1585 finem
1082 1531 1227 1595 vitassem,
1245 1527 1442 1583 inonasterinm
1465 1526 1493 1581 in
1511 1527 1607 1597 Frysia
1628 1528 1789 1599 melificavit,

984 1611 1011 1657 et
1026 1617 1099 1656 mare
1114 1600 1173 1655 illic
1192 1607 1342 1655 venturum
1359 1598 1499 1670 predixit.
1515 1597 1619 1653 Deinde
1631 1598 1790 1671 Traiectum

984 1673 1067 1729 rediit
1078 1680 1105 1727 et
1119 1672 1147 1726 in
1163 1687 1226 1752 paee
1242 1671 1322 1726 obiit.
1343 1694 1352 1717 i
1376 1670 1442 1727 llaec
1453 1686 1488 1725 ex
1504 1669 1567 1727 Vita
1584 1679 1696 1743 accepta
1712 1681 1788 1740 sunt,

985 1762 1067 1818 quam
1083 1743 1147 1798 vide
1163 1759 1190 1797 in
1206 1742 1295 1797 Actis.

1020 1813 1480 1870 sarrire,urinas-Uraniae.:
1502 1810 1791 1884 «uasittitts,Cyrtiiiai

985 1887 1102 1943 Nabaris
1126 1893 1290 1956 martyrum.
1308 1883 1428 1954 Odulphi
1454 1883 1629 1950 confessoris,
1655 1883 1790 1941 Canonici

986 1958 1072 2015 sancti
1094 1955 1243 2013 Salvatoris
1265 1954 1455 2026 Trajcetensis.
1481 1955 1597 2021 Qunerae
1617 1953 1737 2028 virginis
1762 1964 1789 2014 et

985 2029 1127 2101 martyris,
1142 2045 1202 2100 quae
1227 2027 1280 2081 fuit
1296 2043 1350 2081 una
1372 2026 1509 2082 sodalium
1532 2026 1617 2082 beata
1639 2028 1782 2084 Ursulo.»

984 2101 1055 2159 Vide
1071 2098 1249 2171 Papebrocliii
1267 2098 1525 2155 Commentariuiii..

1020 2174 1158 2228 hareses.
1173 2189 1179 2226 :
1198 2169 1376 2234 «Aurelianis,
1392 2171 1535 2224 translatio
1550 2168 1651 2237 Enim,
1665 2169 1790 2297 episcopi

984 2254 1011 2302 et
1025 2243 1223 2301 confessoris.»
1245 2243 1324 2296 Forte
1348 2242 1467 2297 Eiaaitii
1482 2242 1525 2297 vel
1542 2241 1658 2297 Boorlii.
1697 2259 1712 2298 e
1734 2258 1789 2316 quo

985 2316 1122 2390 agendum
1132 2316 1184 2370 erit
1199 2314 1271 2369 infra
1285 2312 1319 2368 ad
1334 2330 1372 2368 vn
1386 2312 1564 2383 Septembris.

1021 2390 1189 2443 Faoiiasrm.
1204 2385 1254 2440 Hic
1267 2401 1361 2439 rursus
1377 2386 1527 2440 multorum
1539 2382 1678 2443 confusio.
1690 2384 1720 2439 in
1735 2385 1787 2440 ali·

986 2460 1087 2534 quibus
1100 2456 1260 2514 Pulsanensi
1278 2473 1332 2511 non
1350 2456 1510 2511 dissimilis:
1531 2455 1571 2511 sic
1582 2455 1666 2512 refert
1681 2456 1789 2512 Srnoz-

985 2549 1070 2598 ziam,
1087 2531 1115 2586 ni
1134 2530 1232 2584 fallar:
1251 2529 1332 2600 «lpse
1347 2527 1402 2594 die,
1419 2529 1510 2584 Home
1526 2527 1571 2582 via
1587 2526 1715 2595 Aurelia,
1731 2528 1789 2583 mi-

985 2603 1066 2659 liario
1076 2619 1139 2666 vin,
1152 2601 1317 2656 monasteriii
1327 2599 1434 2665 Nirino,
1448 2598 1537 2670 passio
1547 2606 1707 2655 sanctorum
1720 2615 1788 2654 mar·

985 2683 1078 2743 tyrum
1106 2671 1245 2738 Basilidis,
1269 2669 1388 2735 Tribuli,
1405 2670 1516 2736 Malchi,
1540 2670 1654 2738 Daletis,
1683 2669 1787 2740 Cibini,

986 2744 1109 2825 Tropuli,
1137 2742 1239 2808 Aurili,
1264 2742 1400 2797 Doiiatelli
1424 2749 1449 2795 et
1472 2742 1640 2798 Secunda.»
1672 2742 1746 2799 Vide
1760 2743 1787 2798 iu

986 2819 1064 2871 dctis
1079 2815 1191 2868 niiinina
1202 2813 1318 2867 veriora.
1336 2837 1344 2858 ‹
1357 2814 1434 2873 lteiii.
1447 2817 1537 2868 natale
1548 2821 1707 2868 sanctoruni
1722 2830 1789 2868 niar-

986 2896 1079 2959 tyrmn
1093 2885 1220 2940 basilidis
1232 2894 1258 2939 ct
1269 2884 1367 2939 Cirini.
1380 2885 1447 2939 item
1461 2886 1563 2951 ltonim,
1576 2886 1671 2940 natale
1685 2891 1790 2941 sancto·

986 2976 1062 3039 runi·
1074 2957 1173 3013 Felicis
1193 2965 1219 3012 et
1235 2955 1410 3027 Magdalenae.
1428 2957 1494 3011 ltem
1519 2957 1606 3012 saneti
1621 2956 1713 3013 utlaii
1727 2957 1790 3030 epi·

988 3047 1034 3086 sco
1056 3047 1099 3084 a·

1048 3117 1122 3156 arrio
1146 3097 1358 3166 huesca-Cos„
1384 3098 1476 3154 littera
1498 3097 1631 3170 singulari
1658 3107 1787 3157 notatur:

994 3199 1002 3220 ι
1015 3173 1045 3227 ln
1060 3171 1163 3242 oppido
1175 3171 1276 3237 Remis,
1289 3170 1379 3240 passio
1390 3177 1490 3225 sancta
1501 3169 1615 3226 Cunerae
1626 3169 1746 3242 virginis
1763 3179 1789 3228 et

989 3242 1167 3325 aiartyris,de
1176 3241 1467 3297 societatesanctarum
1475 3240 1602 3296 undecim
1614 3242 1723 3298 niiliam
1735 3243 1788 3298 vir·

987 3315 1093 3385 pinum.
1107 3313 1187 3386 Apud
1201 3312 1340 3368 Aureliam
1352 3312 1503 3379 civitatem,
1518 3314 1608 3367 natale
1621 3312 1696 3369 beati
1707 3314 1789 3370 Basi-

987 3385 1084 3450 lidis,»
1101 3394 1154 3441 eto.
1166 3386 1271 3442 Rursus
1282 3403 1287 3440 :
1299 3384 1476 3451 «Mediolani,
1492 3383 1618 3440 inventio
1628 3397 1789 3443 sanatorum

988 3465 1139 3527 martyrum
1157 3456 1263 3512 Nazarii
1279 3466 1306 3512 et
1314 3455 1386 3511 Celsi
1402 3456 1478 3527 pueri
1492 3474 1497 3510 :
1515 3456 1561 3527 qni
1585 3456 1703 3524 iidein,·
1725 3465 1787 3527 eto,

986 3537 1017 3582 iit
1031 3528 1139 3584 abunde
1154 3545 1186 3582 su
1208 3544 1245 3582 m.
1265 3529 1312 3583 ‹ln
1328 3527 1453 3598 Trajecto
1468 3527 1604 3594 inferiori,
1616 3529 1708 3585 natale
1716 3528 1787 3584 beati

986 3600 1107 3669 Odulphi
1125 3546 1277 3670 presRyteri
1293 3606 1319 3653 et
1336 3599 1532 3655 confessuris.»
1551 3598 1622 3654 Vide
1635 3616 1720 3681 supra
1733 3602 1788 3657 elo·

986 3672 1060 3743 giam
1072 3670 1264 3737 lisseiacum„
1282 3677 1308 3724 et
1323 3677 1409 3724 totam
1425 3669 1489 3724 vitae
1504 3668 1649 3725 historiam
1666 3688 1695 3727 in
1710 3673 1789 3729 Actis

986 3742 1099 3797 nastris.

1021 3814 1117 3868 Baris.
1134 3819 1195 3882 post
1209 3811 1316 3881 reperit,
1332 3810 1473 3884 adjungit:
1498 3836 1507 3859 ι
1523 3811 1574 3867 Sed
1590 3812 1731 3870 festivitas
1744 3831 1787 3871 eo-

984 3901 1057 3952 rum,
1072 3909 1081 3931 i
1099 3890 1152 3939 eto.
1168 3884 1202 3938 Et
1212 3884 1298 3938 altera
1311 3883 1396 3939 editio
1410 3884 1437 3939 iu
1453 3883 1507 3939 line
1523 3894 1653 3955 praeterea
1668 3886 1764 3943 subdit
1779 3904 1786 3942 :

992 3955 1177 4024 «Aurelianis,
1198 3955 1269 4010 beati
1282 3955 1391 4011 Evurtii
1404 3956 1523 4027 episcopi
1535 3963 1562 4011 et
1572 3957 1754 4017 confessoris.
1771 3983 1781 4008 i

984 4027 1069 4098 Cujus
1082 4026 1199 4081 natalem
1220 4026 1343 4081 diximus
1359 4044 1440 4152 snpra
1452 4027 1535 4082 recoli
1550 4045 1590 4083 vir
1601 4029 1784 4101 Septembris.

1020 4099 1164 4154 Gemitu:
1188 4098 1240 4152 «ln
1260 4098 1362 4165 Sootia,
1410 4099 1513 4153 eriiiani
1543 4099 1745 4175 archiepiscopi
1759 4109 1788 4158 et

983 4169 1177 4226 confessoris.»
1199 4169 1229 4222 In
1251 4169 1327 4224 Actis
1342 4177 1456 4225 vocatur
1476 4173 1624 4228 Teriiaiias.
1651 4174 1708 4230 «ln
1723 4174 1788 4230 Tra·

980 4240 1054 4312 jecto
1063 4239 1199 4306 inferiori,
1212 4240 1299 4295 sancti
1309 4240 1430 4313 Odulphi
1444 4241 1596 4314 presbyteri
1608 4251 1636 4299 at
1648 4245 1787 4302 contessa

983 4314 1030 4380 ris,
1045 4311 1166 4383 ejusdem
1183 4310 1364 4381 Trajectensis
1384 4314 1505 4369 ecelesiae
1521 4315 1658 4371 canonici.
1675 4316 1721 4371 Ad
1740 4333 1786 4373 eu·

979 4383 1025 4457 jus
1038 4384 1166 4439 meritum
1181 4383 1311 4439 amnibus
1326 4383 1537 4452 ostendendum,
1553 4402 1615 4441 enin
1632 4403 1717 4444 omne
1727 4388 1787 4460 ejus

982 4455 1130 4512 aedificium
1144 4455 1253 4511 flamma
1274 4472 1359 4511 vorax
1375 4456 1580 4528 absumpsisset,
1608 4458 1725 4516 baculus
1738 4469 1787 4516 ta-

982 4544 1055 4597 men,
1076 4544 1131 4600 quo
1153 4528 1253 4582 seniles
1279 4535 1355 4582 artus
1370 4534 1523 4582 sustentare
1546 4539 1741 4597 consueverat,
1756 4532 1786 4587 in

982 4617 1036 4673 quo
1050 4608 1077 4656 et
1092 4598 1219 4655 tabellam
1235 4607 1352 4653 ceratam
1369 4598 1402 4654 ad
1418 4599 1531 4654 nomina
1550 4599 1675 4656 fidelium
1692 4618 1787 4658 anno-

982 4671 1065 4726 tanda
1084 4669 1211 4733 habehat,
1236 4669 1274 4723 ita
1289 4676 1411 4741 repertus
1427 4680 1467 4726 est
1483 4671 1596 4737 illaesus,
1616 4681 1648 4727 ut
1660 4690 1698 4730 ne
1714 4690 1787 4732 unus

982 4741 1095 4815 quidem
1117 4740 1230 4810 apesin
1251 4756 1312 4795 aera
1326 4739 1484 4812 deperierit.
1502 4743 1531 4797 ln
1557 4743 1660 4815 oppida
1677 4746 1785 4817 Rauen,

983 4818 1084 4868 sancte
1100 4811 1213 4867 Cunero
1230 4811 1347 4882 virginis
1361 4821 1388 4867 ct
1403 4815 1542 4886 martyris.
1553 4814 1618 4880 Quas
1637 4832 1704 4873 oum
1714 4826 1787 4874 esset

982 4883 1016 4940 de
1030 4884 1160 4940 societate
1186 4891 1342 4938 sanctarum
1368 4901 1397 4939 xi
1414 4885 1522 4940 milium
1548 4886 1701 4955 virginum,
1718 4888 1785 4960 ipsis

982 4965 1073 5012 tamen
1098 4954 1269 5027 aliquamdiu
1292 4972 1324 5009 su
1344 4963 1438 5024 erstes.
1456 4956 1565 5027 pietatis
1586 4956 1688 5014 studiis
1702 4959 1788 5016 valde

981 5029 1097 5090 intenta,
1109 5025 1142 5080 ad
1155 5026 1281 5098 martyrii
1293 4972 1411 5098 paimam
1425 5029 1523 5083 meruit
1538 5029 1694 5100 pervenire.
1706 5032 1786 5090 »lam

981 5099 1051 5167 dixi,
1069 5099 1162 5154 Vitam
1177 5097 1205 5152 in
1222 5099 1298 5153 notis
1313 5098 1487 5153 illustratam.

1016 5171 1137 5234 Morsu,
1160 5169 1288 5224 nltinmm
1305 5177 1398 5224 textus
1417 5187 1525 5225 sensnm
1541 5187 1722 5244 prosequens,
1738 5174 1785 5231 ad·

980 5240 1030 5307 dii,
1050 5249 1096 5297 «et
1110 5240 1227 5306 Nazarii,
1239 5257 1355 5313 quorum
1368 5242 1502 5297 Nabnrenr
1519 5251 1546 5298 et
1559 5243 1718 5311 Nazariuin,
1739 5246 1784 5303 si-

980 5315 1036 5370 mul
1060 5331 1123 5371 oum
1138 5315 1277 5383 dorganio
1302 5323 1422 5385 martyre
1445 5315 1616 5370 transtulita
1640 5317 1731 5374 Boura
1754 5319 1785 5375 iu

979 5386 1095 5441 Galliam
1118 5385 1310 5457 Crodeqandus
1336 5386 1463 5443 Metensis
1487 5388 1643 5468 episcopus,
1660 5390 1784 5461 permit-

978 5458 1231 5530 tentePauloPapa
1249 5459 1462 5527 lloniano,anno
1481 5458 1634 5515 Dominicis
1651 5460 1783 5518 incarna-

978 5529 1062 5585 tionis
1075 5547 1181 5586 ccccxv
1192 5531 1372 5586 etcolloaavit
1392 5531 1539 5602 predictus
1552 5531 1699 5603 episcopus
1714 5549 1783 5588 san-

977 5609 1051 5657 etum
1063 5601 1233 5672 Gorgonium
1243 5603 1271 5657 in
1280 5604 1456 5670 monasterio,
1469 5604 1542 5676 quod
1553 5604 1658 5660 dicitur
1669 5603 1778 5661 Geraia:

976 5681 1100 5728 sanctum
1116 5689 1182 5728 vero
1196 5674 1331 5729 Nahorem
1347 5675 1376 5729 in
1400 5675 1565 5732 monasterio
1584 5675 1658 5748 quod
1674 5676 1780 5733 dicitur

974 5743 1121 5800 Novacella
1134 5764 1139 5800 :
1151 5754 1276 5801 sanctum
1287 5762 1395 5818 qnoque
1404 5746 1549 5802 Nazarium
1566 5747 1596 5802 in
1608 5746 1778 5804 monasterio

975 5813 1049 5888 quod
1067 5816 1170 5875 dieitur
1183 5816 1345 5886 heresbain,
1360 5816 1408 5872 ulii
1436 5817 1515 5887 signa
1540 5825 1567 5874 et
1595 5817 1732 5877 miracula
1747 5819 1776 5874 iu
