3834 6136
223 215 294 274 ttts

737 199 858 260 HERlCl
875 197 1037 258 MONACHI
1054 191 1383 255 nnutssmnonunsts

1812 188 1878 249 tttt

221 366 381 434 miraculis,
400 365 569 429 Ravennam,
587 373 641 432 quo
656 346 880 428 tuncimperator
893 370 957 410 cunr
971 368 1027 408 ma·
1042 355 1068 415 A
1081 362 1137 411 ctu.
1155 354 1235 422 Quod
1248 355 1312 428 quia
1341 351 1379 408 ita
1401 347 1547 422 contigisse
1564 343 1746 402 manifestum
1768 353 1821 414 est,
1835 348 1877 404 eui

221 465 262 514 tre
275 465 390 528 augusta
404 454 510 526 agebat,
527 451 576 509 diu
594 449 658 504 licet
679 452 866 519 exspectatus,
882 442 1021 516 pervenit;

221 548 315 621 ibique
330 546 365 603 ad
381 545 528 603 arbitrium
543 557 636 607 suum,
651 557 701 613 pro
715 537 816 610 quibus
830 534 948 609 petebat,
971 549 1024 605 pa-

222 655 280 695 cem
297 645 324 694 11
339 636 514 693 securitatem
530 631 664 689 obtinuit.

258 728 302 784 te.
319 726 436 793 Verum,
448 722 512 797 quia
523 720 634 779 mobilis
644 717 730 776 animi
745 717 860 790 perfidia
873 713 1024 786 indiscipli-

222 827 318 875 natum
335 817 469 889 populum
482 814 516 869 ad
528 812 706 868 rebellionem
718 807 862 882 pristinam
874 803 1023 879 revocavit,

222 922 278 964 non
293 907 382 961 inulto
393 911 455 976 post
469 901 688 975 ejusexcessum,
699 897 855 971 tyrannica,
872 911 953 968 quarn
969 893 1025 965 ipse

223 994 323 1050 invita
340 1007 389 1048 sna
406 997 614 1063 compresserat,
633 988 743 1060 gravius
759 987 787 1042 in
804 985 927 1041 infelices
941 997 1025 1038 emer·

223 1081 260 1137 sit
274 1081 444 1146 immanitas,
458 1082 565 1149 Alanis,
582 1079 681 1136 Gothis
696 1088 723 1135 et
732 1074 876 1135 Wandalis
886 1072 920 1129 ab
930 1070 1024 1143 hispa-

223 1170 279 1226 niis
291 1169 321 1226 in
336 1169 470 1235 Africam,
488 1169 554 1226 hinc
567 1170 598 1224 in
613 1168 717 1225 Gallias
732 1164 892 1240 progressis,
908 1159 1025 1218 univer-

224 1274 306 1331 saque
333 1259 416 1328 ferro,
445 1258 563 1314 flammis
589 1265 617 1313 et
641 1255 768 1313 vastitate
798 1251 1023 1327 proterentibus;

224 1347 342 1404 necdum
356 1356 616 1421 supramemoratus
630 1344 822 1402 sanctissimus
838 1341 962 1398 Arrianus
979 1354 1025 1394 ex-

223 1445 357 1505 cesserat;
373 1437 463 1494 adhuc
477 1435 716 1493 reverentissimus
728 1433 833 1505 collega
849 1430 909 1503 ejus
920 1429 1024 1502 Lupus,

225 1526 448 1584 Trecassinorurn
472 1527 597 1594 antistes,
622 1523 760 1582 coelestem
782 1521 811 1577 in
834 1518 915 1577 terris
930 1517 1025 1589 agebat

224 1619 310 1675 vitam
324 1636 330 1685 ;
355 1618 456 1691 quique
472 1617 579 1689 plebem
605 1632 682 1673 suam
697 1631 713 1670 a
726 1600 874 1669 barbarica
884 1608 1025 1664 ferocitate

1080 443 1114 501 de
1129 443 1301 516 prescientia
1315 442 1357 498 sui
1373 438 1505 496 transitus
1519 437 1599 493 liceat
1614 432 1767 506 ambigere,
1784 432 1831 507 qui
1848 433 1878 491 de

1080 550 1108 591 se
1125 541 1211 602 tanta,
1234 540 1345 605 tamque
1366 528 1505 588 evidentia
1528 523 1677 602 predicere
1699 522 1822 596 potuit?
1843 524 1877 580 lta

1081 640 1146 680 vero
1162 631 1272 680 sanctus
1286 631 1313 678 et
1326 621 1458 679 charitate
1475 616 1575 674 anxius
1589 613 1682 687 etjam
1697 612 1814 685 jamque
1827 613 1877 671 im-

1081 713 1213 769 minentis
1229 712 1320 769 obitus
1331 727 1386 767 non
1402 710 1526 783 ignarus,
1537 705 1696 777 nihilprins
1706 703 1876 777 duxit,quan

1081 801 1191 859 Domini
1208 808 1341 875 praecepta
1353 800 1503 871 complere,
1514 813 1597 870 seque
1610 795 1705 868 ipsum
1717 792 1875 851 circafinen

1080 908 1129 964 pro
1143 891 1238 948 ovium
1253 891 1356 951 Christi
1368 887 1537 947 relevatione
1547 883 1781 959 impendere.llis
1796 883 1833 940 ita
1844 885 1876 941 lo

1080 982 1157 1051 catis,
1169 982 1309 1055 proposita
1321 988 1486 1053 repetamus.

1117 1072 1161 1129 tt.
1176 1074 1208 1128 ln
1223 1080 1355 1145 apparatu
1368 1068 1494 1127 defuncti
1510 1083 1558 1124 sua
1569 1067 1702 1125 certatim
1717 1083 1815 1124 omnes
1829 1075 1876 1128 stu·

1080 1161 1126 1217 dia
1145 1162 1321 1219 contulerunt
1338 1178 1343 1217 :
1360 1160 1486 1227 Aeolius,
1505 1157 1606 1230 regalis
1625 1155 1795 1231 prepositus
1809 1161 1876 1216 cubi·

1080 1251 1148 1319 culi,
1167 1250 1246 1323 cnjus
1259 1250 1363 1306 dudum
1380 1266 1495 1322 puerum
1514 1247 1548 1305 ab
1564 1245 1738 1304 atrocissimi
1751 1247 1878 1305 daemonis

1080 1347 1155 1413 peste
1164 1347 1317 1410 curaverat,
1337 1339 1494 1396 venerabile
1515 1353 1617 1409 corpus
1633 1335 1803 1393 multiformi
1817 1354 1878 1394 aro·

1080 1440 1184 1487 rnatum
1199 1429 1398 1503 compositione
1411 1428 1540 1486 confecit.
1558 1429 1688 1500 Augusta
1701 1433 1733 1482 ut
1751 1427 1879 1485 1111111-

1080 1530 1172 1577 secuta
1188 1520 1288 1589 fuerat,
1305 1527 1416 1576 mortuo
1430 1533 1540 1592 quoque
1554 1533 1590 1572 err
1604 1517 1704 1572 auimo
1719 1515 1827 1572 deferre
1841 1517 1877 1574 de·

1080 1610 1216 1677 siderans,
1231 1610 1300 1666 sacri
1324 1609 1430 1681 glebam
1451 1607 1597 1665 cadaveris
1615 1607 1745 1679 operosis
1760 1623 1793 1664 ac
1809 1607 1877 1662 valde

224 1706 352 1779 precibus
367 1713 522 1779 protegens,
539 1705 611 1762 sicut
621 1704 650 1760 in
666 1704 772 1776 hymno
783 1697 943 1757 festivitatis
955 1694 1023 1767 ejus,
1042 1718 1064 1777 B
1079 1701 1228 1759 subtilibus
1237 1702 1390 1759 cumulavit
1404 1699 1586 1768 indumentis,
1598 1698 1635 1755 ad
1648 1698 1678 1754 id
1693 1698 1875 1756 devehendum

223 1797 393 1864 1111111111,
411 1797 531 1865 canitur,
556 1796 628 1850 llum
649 1792 723 1848 bella
740 1798 841 1847 cuncta
865 1784 1024 1860 perderent,

224 1884 328 1942 orando
349 1885 446 1941 Trecas
472 1884 574 1940 muniit
588 1897 609 1940 ⁸.
632 1882 698 1949 Quas
713 1896 776 1938 curn
791 1878 832 1933 ita
853 1892 881 1932 se
896 1873 1023 1940 habeant,

223 1973 319 2029 divina
329 1974 451 2044 profecto
466 1973 555 2045 gratia
564 1972 724 2027 beatissimo
734 1970 870 2023 Germano
881 1962 1024 2035 provisum

223 2060 275 2115 hoc
294 2076 402 2132 quoque
424 2077 505 2114 nemo
532 2059 712 2124 dubitaverit,
729 2065 759 2111 ut
774 2055 821 2127 qui
836 2053 940 2109 divinae
958 2051 1025 2122 legis

222 2146 417 2219 insuperabilis
433 2147 556 2203 existens
570 2145 739 2214 causidicus,
756 2159 805 2216 pro
825 2141 935 2199 Christo
951 2140 1023 2212 lega·

223 2237 421 2295 tionefuuctus
436 2238 466 2292 in
479 2237 585 2292 mundo
594 2237 694 2305 fuerat,
712 2235 740 2289 in
754 2241 856 2290 sanctae
871 2231 946 2304 pacis
960 2245 1024 2285 con-

222 2327 378 2385 firmatione
397 2327 557 2401 temporalis
571 2326 635 2383 vitae
655 2325 739 2381 finem
761 2329 879 2396 caperet,
901 2337 950 2394 pro
971 2335 1025 2392 qua

223 2420 296 2478 inter
315 2422 401 2477 Deum
419 2427 446 2476 et
466 2417 592 2475 homines
608 2415 757 2489 reparanda
772 2421 888 2470 mortem
897 2411 1023 2467 volunta·

222 2512 291 2567 riam
307 2512 412 2570 Auctor
429 2511 494 2568 vitae
511 2510 677 2583 pertulisset.
703 2509 763 2576 Quo
787 2507 861 2562 enirn
883 2503 1024 2561 decentius

223 2604 321 2660 ordine
336 2603 431 2675 agonis
446 2605 489 2660 sui
499 2619 610 2659 cursum
626 2616 816 2659 consummare
829 2597 930 2671 potuit,
942 2614 1022 2670 qnam

221 2701 252 2749 ut
267 2693 294 2750 111
308 2710 340 2750 11
350 2697 471 2751 animam
483 2701 607 2766 poneret,
619 2692 664 2748 cui
674 2699 701 2747 et
710 2707 759 2764 pro
769 2705 823 2763 qno
831 2690 1022 2762 consequendo

222 2785 252 2838 in
268 2790 323 2838 tam
341 2784 422 2853 longo
437 2782 521 2853 hujus
536 2783 600 2838 vita
614 2781 704 2837 stadio
718 2779 909 2837 cucurrisset?

258 2871 302 2926 16.
321 2870 464 2940 Siquidem
482 2885 547 2923 sane
562 2869 687 2941 improba
709 2870 780 2927 ludit
797 2869 937 2942 cogitatio,
954 2869 1023 2925 bea-

1080 1796 1355 1869 conservandnmquo
1374 1812 1409 1853 en
1427 1809 1558 1867 cypresso
1583 1789 1779 1848 mundissima
1798 1791 1876 1849 loculo

1079 1893 1217 1957 coaptato.
1233 1885 1339 1953 Quibus
1352 1884 1391 1941 ita
1409 1882 1581 1956 compositis,
1598 1881 1721 1953 nequid
1736 1881 1876 1938 111111111-

1079 1982 1149 2030 esset
1161 1973 1270 2041 officiis,
1286 1974 1368 2029 anxie
1386 1972 1516 2047 precavit
1531 1972 1701 2045 imperator,
1717 1970 1771 2026 iter
1786 1969 1876 2027 1111111-

1079 2059 1132 2128 nit,
1147 2061 1306 2116 evectiones
1316 2060 1484 2117 necessarias
1499 2059 1634 2133 praebuit,
1663 2059 1814 2129 ministros,
1832 2077 1876 2116 co-

1079 2150 1214 2222 mitesque
1230 2150 1393 2207 deducendo
1410 2149 1502 2207 funeri
1518 2149 1689 2217 destinavit,
1706 2165 1777 2223 quos
1789 2166 1874 2223 expen-

1079 2256 1171 2295 sarum
1188 2247 1215 2296 et
1229 2240 1316 2297 totius
1333 2239 1514 2296 humanitatis
1528 2237 1688 2312 impendiis
1700 2239 1810 2313 copiose
1820 2256 1874 2313 pro-

1078 2340 1187 2387 secutus
1202 2342 1251 2387 est.
1272 2331 1417 2403 Episcopis
1431 2347 1463 2387 ea
1486 2331 1541 2386 fuit
1558 2347 1628 2387 cura
1650 2332 1832 2403 permaxima,
1848 2345 1873 2386 ne

1078 2421 1163 2477 sacris
1177 2413 1316 2493 exsequiis
1331 2420 1374 2477 vel
1389 2420 1424 2476 ad
1445 2420 1542 2477 horam
1555 2421 1690 2477 deessent
1715 2421 1806 2479 officia
1819 2422 1872 2477 reli-

1079 2511 1178 2583 gionis,
1194 2528 1253 2584 quae
1266 2511 1319 2583 ipsi
1335 2519 1361 2568 et
1376 2512 1405 2567 in
1420 2512 1549 2585 praesenti
1565 2511 1732 2581 instruunt,
1746 2520 1775 2568 et
1787 2529 1872 2586 nepro

1078 2621 1156 2661 cessu
1170 2606 1276 2662 itineris
1295 2605 1434 2674 deficiant,
1445 2606 1626 2663 ordinatione
1642 2607 1826 2682 praemittunt.
1840 2608 1871 2665 lta

1077 2694 1161 2752 funus
1176 2695 1240 2751 satis
1252 2694 1396 2751 ambitiose
1411 2698 1594 2766 instructum,
1604 2713 1711 2770 magno
1726 2715 1870 2774 prosequen·

1078 2785 1149 2841 tium
1161 2786 1269 2858 agmine
1286 2797 1468 2859 promovetur
1480 2788 1515 2845 ad
1530 2788 1651 2847 Gallias.
1735 2799 1739 2802 ’

1382 2880 1496 2937 CAPUT
1524 2881 1573 2937 111.

222 2971 281 3020 tum
304 2957 397 3014 virum
424 2958 580 3029 ignorantia
605 2959 776 3015 imminentis
800 2959 927 3016 decessus
940 2966 1022 3016 tantae
1081 2976 1235 3033 Trapezam
1250 2972 1369 3047 corporis
1382 2972 1439 3043 ejus
1454 2973 1481 3028 in
1497 2973 1608 3030 Gallius
1616 2991 1627 3040 ;
1640 2972 1761 3046 ejusdem
1776 2973 1869 3050 receptis

220 3049 405 3124 expeditionis
420 3050 520 3104 molem
537 3048 641 3104 subisse
654 3066 661 3116 3
676 3047 723 3119 qui
737 3047 761 3104 si
772 3048 835 3103 vitae
857 3065 912 3104 suas
929 3050 1021 3104 termi-
1036 3087 1058 3146 G
1380 3063 1411 3101 oc
1425 3047 1574 3115 sepultura.

220 3157 298 3210 num,
314 3147 344 3197 ut
358 3156 373 3196 e
388 3139 505 3210 vestigio
519 3138 650 3208 instabat,
669 3146 836 3211 agnosceret,
862 3154 897 3194 ne
923 3139 1019 3211 pedem
1112 3136 1156 3192 28.
1172 3136 1258 3203 Quam
1275 3134 1379 3192 robusti
1395 3134 1591 3208 meriti,quam
1603 3138 1867 3211 excellentisglon'a,

219 3232 332 3304 quidem
346 3230 380 3287 ab
395 3230 463 3286 urbe
478 3245 527 3285 sua
541 3229 650 3301 longius
665 3230 760 3285 efferre
776 3236 929 3301 pateretur;
946 3229 1021 3287 hunc
1076 3241 1157 3299 quam
1182 3226 1302 3299 deniqne
1325 3225 1426 3282 summi
1450 3224 1525 3298 apud
1547 3225 1699 3284 Christum
1724 3227 1776 3284 loci
1789 3229 1867 3295 fuerit,

219 3320 253 3377 ad
270 3321 373 3378 librum
391 3320 425 3377 de
436 3320 494 3374 vita
507 3317 567 3389 ejus
582 3317 688 3374 editum
699 3315 854 3388 dirigimus,
872 3333 926 3389 quo
941 3327 967 3374 et
980 3334 1019 3374 re·
1077 3315 1157 3387 cujus
1172 3323 1259 3383 erant,
1275 3315 1377 3388 quibus
1392 3315 1497 3388 publici
1519 3332 1635 3389 aggeres
1661 3317 1867 3383 illustrabantur,

219 3419 382 3484 praesentata
402 3409 527 3475 veritate,
548 3423 669 3464 errorem
698 3413 792 3473 exuat,
820 3413 847 3461 et
875 3406 962 3462 vicini
977 3407 1019 3463 sui
1075 3405 1223 3477 exsequiae,
1231 3404 1409 3476 pertInuitad
1422 3405 1602 3462 divinitatem
1612 3407 1760 3479 signorum
1769 3406 1867 3463 11111111-

220 3502 353 3556 transitus
366 3515 448 3571 quam
464 3515 520 3553 non
535 3496 708 3569 improvidus
732 3495 825 3562 fuerit,
850 3495 932 3550 etiam
956 3512 1018 3551 cnm
1076 3497 1114 3551 tia
1137 3496 1284 3553 declarare.
1311 3496 1393 3568 Vulgi
1411 3514 1458 3553 ore
1482 3497 1614 3554 feruntur
1639 3516 1724 3573 quam
1749 3500 1865 3573 plurime,

219 3585 447 3658 proficisceretur,
466 3585 510 3639 vel
536 3584 690 3641 instructus
705 3591 843 3656 agnoscat.
871 3584 939 3639 Nam
955 3601 1018 3641 cum
1075 3586 1176 3659 quibus
1191 3603 1223 3643 eo
1233 3586 1301 3643 frdes
1314 3586 1480 3656 detrahitur,
1495 3587 1571 3660 quod
1587 3589 1669 3646 vario
1689 3589 1863 3662 indigesteque

219 3684 330 3747 propter
345 3679 622 3744 supramemoratum
640 3674 780 3746 negotium
805 3673 940 3745 petiturus
959 3675 1019 3729 lta·
1074 3677 1211 3734 feruntur.
1229 3676 1326 3733 Nobile
1341 3675 1411 3732 illud
1432 3676 1643 3751 pretiosumque
1659 3687 1714 3748 est,
1731 3679 1802 3752 quod
1814 3694 1865 3736 cnu

219 3763 295 3831 liam,
327 3763 491 3820 familiarem
528 3780 609 3819 snum
634 3764 791 3820 Senatorem
827 3763 1018 3834 presbyterum
1073 3768 1495 3840 memoriadignissimum,tnm
1510 3770 1865 3843 aequelitterisexantiquo

218 3854 387 3927 praeteriens,
403 3870 437 3909 ex
447 3852 648 3911 consuetudine
664 3853 819 3917 visitasset,
846 3852 1018 3923 profecturus
1073 3856 1205 3926 inditum,
1221 3868 1247 3915 et
1263 3858 1345 3915 fidem
1361 3858 1472 3928 astruit,
1486 3867 1513 3915 et
1525 3859 1714 3917 edificationi
1737 3860 1863 3918 conducit.

218 3944 253 3999 ab
267 3960 309 4010 eo,
325 3944 407 3999 solito
422 3941 596 3996 affectuosius
612 3941 640 3995 in
659 3941 778 3996 amicum
794 3940 886 4010 irruit,
902 3960 933 3999 ac
956 3953 1017 4016 post
1072 3945 1257 4018 Expediticne
1272 3948 1397 4019 superius
1413 3928 1575 4018 memorata,
1593 3965 1610 4004 a
1625 3950 1783 4006 venerabili
1798 3951 1867 4005 Ense

218 4032 362 4102 amplexus
373 4030 541 4102 multiplices
550 4030 678 4086 etoscula
688 4028 845 4100 praedulcia,
858 4030 1015 4104 hujusmodi
1072 4032 1118 4089 bio
1133 4068 1155 4104 g,
1174 4034 1390 4093 vercellensium
1418 4036 1560 4110 pontifice,
1577 4037 1717 4095 decenter
1739 4048 1865 4110 exceptus,

217 4120 311 4177 verbis
329 4122 477 4176 salutatum
493 4119 619 4191 reliquit:
641 4120 708 4176 Vale
722 4120 752 4175 in
768 4128 912 4191 aeternum,
934 4123 1017 4180 frater
1070 4125 1252 4199 omnibusque
1267 4125 1447 4184 humanitatis
1459 4127 1569 4196 officiis,
1585 4135 1617 4184 ut
1634 4145 1688 4201 par
1701 4127 1868 4198 erat,rerela·

217 4211 394 4280 charissime3
409 4214 480 4279 vale,
495 4212 595 4268 animas
606 4228 672 4268 mese
688 4212 778 4284 portio
793 4232 799 4269 :
818 4213 922 4270 tribuat
931 4216 1013 4285 Deus,
1071 4221 1115 4270 tus
1128 4223 1183 4271 est:
1194 4215 1217 4271 is
1228 4215 1287 4287 ipse
1295 4217 1433 4273 Eusebius
1445 4224 1508 4290 post
1521 4217 1603 4290 longa
1618 4227 1723 4275 contra
1734 4221 1867 4290 antiquum

217 4312 247 4360 ut
261 4319 312 4359 nos
323 4302 353 4358 in
367 4303 412 4359 die
424 4302 523 4375 judicii
537 4302 596 4358 sine
610 4303 773 4360 confusione
788 4304 947 4361 videamus:
965 4322 1014 4362 cae·
1070 4305 1176 4362 hostem
1193 4307 1354 4376 certamina,
1366 4315 1427 4380 post
1440 4308 1669 4382 haereticorum‚a
1681 4310 1783 4384 quibus
1792 4309 1867 4364 multa

216 4401 306 4450 terum
325 4395 354 4449 in
373 4393 424 4450 hac
448 4393 508 4449 luce
523 4399 620 4448 mutuo
631 4408 771 4466 nunquam
788 4393 912 4450 fruemur
932 4411 1053 4514 aspe-D
1070 4412 1164 4470 passus
1176 4397 1361 4466 est,convulsa
1372 4396 1525 4467 molimina,
1533 4404 1596 4472 post
1608 4397 1685 4456 illud
1696 4400 1815 4474 denique
1823 4399 1867 4456 cla·

251 4524 261 4550 ¹
282 4523 408 4581 llvmnns
423 4519 472 4576 ille
487 4519 577 4575 adhuc
592 4521 697 4592 integer
709 4536 767 4576 esse
787 4519 890 4577 dieitur
904 4520 1019 4576 111111-
1072 4521 1278 4594 archispiscopo
1294 4522 1456 4591 Viennensi,
1471 4531 1498 4579 et
1512 4523 1607 4581 llerici
1623 4541 1647 4580 ae
1670 4525 1740 4593 nali,
1757 4526 1786 4580 in
1796 4523 1866 4581 Chre

215 4592 296 4675 lectis
306 4582 445 4650 Cousineti
462 4592 495 4647 de
510 4592 537 4648 S.
554 4590 642 4662 Lupo,
662 4608 704 4663 ep.
729 4592 868 4661 Trecensi,
886 4607 946 4664 quas
961 4592 1018 4648 Pa·
1072 4592 1147 4661 nico,
1163 4600 1243 4649 aetate
1257 4601 1345 4662 sexta,
1356 4594 1390 4649 ad
1404 4610 1507 4650 annum
1523 4595 1631 4652 Christi
1648 4541 1714 4665 352,
1732 4595 1867 4668 cujushec

215 4681 293 4721 rrsrrs
307 4672 453 4720 serrantur
469 4679 533 4718 mss.
549 4662 621 4732 apud
636 4663 664 4719 S.
682 4662 806 4719 Genovef
831 4708 836 4719 .
1072 4673 1112 4718 est
1126 4665 1298 4721 substantia:
1314 4665 1383 4722 Cum
1398 4667 1581 4723 SGermonus
1589 4667 1760 4724 Ravennam
1773 4675 1865 4740 petens,

250 4737 312 4791 ulle
327 4737 354 4791 S.
367 4735 480 4790 Eusebio
490 4750 533 4805 ep.
546 4735 711 4790 Vercellensi
722 4735 778 4806 agit
789 4735 1016 4807 Martyrologinm
1072 4734 1208 4790 Viennam
1221 4736 1249 4790 in
1261 4737 1350 4792 Gallia
1360 4738 1520 4809 praeteriret,
1537 4737 1576 4794 ibi
1591 4755 1608 4793 a
1627 4738 1657 4795 S.
1673 4738 1781 4796 Severo
1799 4754 1866 4811 pret-

216 4807 296 4863 llcm.
313 4805 379 4885 diei
393 4806 524 4876 Augusti,
535 4805 581 4860 sed
594 4822 655 4860 cum
673 4822 760 4877 nuper
770 4806 879 4863 decreto
895 4808 1016 4863 Romano
1071 4805 1169 4877 hytero
1183 4815 1302 4879 rogatus,
1318 4815 1349 4864 ut
1361 4810 1505 4866 ecclesiam
1515 4808 1542 4866 S.
1555 4809 1692 4882 Stephani
1703 4826 1805 4868 recens
1815 4807 1867 4866 eti·

219 4877 320 4934 festum
337 4884 433 4947 eguset
447 4876 574 4932 Officium
590 4875 702 4932 affixum
725 4876 762 4932 sit
775 4877 829 4933 diei
850 4877 882 4933 16
897 4879 1017 4934 Decem·
1071 4877 1177 4933 flectam
1194 4887 1374 4947 consecraret,
1391 4880 1420 4936 id
1434 4897 1462 4937 se
1482 4880 1511 4937 in
1533 4881 1629 4937 reditu
1650 4882 1797 4939 facturum
1811 4897 1867 4955 pro-

218 4948 286 5017 bris,
303 4966 335 5005 eo
350 4964 401 5004 nos
414 4947 473 5018 ejus
498 4948 566 5002 Acta
592 4946 773 5004 remittemus.
795 4948 871 5004 Patet
887 4965 952 5004 vero
982 4966 1016 5005 ex
1071 4948 1156 5004 misit.
1181 4949 1233 5004 Sed
1254 4950 1320 5005 dnm
1336 4950 1437 5007 frustra
1451 4952 1499 5008 din
1514 4960 1705 5024 exspectatus,
1721 4971 1782 5011 non
1797 4952 1865 5016 redit

218 5020 272 5078 hoc
285 5022 356 5088 loco,
372 5035 454 5101 quam
469 5035 565 5090 parum
582 5019 610 5072 in
625 5018 738 5090 antiqua
747 5019 926 5091 chronologia
949 5037 1016 5075 ver-
1071 5036 1102 5075 ac
1118 5019 1253 5076 dedicatio
1272 5038 1320 5094 per
1343 5022 1428 5079 alirrm
1454 5031 1574 5095 paratur,
1595 5040 1663 5080 ecce
1687 5025 1756 5095 tibi,
1774 5026 1803 5081 in
1824 5026 1866 5097 ips

218 5101 293 5149 satus
317 5093 400 5147 fuerit
429 5091 544 5147 Hericus
570 5097 672 5156 nostor,
697 5090 744 5162 qni
761 5090 819 5146 huc
837 5089 871 5146 de
886 5091 1014 5160 Eusebio,
1071 5090 1189 5146 articulo
1200 5093 1228 5148 S.
1245 5093 1613 5167 Gemwnidefuncticorpus
1625 5096 1772 5153 Ravenna
1784 5097 1864 5153 adsue

217 5164 298 5220 annis
308 5163 388 5220 facile
400 5178 428 5217 se
450 5162 572 5233 tuaginta
583 5169 645 5217 ante
663 5162 822 5217 (1111111111
837 5163 894 5218 vita
909 5163 1014 5231 functo,
1070 5161 1249 5231 destinatum,
1267 5164 1330 5220 illac
1341 5166 1467 5234 refertur,
1480 5175 1508 5222 at
1521 5166 1605 5238 quein
1630 5168 1766 5225 eamdem
1788 5167 1866 5224 eccle·

219 5235 338 5317 scribere
356 5250 412 5292 non
426 5179 604 5290 dubitaverit.
621 5233 715 5315 ltaque
727 5249 775 5314 pro
788 5234 1015 5315 Eusebio,·quem
1070 5233 1138 5290 siam
1151 5236 1181 5291 S.
1192 5234 1333 5307 Stephani,
1348 5237 1510 5309 repausandi
1521 5237 1619 5308 gratia,
1634 5241 1779 5314 tantisper
1792 5241 1823 5296 de

218 5306 351 5363 exhrbent
375 5323 440 5362 mss.
461 5315 554 5361 nostra
570 5321 672 5370 omma,
697 5305 872 5361 scribendum
890 5306 974 5362 fnisse
986 5306 1013 5362 S.
1072 5306 1169 5374 nitur,
1194 5308 1280 5377 sicque
1310 5308 1368 5365 Viri
1389 5309 1439 5364 Dei
1451 5309 1615 5380 promissum
1630 5310 1777 5382 impletur.
1794 5253 1865 5368 affl

219 5379 363 5459 Albinum,
376 5376 701 5459 ⁴contenditUghellusin
715 5377 849 5504 episcopis
860 5378 1014 5433 Vercellen-
1070 5376 1131 5432 Ado
1149 5396 1154 5433 :
1172 5379 1265 5433 isicius
1281 5385 1340 5434 tunc
1356 5381 1478 5451 temporie
1498 5381 1669 5436 Viennensem
1695 5384 1804 5456 regebat
1820 5381 1865 5438 lit-

221 5448 305 5517 srbus,
322 5452 497 5506 ltalraesacrae
509 5465 609 5505 recusae
619 5455 676 5504 tom
693 5492 698 5504 .
715 5450 726 5504 1
756 5453 828 5515 ‚col
846 5449 907 5504 161.
920 5452 956 5503 At
966 5464 1014 5519 ego
1070 5449 1173 5504 etesium
1188 5467 1195 5515 ;
1211 5449 1240 5506 in
1251 5466 1305 5523 quo
1319 5458 1346 5506 et
1358 5451 1416 5523 ipse
1426 5459 1498 5508 errat
1513 5452 1672 5525 insigniter,
1682 5471 1752 5511 curn
1763 5451 1864 5513 isichius

220 5518 286 5598 satis
301 5537 395 5601 vereor
409 5529 439 5576 ut
455 5520 645 5602 hocomnibns
655 5521 776 5592 placeat:
792 5537 854 5575 nam
865 5520 919 5575 alia
929 5519 1014 5575 histo·
1069 5520 1177 5649 Erimus
1190 5521 1355 5578 Viennensis
1375 5539 1430 5578 non
1456 5524 1557 5580 sederit
1572 5526 1672 5582 saltem
1691 5537 1761 5583 ante
1776 5536 1863 5582 annun

145 5611 149 5617 ⁴
216 5604 268 5657 rra,
296 5589 362 5647 burc
388 5592 536 5649 admodum
560 5592 661 5648 srmilrs
683 5601 844 5650 narratura
867 5591 895 5647 S.
917 5591 1014 5647 Adone
1093 5591 1174 5650 bristi
1190 5593 1252 5663 tta,
1268 5601 1299 5651 nt
1311 5601 1450 5653 ostensum
1460 5594 1545 5654 estad
1559 5595 1637 5654 diem
1653 5597 1688 5655 16
1703 5598 1809 5669 Martii,
1825 5590 1864 5651 ubi
