3834 6136
214 192 264 248 ost

215 312 252 367 lll
270 312 340 369 Nori.

872 189 1025 247 llSUARDl
1043 188 1205 248 nonacris

1816 187 1870 245 otis

1770 311 1824 367 ne
1842 311 1870 368 3.

249 399 353 456 Natalis
367 399 454 456 sancti
472 398 579 469 Quarti,
604 399 795 471 apostolorum
810 398 951 473 discipuli.
976 396 1058 472 Apud
1073 399 1222 458 Caesaream
1235 396 1425 472 Cappadocia,
1444 404 1603 454 sanctorum
1618 405 1777 470 martyrum
1798 398 1872 457 Ger-

215 489 301 558 mani,
316 489 472 562 Theophili,
488 488 597 547 Cassarii
613 497 640 545 et
658 488 768 558 Vitatis,
785 489 833 564 qui
846 491 898 548 sub
913 489 1106 565 persecutione
1121 488 1242 546 Deciana
1255 486 1360 560 optime
1375 485 1520 547 duxerunt
1535 484 1715 560 martyrium.
1732 484 1871 544 Cmariu·

215 587 310 651 gusta,
326 587 485 636 sanctorum
500 576 747 634 innumerabilium
762 584 927 651 martyrum,
942 580 990 652 qui
1002 579 1054 637 sub
1069 579 1191 638 Deciano
1206 576 1400 651 Hispaniarum
1417 576 1534 650 praeside
1547 575 1716 634 mirabiliter
1728 575 1870 635 occubue—

215 675 280 723 runt
294 684 344 741 pro
358 667 481 725 Christo.
925 690 929 697 ·

979 790 1099 850 NOTAE.

251 894 295 949 Ex
307 894 429 961 Praei,
446 892 576 962 Antaerp.
592 897 619 947 et
633 888 839 960 Mam-habea,
861 891 972 947 Crescit.
987 899 1015 948 et
1031 891 1134 950 ιιοιιιι.

840 1017 1043 1075 viulandus
1055 1015 1262 1075 LECTIONES.

253 1118 317 1173 Haec
339 1132 395 1171 nna
415 1115 501 1171 ferme
525 1118 598 1170 inter
611 1112 720 1171 codices
764 1122 889 1171 retentu
912 1116 1050 1178 citatosA
1066 1115 1146 1184 scopi.
1163 1110 1340 1185 acceptionis
1352 1109 1437 1183 hujus
1454 1107 1593 1166 rationem
1608 1122 1668 1167 uon
1680 1106 1786 1168 rideo:
1809 1127 1867 1170 ιιιι

216 1188 410 1259 discrepantia,
435 1185 508 1259 quod
530 1187 664 1256 hutuerp.
686 1195 714 1241 et
737 1130 933 1244 dam-liabeo.
957 1196 1012 1243 tres

216 1259 410 1317 tantummodo
430 1265 566 1329 martyres
580 1257 752 1328 Cappadoces
767 1258 886 1331 signent,
910 1259 1012 1314 omisso

217 1331 330 1387 nomine
340 1330 540 1386 Caeaiiilnter
550 1327 764 1400 typographiam
772 1346 877 1386 errores
888 1330 917 1385 iu
926 1330 1012 1386 Max.-

217 1401 318 1459 Lubec.
339 1409 500 1457 numeretur
516 1400 728 1471 Caesaraugusta.
753 1403 792 1458 De
806 1409 915 1470 caetero,
937 1403 1013 1473 Cap-

214 1474 335 1546 padocis,
361 1473 488 1534 Datiano.
504 1479 570 1538 ete,
597 1471 679 1528 etiam
703 1472 769 1528 alibi
795 1481 951 1530 recurrunt.
981 1474 1012 1529 ln

217 1545 314 1602 Adone
329 1543 466 1600 Mosandri
488 1543 559 1599 biiiae
576 1543 636 1598 alie
653 1545 879 1602 annuntiationes
898 1543 951 1600 hoc
969 1543 1013 1599 die

218 1615 387 1687 adjiciuntur
397 1615 430 1671 de
440 1616 572 1670 Domitiae
582 1624 609 1670 et
619 1616 745 1684 lieberto,
756 1633 872 1698 quarum
886 1618 1013 1687 lloswey-

218 1686 281 1755 dus,
297 1689 385 1759 prima
399 1687 519 1752 exclusa,
535 1686 648 1741 alteram
664 1696 796 1754 servavit,
814 1688 865 1744 hec
877 1687 957 1742 inodo
967 1702 1013 1741 ex·

218 1774 353 1831 pressam:
381 1759 483 1814 Eodem
496 1758 548 1824 die,
568 1757 695 1829 depositio
717 1758 803 1812 saneti
820 1758 931 1814 liuberti
953 1757 1014 1828 epi-

1066 1200 1129 1241 cum
1143 1192 1261 1255 utraque
1276 1182 1311 1238 ah
1326 1182 1449 1240 Usuarde
1467 1181 1549 1251 absit,
1562 1179 1867 1241 lacilecredideroneu·

1067 1263 1138 1312 traui
1153 1254 1327 1312 Adonianam
1342 1270 1410 1310 esse.
1433 1255 1472 1310 De
1487 1254 1546 1309 selo
1561 1252 1699 1324 lluberto,
1714 1268 1751 1310 an
1766 1252 1866 1313 Usuer-

1067 1326 1151 1383 dinus
1176 1327 1223 1394 sit,
1250 1326 1366 1383 dubium
1394 1326 1518 1398 ingerere
1565 1333 1663 1381 essunt
1688 1323 1865 1396 listiniensis,

1067 1397 1215 1470 Rosweyd.
1237 1405 1265 1453 et
1289 1396 1386 1453 mediae
1411 1405 1485 1453 netae
1505 1341 1632 1478 codicem
1659 1410 1757 1454 verum
1772 1412 1867 1455 cunia

1068 1469 1195 1542 pluribus
1204 1468 1378 1536 excludatur,
1389 1476 1472 1540 atque
1486 1469 1533 1523 alii
1550 1469 1643 1524 istim
1660 1482 1694 1523 eo
1705 1482 1865 1527 commemo

1069 1541 1155 1598 rande
1168 1541 1277 1597 diuersa
1292 1541 1384 1611 phrasi
1400 1538 1598 1609 utantur,hinc
1608 1537 1820 1612 plauecouticio
1835 1543 1864 1598 ιι

1068 1619 1176 1670 textum
1191 1619 1316 1668 uestrum
1333 1627 1505 1686 nequaqnam
1519 1613 1671 1685 pertinere.
1687 1610 1796 1671 Caetera
1806 1629 1865 1669 oin·

1068 1685 1115 1740 nia
1128 1684 1285 1742 Usuardina
1298 1700 1357 1742 esse
1372 1682 1635 1741 manifestissimum
1652 1682 1784 1740 arbitror.

894 1880 1196 1939 OBSERVATlONES.

253 1982 383 2040 Diximus
397 1978 464 2036 alibi
479 1995 534 2034 uon
548 1977 632 2035 semel
648 1977 720 2035 inter
734 1980 886 2050 peculiares
901 1981 1016 2037 Romani

218 2055 299 2127 parvi
317 2051 488 2108 characteres
503 2049 577 2104 hunc
593 2065 649 2104 nori
669 2057 839 2130 postremum
860 2052 1015 2124 computari

217 2125 291 2254 guod
305 2139 341 2179 eir
355 2122 433 2178 Novo
443 2121 617 2176 Testamenta
631 2121 773 2191 collegerit
786 2131 844 2177 tum
861 2122 1014 2194 priiiieruni

237 2196 408 2261 iacenorum,
424 2199 482 2248 tum
499 2192 616 2247 aliorum
633 2194 785 2247 inultorum
800 2194 923 2261 nomina,
939 2210 1014 2266 que-

218 2284 279 2323 rum
309 2266 352 2321 vel
384 2265 413 2319 iii
436 2263 551 2319 Actibus
575 2264 744 2334 apostolicis,
772 2266 815 2320 vel
844 2264 871 2319 iri
896 2265 1012 2337 apsenti

217 2338 296 2396 Pauli
322 2335 455 2408 Epistrilis
480 2338 612 2390 riienioria
634 2334 726 2407 aliqua
751 2334 915 2392 celebratur.
941 2337 1014 2393 Talis

219 2410 272 2466 boc
286 2409 331 2465 die
345 2416 386 2463 est
402 2408 520 2474 Quartae
533 2407 566 2461 ad
584 2408 720 2463 Romanos
735 2423 865 2532 capilii,
881 2407 925 2469 23,
942 2407 1015 2464 inter

218 2481 378 2546 familiares
403 2477 549 2534 illustriori
573 2479 690 2550 quodam
715 2478 798 2534 tituo
825 2478 859 2534 ab
883 2478 1014 2551 Apostolo

218 2553 423 2616 cohonestatus,
452 2550 517 2605 durii
542 2549 575 2604 de
602 2566 635 2605 eo
663 2549 775 2605 scribit:
805 2551 912 2606 Salutat
934 2568 1011 2606 eos...

220 2625 338 2690 Qiiartas
354 2621 442 2689 fraer
458 2639 464 2674 :
482 2620 516 2676 de
531 2636 586 2692 quo
601 2621 695 2676 nullus
709 2622 780 2676 alius
793 2622 934 2695 antiquior
946 2622 1014 2678 blar-

219 2693 361 2765 tyrologus
384 2690 489 2760 uspiam
512 2690 647 2746 meminit.
679 2692 724 2746 Sic
753 2693 844 2765 itaque
865 2709 879 2746 a
899 2693 1014 2750 Romani

218 2762 296 2834 parvi
312 2762 491 2831 compilatore
506 2761 625 2830 primurn
643 2770 820 2818 notatusest:
839 2765 958 2832 Qaaitis,
975 2764 1013 2819 di-

217 2833 257 2887 sai'
276 2832 315 2886 ιιι
329 2833 521 2901 apestolorum.
537 2831 676 2886 Praeuiitte
690 2833 790 2887 samiis
805 2836 899 2899 saneti,
919 2843 946 2890 et
960 2835 1015 2891 ba-

218 2849 295 2958 bebis
310 2902 672 2981 aniiuntiatiouemrldonis,
686 2919 720 2957 ex
731 2919 785 2975 quo
796 2913 888 2961 nostra
898 2907 933 2961 ad
947 2922 1015 2961 rer-

217 2973 284 3030 bum
298 2972 433 3045 descripta
446 2980 494 3026 est.
513 2973 566 3026 Nee
580 2974 635 3026 alio
650 2973 733 3028 titulo
749 2985 872 3031 sanctum
888 2986 1014 3033 nostrum

216 3043 401 3100 decorandum
424 3059 576 3098 censemus.
601 3043 669 3098 Nani
696 3046 827 3101 Dorothei
848 3049 1015 3119 Synopsis,a

217 3116 336 3171 Baronio
351 3116 444 3181 citata,
462 3115 542 3170 toties
556 3113 622 3169 alibi
638 3131 653 3169 a
666 3115 816 3186 Maioribus
830 3120 932 3174 nostris
950 3136 1014 3175 cori·

217 3189 306 3253 vulsa,
318 3203 372 3241 non
388 3194 428 3241 est
443 3185 523 3242 nobis
543 3186 656 3242 idoneus
671 3196 776 3256 auctor,
786 3196 817 3243 ut
830 3206 891 3245 curii
902 3191 1012 3258 Graecis,

217 3258 289 3330 apud
304 3274 372 3330 ques
386 3274 403 3312 ι
418 3257 582 3313 Novembris
595 3258 707 3325 colitur,
728 3266 776 3314 aut
791 3277 824 3315 ex
840 3260 1014 3334 septuaginta

216 3329 325 3386 duobus
339 3328 442 3386 Christi
465 3328 610 3400 discipulis
625 3346 721 3398 unum,
746 3339 794 3386 aut
817 3332 1014 3405 Berythenseui

140 3444 143 3450 .
216 3402 373 3473 episcopum
383 3401 466 3457 luisse
476 3416 639 3471 asseramus,
653 3402 727 3475 quod
742 3403 869 3474 pluribus
881 3405 948 3461 alibi
962 3405 1015 3461 erit

218 3472 430 3528 ostendendum.

168 3572 173 3580 ·
251 3544 384 3613 Martyres
401 3544 569 3614 Cappadoces
589 3545 629 3600 sie
644 3543 678 3600 ab
692 3545 786 3602 eedem
805 3546 919 3603 Romani
936 3547 1013 3618 parvi

216 3624 327 3669 anctore
342 3613 501 3684 signantur:
527 3616 559 3672 ln
582 3615 760 3687 Cappadocia,
786 3626 935 3687 martyram
952 3619 1013 3675 Ger-

215 3685 300 3749 mani,
320 3685 465 3754 Theophili,
492 3686 615 3753 Coesarii,
645 3688 749 3753 Vitatis,
766 3690 813 3742 sab
827 3689 943 3743 Deciana
956 3707 1014 3760 per·

215 3755 352 3809 secatione.
369 3754 484 3811 Paululo
500 3758 607 3828 longior
621 3758 727 3813 Adonis
742 3759 849 3829 phrasis
865 3767 934 3827 tota,
948 3761 1013 3817 licet

215 3826 343 3882 nonnihil
355 3830 529 3899 transposita,
542 3830 572 3883 iri
585 3837 693 3884 textum
708 3837 835 3884 nostrum
845 3830 879 3884 ab
890 3830 1014 3888 Usuardo

216 3900 347 3955 translata
371 3907 421 3955 est.
446 3899 572 3955 Dubitari
589 3907 677 3970 potest
691 3916 725 3955 ari
740 3916 775 3954 ex
790 3901 1014 3972 hieronymianis

215 3969 266 4025 hos
289 3978 397 4026 sanctos
420 3986 475 4026 uon
501 3970 635 4040 acceperit
656 3971 782 4026 laudatus
796 3972 911 4027 licinani
936 3974 1013 4044 parvi

135 4055 140 4058 ’
215 4047 328 4108 ιιιιοι;
344 4048 417 4097 certe
432 4048 459 4096 et
473 4041 511 4096 ihi
528 4042 655 4111 leguntur
670 4042 802 4122 producta
816 4059 832 4098 a
845 4043 925 4099 nobis
944 4062 1012 4100 mar·

215 4120 309 4183 tyrum
325 4113 448 4181 nomina,
467 4111 568 4185 quibus
582 4111 711 4182 Epririias
722 4114 766 4169 vel
780 4114 903 4185 Epritiies
916 4115 1010 4171 admi-

215 4191 315 4250 scetur,
328 4191 359 4238 ut
373 4185 468 4239 saltem
484 4182 518 4238 de
529 4183 724 4255 antiquissimo
738 4202 834 4241 eorum
849 4188 926 4242 cultu
945 4204 1010 4243 om-

214 4253 327 4310 nimode
342 4262 459 4310 constet.
485 4255 515 4310 lii
531 4255 642 4312 [labano
657 4256 732 4313 deest
749 4257 893 4327 Caesarius,
910 4276 1011 4332 qneru-

214 4325 363 4383 admodum
383 4336 410 4383 et
429 4327 458 4381 io
484 4327 592 4382 duobus
606 4327 749 4385 codicibus
763 4345 845 4401 supra
865 4346 912 4400 pro
932 4340 1011 4388 textu

214 4397 321 4461 citatis;
334 4397 381 4452 sed
392 4395 598 4453 substituuntur
606 4406 662 4455 tres
671 4399 731 4467 alii,
742 4415 805 4456 nem
826 4402 1008 4472 eDomniaas,

213 4467 306 4523 lastae
325 4475 352 4522 et
366 4469 503 4537 Eremitis,
530 4485 599 4559 quos
622 4488 685 4528 cum
711 4417 918 4545 Cappadocibus
940 4476 1011 4530 male

215 4538 503 4596 conlusoscredimus.
529 4544 664 4598 Caeterum
690 4553 768 4600 notat
792 4543 839 4601 hic
864 4544 1009 4615 Batonius,

1072 1982 1181 2036 Petram
1190 1979 1219 2035 irs
1231 1980 1358 2062 Catalepo
1373 1980 1419 2036 lili.
1436 1996 1466 2048 x,
1479 1996 1538 2051 cap.
1556 1977 1600 2047 ts,
1616 1995 1650 2034 ea
1660 1977 1764 2050 priscis
1778 1980 1866 2037 tatia

1070 2068 1161 2107 eoram
1175 2053 1242 2107 Aeta
1252 2068 1346 2121 paucis
1366 2052 1519 2107 describere.
1545 2049 1656 2106 Addere
1671 2058 1781 2130 poterat
1794 2051 1864 2110 sitiri

1070 2122 1118 2177 illa
1130 2129 1262 2195 tanquam
1277 2136 1312 2175 ex
1327 2121 1525 2194 Martyrolagio
1539 2121 1629 2177 saneti
1644 2121 1809 2195 Hieronymi
1827 2123 1865 2180 de·

1068 2202 1186 2263 sumpta.
1212 2191 1315 2249 Verum
1331 2192 1355 2248 si
1368 2200 1472 2248 atterite
1486 2192 1582 2248 omnia
1597 2190 1727 2264 Equilinl
1741 2193 1865 2251 antistitis

1068 2264 1151 2319 uerba
1165 2280 1199 2319 ex
1221 2263 1367 2331 endantur,
1382 2263 1456 2319 nihil
1471 2264 1546 2320 hisce
1559 2263 1664 2320 sanctis
1674 2264 1820 2337 proprium
1831 2282 1864 2321 re·

1068 2336 1121 2391 fert
1142 2280 1219 2408 quod
1239 2351 1274 2391 ex
1297 2335 1422 2391 Usuardo
1445 2352 1500 2390 uon
1521 2334 1676 2406 acceperit,
1707 2351 1773 2394 nam
1791 2335 1865 2409 hujus

1067 2406 1296 2480 Martyrolegium
1313 2406 1393 2478 plane
1407 2414 1459 2474 est,
1476 2406 1548 2479 quod
1563 2406 1638 2463 Petri
1654 2422 1716 2463 ave
1732 2406 1865 2490 liierouy-

1068 2479 1192 2533 mianum
1220 2478 1351 2549 appellari
1374 2478 1490 2547 solebat,
1521 2485 1551 2533 ut
1577 2495 1641 2535 cuni
1666 2477 1780 2536 Melane
1805 2480 1863 2536 alibi

1068 2549 1284 2605 observavimus.
1315 2550 1361 2606 Sic
1379 2558 1499 2622 quatuor
1513 2556 1651 2622 martyres
1665 2558 1779 2607 nostres
1799 2550 1864 2624 Cap—

1067 2621 1185 2694 padoces
1199 2621 1319 2677 disticho
1335 2637 1390 2678 uno
1403 2622 1479 2678 cauit
1495 2620 1729 2678 wandalbertus.

1025 2734 1048 2795 B
1148 2709 1241 2759 'l'ernis
1257 2711 1415 2769 Cerretanus,
1436 2708 1540 2764 Vitalis.
1560 2711 1744 2775 Ciesziriusque

1149 2771 1360 2836 Theopliilusque
1379 2773 1432 2835 pari
1448 2776 1579 2821 collucent
1594 2773 1694 2823 lumine
1709 2774 1780 2825 resti.

1104 2853 1163 2908 lam
1178 2869 1261 2924 supra
1275 2853 1310 2909 ιιι
1322 2869 1384 2908 xiiii
1399 2852 1533 2920 Ianuarii,
1560 2852 1596 2908 ad
1611 2869 1649 2908 ιιι
1663 2862 1693 2910 et
1704 2870 1757 2911 xm
1770 2853 1864 2926 Aprilis

1069 2921 1103 2978 de
1114 2925 1280 2994 Mai-tyrimas
1302 2924 1700 2997 Cesaraapiestaaisagendum
1713 2925 1796 2983 nobis
1808 2926 1862 2990 luit,

1068 2993 1116 3048 sed
1131 2995 1164 3049 de
1177 2995 1326 3051 Vincentio
1341 2997 1528 3067 potissimum,
1554 3006 1637 3069 atque
1659 2996 1696 3052 de
1715 2997 1862 3056 octodecim

1068 3064 1186 3120 aliorum
1203 3067 1386 3122 determinate
1402 3083 1527 3123 nurnero.
1553 3068 1605 3124 Hic
1629 3069 1709 3125 solus
1733 3068 1862 3126 Ususrdns

1070 3135 1145 3207 <nani
1160 3136 1233 3207 apud
1249 3138 1340 3193 nullos
1355 3139 1424 3194 alies
1439 3138 1569 3211 antiquos
1579 3138 1860 3213 ldartyrologosinie·

1069 3206 1197 3277 niuntur)
1215 3211 1434 3265 ennniiieralii'tem
1453 3211 1541 3267 aciem
1554 3210 1675 3282 colligit,
1709 3228 1774 3268 uum
1788 3212 1861 3284 Pipe-

1068 3277 1200 3334 brochius
1213 3296 1249 3334 ex
1265 3280 1352 3348 Actis,
1360 3292 1487 3337 accurate
1501 3282 1535 3338 ab
1549 3282 1609 3354 ipso
1623 3298 1673 3338 ιιι
1689 3228 1798 3354 bprilis
1810 3285 1860 3340 illu·

1069 3351 1173 3418 stratis,
1193 3359 1266 3407 recte
1280 3350 1453 3433 desumptam
1468 3354 1629 3419 existimat;
1655 3354 1712 3411 uisi
1727 3354 1859 3412 Prudentii

1069 3420 1205 3494 hymnum
1229 3422 1247 3478 h
1270 3424 1431 3495 praeluxisse
1458 3434 1595 3493 putemus,
1620 3424 1692 3481 duur
1717 3436 1858 3495 martium

1069 3491 1374 3567 Casaraugustanerum
1400 3496 1608 3553 multitudinem
1629 3513 1697 3553 cum
1724 3443 1858 3624 Cartbapi-

1070 3566 1202 3693 neulpibus
1220 3575 1248 3623 et
1265 3568 1398 3625 Romanis
1418 3583 1582 3641 componere
1605 3583 1664 3624 non
1679 3567 1802 3638 dubitat,
1841 3569 1858 3624 is

1071 3651 1119 3691 ier
1138 3654 1179 3693 is:

1201 3729 1250 3778 Vin
1269 3742 1362 3792 parens
1379 3728 1450 3778 orbis
1463 3730 1587 3793 populosa
1601 3732 1689 3794 Poeni,

1193 3789 1205 3839 1
1226 3805 1255 3839 sa
1272 3794 1314 3838 viii
1332 3790 1416 3841 Roma
1434 3794 1459 3841 iu
1478 3795 1544 3842 solio
1559 3797 1652 3858 locata,

1217 3867 1231 3900 e
1246 3853 1325 3901 decus
1340 3863 1458 3904 nostrum
1476 3870 1598 3919 superare
1615 3860 1641 3909 ιι
1653 3859 1706 3910 isto

1272 3915 1379 3965 Munere
1394 3916 1475 3979 digna
1490 3928 1539 3968 est.

1192 3973 1321 4028 Omnibus
1334 3982 1412 4042 portis
1427 3993 1501 4030 sacer
1512 3981 1664 4032 immolatus

1192 4038 1315 4101 Sanguis,
1329 4050 1381 4090 etc.

1028 4092 1049 4153 G
1065 4120 1106 4176 Tu
1121 4120 1185 4178 vide
1200 4122 1341 4205 hymnum
1357 4125 1446 4206 ipsum
1461 4126 1547 4183 citata
1561 4126 1608 4183 die
1622 4143 1673 4183 ιιι
1686 4127 1804 4201 Aprilis,
1821 4127 1857 4185 iel

1065 4209 1124 4264 quae
1140 4191 1186 4249 liic
1201 4195 1348 4250 elicienio
1365 4214 1392 4252 in
1407 4197 1555 4254 Notatione
1570 4213 1653 4255 excer
1672 4206 1702 4256 ta
1715 4209 1792 4259 suut.
1802 4198 1861 4259 Cur·

1065 4262 1117 4319 sim
1132 4271 1202 4319 mart
1224 4282 1267 4321 res
1282 4276 1389 4324 nostros
1404 4277 1547 4338 memorat,
1569 4270 1638 4326 Acta
1653 4215 1724 4329 binc
1735 4270 1801 4329 inde
1812 4272 1861 4328 vel·

1064 4334 1161 4403 licens,
1175 4283 1373 4396 Tillemontius
1387 4347 1462 4396 torno
1478 4340 1514 4409 V,
1529 4358 1589 4413 pag.
1603 4340 1677 4409 230;
1692 4342 1790 4412 nessi
1801 4341 1863 4417 quid

1065 4405 1269 4464 Commentario
1284 4409 1507 4481 Papebrochisno
1526 4420 1574 4469 aut
1592 4415 1729 4470 Actorum
1744 4414 1863 4487 ipsorum

1065 4477 1244 4535 elucidatioui
1258 4481 1404 4554 superaddi
1417 4483 1504 4557 possit
1514 4485 1558 4540 vel
1574 4481 1687 4554 debeat,
1701 4484 1733 4543 id
1744 4501 1797 4544 suo
1809 4486 1865 4543 loco

1066 4549 1269 4620 praestabimus.

951 4664 1142 4727 AUCTARIA.

251 4738 414 4808 lienteriam,
437 4749 496 4798 toto
519 4751 598 4799 textu
620 4746 796 4815 purissimus,
818 4751 847 4804 in
868 4751 923 4807 sine
941 4768 1011 4824 pro-

236 4809 319 4878 rium,
343 4812 371 4865 ni
387 4811 478 4879 fallor,
499 4812 613 4882 adjicit:
652 4817 819 4889 ·Aiidagiuo
834 4824 1008 4893 monasterio,

216 4826 352 5010 depositio
367 4883 454 4938 sancti
471 4883 579 4939 Ucherti
595 4883 715 4967 episcopi
732 4899 758 4943 et
771 4889 944 4950 confessoris.
962 4920 971 4942 ·

274 4970 421 5022 osricum,
438 4954 484 5009 hie
500 4954 581 5008 etiam
599 4955 774 5027 purissimus,
790 4959 885 5018 addit:
923 4987 932 5011 ι
948 4967 1009 5038 lpse

215 5025 272 5095 die,
294 5025 381 5083 sancti
396 5026 537 5080 luvenalis
551 5026 725 5084 confessoris.
739 5056 748 5078 ι
770 5030 798 5086 Si
814 5032 848 5088 de
864 5035 1009 5094 Narniensi

215 5099 315 5172 agitur,
340 5104 445 5171 spectat
464 5097 498 5153 ad
522 5114 554 5153 iu
573 5097 648 5154 hlaii.
677 5101 763 5175 Magis
785 5105 923 5162 crederem
946 5110 1008 5165 pm:

216 5171 320 5226 coitum
337 5170 466 5237 indicari,
478 5169 511 5225 de
523 5185 578 5242 quo
588 5170 672 5226 inira.

1101 4759 1249 4839 Menenia.
1259 4832 1265 4842 ⁶
1276 4769 1337 4842 post
1351 4769 1459 4843 teatam
1477 4765 1621 4892 sepultus:
1654 4764 1778 4825 «Castro
1800 4768 1868 4827 Cor-

1064 4829 1149 4908 ιιοιιο,
1172 4830 1307 4911 depositio
1320 4832 1393 4888 beati
1408 4834 1510 4892 Guiuai
1523 4838 1532 4892 i
1545 4836 1655 4894 abbatis
1677 4848 1706 4896 et
1721 4841 1864 4908 monachi,

1064 4910 1211 4981 cuyusflvita
1224 4910 1251 4958 et
1267 4903 1399 4960 miracula
1411 4905 1558 4964 hahentur.
1570 4907 1677 4965 Eodem
1691 4910 1740 4968 die
1754 4911 1868 4969 civitate

1064 4971 1194 5040 Parisius,
1216 4974 1287 5029 beati
1302 4977 1459 5045 Mareelli,»
1481 4978 1533 5036 etcj
1551 4988 1604 5036 ιιι
1620 4979 1800 5053 Novembris,
1822 4981 1866 5039 md

1064 5041 1093 5097 in
1110 5042 1182 5100 sine:
1215 5069 1224 5093 ι
1238 5044 1322 5116 Cujus
1337 5063 1438 5118 corpus
1452 5050 1601 5124 requiescit
1614 5051 1646 5108 in
1661 5053 1740 5111 alma
1752 5052 1867 5113 ecclesia

1064 5111 1150 5169 beatae
1166 5115 1258 5170 Marias
1274 5117 1401 5190 virginis.
1418 5145 1427 5169 ι

1027 5185 1051 5243 D
1101 5188 1661 5263 Aurunca-blau.,Uinniincr.‚Lnrosu.
1672 5204 1702 5254 et
1714 5195 1866 5255 ιιοιιιιιιιι.

250 5241 532 5310 ιιιιιιιιι.-ιιιι.,ιι
542 5241 734 5313 hicpurusest,
747 5245 911 5305 sedinllne:
933 5254 1015 5324 «lpse
1071 5258 1158 5312 textui
1174 5259 1270 5314 itideui
1285 5277 1353 5332 puro
1363 5262 1501 5321 subdunt:
1523 5265 1691 5338 ‹Audagiuo
1702 5264 1870 5342 [hramne-

216 5310 271 5380 die,
286 5314 372 5370 sancti
382 5314 458 5368 Pauli
469 5314 590 5385 episcopi
600 5323 626 5370 et
642 5317 782 5389 martyris,
794 5318 925 5394 discipuli
940 5323 1014 5380 Petri

217 5384 343 5452 apostoli.
361 5410 370 5434 ι
397 5385 464 5452 Quis
477 5385 523 5442 hic
537 5394 574 5441 st
590 5387 693 5443 neseio.

252 5451 413 5524 Roswern,
428 5458 509 5512 etiam
527 5473 620 5528 purus,
630 5459 670 5514 sic
685 5459 784 5518 babet:
812 5485 821 5509 ι
835 5463 904 5520 ltem
921 5467 1014 5523 natale

218 5523 450 5603 tapetillugberti
465 5529 586 5610 episcopi
600 5537 627 5585 et
639 5530 814 5590 confessoris.
831 5535 899 5590 ltem
909 5535 1014 5593 l‘irmi-

217 5604 258 5646 ιιι
272 5596 402 5667 episcopi.
420 5598 561 5655 Valentini
577 5602 740 5674 presbyteri.
758 5629 768 5652 ι

229 5732 235 5744 ι
251 5661 417 5746 enisam,
433 5669 463 5722 ιι
478 5669 585 5726 duabus
598 5672 696 5742 primis
710 5675 778 5732 satis
793 5693 888 5750 purus,
905 5694 1011 5736 annun·

217 5739 331 5791 tratione
345 5741 425 5793 tertia
437 5745 520 5795 caret.

1069 5327 1155 5398 Max,
1172 5328 1328 5405 hugadino]
1345 5335 1523 5405 monasterie,
1547 5337 1686 5408 depositio
1700 5340 1793 5398 sancti
1807 5339 1868 5397 ιιι-

1068 5398 1139 5456 berti
1152 5401 1272 5473 episcopi
1286 5409 1314 5458 et
1326 5404 1501 5464 confessoris.
1517 5432 1527 5455 ι

1104 5474 1226 5555 hienae.
1239 5481 1345 5530 tentum
1356 5492 1432 5549 aeque
1448 5478 1704 5550 purnmrelert,cui
1713 5480 1871 5556 simplicius

1068 5551 1094 5598 et
1108 5543 1253 5601 sidoniana
1262 5546 1354 5616 phrasi
1368 5549 1548 5619 superaddit:
1574 5551 1704 5611 «Eodem
1713 5554 1772 5625 die,
1781 5553 1868 5612 sancti

1068 5612 1183 5670 liuberti
1199 5615 1321 5699 episcopi
1336 5625 1363 5675 et
1377 5619 1559 5679 confessoris.
1574 5646 1585 5671 ι

1088 5686 1300 5768 Ιιιιιιιιιιιιιιιιι
1312 5689 1378 5746 item
1404 5692 1617 5776 urosubjungit:
1641 5695 1766 5756 ‹Castro
1774 5684 1872 5759 Vltor-

1066 5752 1166 5825 hiensi,
1190 5768 1347 5820 sauctorum
1399 5763 1515 5823 alentim
1538 5764 1698 5841 presbyteri
1720 5776 1750 5827 et
1768 5768 1868 5829 Hilarii
