3834 6136
131 196 183 258 887
351 234 359 247 ,
649 191 778 252 cenot}
799 191 907 251 Cllel
925 190 1142 250 stanconam
1161 189 1265 249 REGIS
1730 184 1784 245 888

131 352 240 426 scopate
251 350 398 427 impe-lum
412 346 586 421 regesvillici
598 347 679 415 liunt,
694 356 853 422 actoresque
867 347 932 421 epi·
943 355 969 414 Α
982 348 1066 404 etesia
1079 345 1130 403 Dei
1143 345 1172 402 in
1187 344 1240 415 bis,
1263 345 1322 401 sine
1346 342 1446 418 quibus
1466 356 1525 398 eam
1540 337 1706 400 Christiana
1729 355 1783 398 non

132 458 290 516 scoporum.
301 441 337 497 Et
351 439 497 507 Dominus,
515 454 575 512 qua
590 444 654 494 sunt
669 436 793 507 Cesaris,
819 437 930 506 Caesari,
986 439 1089 512 patitur
1102 453 1160 496 esse
1172 438 1280 511 religio,
1296 436 1402 493 inculta
1414 451 1447 492 ac
1459 433 1593 491 destituta
1601 437 1724 489 maneat.
1737 430 1783 488 Slo

132 539 160 588 et
172 548 233 606 qua
247 537 312 587 suot
330 529 391 596 Dei,
406 530 463 585 Deo
478 526 556 583 reddi
574 526 700 599 praecipit
714 527 821 598 (ιιιιιι.
845 527 930 597 xxo),
986 536 1076 586 autem
1089 527 1253 585 excellentia
1266 533 1358 582 vestra
1371 523 1452 581 aliter
1474 538 1502 580 se
1524 520 1638 589 habere,
1653 520 1784 593 quamde

132 621 180 696 qui
203 619 286 675 etiam
309 633 421 674 censum
448 616 505 688 regi
523 614 645 673 reddidit
668 615 777 687 (battle.
798 615 881 685 ιιιιι).
895 615 932 676 Ει
986 638 1018 678 ιο
1038 618 1112 694 quod
1126 617 1230 675 dicitur
1247 632 1305 673 esse
1316 613 1495 689 perspexerit,
1511 628 1575 669 cum
1589 610 1626 667 ad
1640 608 1783 667 eceteram

132 712 280 785 Apostolus
294 709 384 765 voluit
396 708 495 765 serviri
507 707 628 780 regibus,
647 705 737 762 voluit
751 705 881 761 honorari
903 711 931 760 et
986 726 1063 767 suam
1080 708 1180 764 reverti
1190 707 1331 776 concedat,
1344 712 1375 762 ut
1389 704 1511 761 officium
1520 716 1602 759 suum
1615 699 1646 756 in
1659 698 1784 756 wmmie

132 816 188 856 non
211 797 352 856 contulari
377 812 462 870 reges·
498 797 601 868 fletam,
636 795 739 868 inquil,
761 793 931 865 massepha
985 800 1022 857 sis
1036 799 1089 856 eibi
1099 797 1241 856 animabus
1251 796 1431 868 adimpleat.»
1446 792 1552 861 Quibus
1560 788 1705 846 mandatis
1713 787 1783 846 beati

133 889 162 958 (Ι
174 889 247 944 Petr.
265 888 309 960 11).
323 887 359 943 Et
373 885 485 954 iterum,
503 885 604 952 Onaor's,
619 883 759 957 inquiens,
780 882 872 939 anima
884 899 931 954 po·
984 889 1107 962 Gregorii
1131 885 1338 961 praedecessoris
1360 882 1457 952 vestri,
1483 881 1517 939 ds
1536 879 1581 936 bis
1603 877 1655 952 qui
1668 875 1784 935 necdum

132 975 266 1032 aetatibus
279 974 479 1031 sublimioribus
493 973 599 1029 subdito
611 973 656 1028 sit.
671 970 779 1030 Reddite
792 987 853 1042 ergo
868 987 930 1026 om·
980 984 1086 1058 judicio
1098 983 1226 1058 ,ynong
1239 982 1363 1055 legaliter
1372 996 1404 1036 ,ο
1417 975 1579 1050 regulariter
1593 990 1646 1047 pm
1662 970 1783 1031 crimini.

131 1064 208 1120 ”thui
228 1064 314 1119 ‘¹0⁶5‘st
336 1063 423 1135 (nom.
448 1064 533 1133 x1n);
556 1070 584 1118 θῑ
610 1061 691 1134 P²u¹0
706 1061 851 1133 sllll<³¹i¹¹⁸²
867 1059 928 1116 1³⁶⁰
983 1074 1034 1131 bus
1051 1073 1109 1129 suis
1123 1073 1198 1129 luere
1210 1070 1339 1144 depositi,
1355 1066 1466 1125 collatis
1483 1081 1548 1123 cum
1562 1062 1679 1136 scriptis
1692 1076 1729 1118 ex
1739 1077 1783 1119 uo

131 1153 281 1208 necessitate
293 1152 393 1207 subditi
403 1158 489 1221 estole,
504 1151 654 1208 ooaaolcm
664 1155 774 1222 propter
785 1148 865 1218 iram,
885 1148 930 1204 sed
983 1168 1057 1224 mine
1080 1174 1171 1223 ,estro
1190 1164 1269 1221 nobis
1292 1161 1417 1229 directis,
1442 1175 1479 1216 ,χ
1500 1173 1533 1214 00
1549 1155 1599 1230 qui
1621 1153 1785 1227 legalitate„

131 1247 154 1295 ιι
166 1246 277 1311 militi
290 1240 474 1295 ιθιιθῐθιῑῑῐαιι
489 1238 597 1311 (still-l·
613 1240 649 1295 El
661 1239 684 1294 Si
699 1236 874 1294 ¹0l⁰¹leli¹i⁸
888 1252 928 1293 ¹⁰·
983 1255 1144 1329 regulariter
1157 1270 1206 1326 pro
1222 1251 1281 1308 suis
1295 1248 1451 1308 excessibus
1462 1244 1571 1320 judicio
1581 1242 1716 1316 synodali
1729 1241 1782 1300 ba·

131 1337 205 1401 8⁰⁸i³
219 1329 394 1386 d⁰⁰⁰⁸³⁰l¹¹ffl
408 1344 440 1386 ²0
450 1328 679 1400 praedecessorum
699 1334 864 1395 mimium·
882 1332 930 1382 ¹³·
981 1345 1063 1402 betur
1076 1343 1227 1416 depositus,
1242 1349 1273 1397 ut
1287 1356 1349 1396 eum
1358 1343 1451 1394 nostra
1464 1335 1569 1392 fretum
1583 1329 1712 1407 potentia
1723 1331 1780 1391 llo-

57 1413 59 1417 ’
131 1417 168 1474 lia
182 1418 311 1475 mandata
325 1417 398 1475 sicut
412 1416 697 1475 habenturinlitteris
710 1431 744 1473 ex
758 1416 871 1473 nomine
884 1428 929 1469 ve·
984 1452 1055 1492 mam
1071 1435 1224 1503 mittamus,
1240 1447 1300 1504 qua
1314 1428 1407 1501 popu,
1421 1422 1641 1499 sequendum,
1655 1419 1783 1492 judium,

130 1517 187 1565 ⁵¹l⁰
202 1508 282 1566 ¹¹⁰¹)ss
297 1508 408 1566 disemis
423 1524 471 1582 1³0?
485 1508 634 1566 Asslll‘lllffl
650 1508 820 1581 limbum,
830 1506 930 1563 ἅθῦθδ·
982 1527 1038 1583 Nos
1054 1531 1146 1581 autem
1157 1520 1348 1579 auctoritatem
1360 1524 1480 1575 vestram
1490 1514 1685 1588 judicaturam
1693 1510 1782 1586 potius

129 1614 204 1654 sores
241 1606 349 1654 nostros
387 1615 403 1654 a
438 1597 625 1656 decessoribus
662 1596 761 1652 vestris
793 1594 929 1667 accepisse
984 1614 1133 1683 oredimus,
1147 1621 1179 1670 ug
1192 1627 1224 1668 Θ,
1237 1625 1396 1684 sequamur,
1410 1624 1470 1681 φη
1495 1605 1657 1662 (1000330103
1670 1617 1786 1675 „pm-

129 1688 288 1745 nullatenus
298 1687 465 1745 invenietis:
482 1687 556 1743 nude
569 1701 655 1759 panca
668 1685 702 1744 de
715 1684 842 1757 pluribus
850 1681 930 1741 vobis
944 1705 968 1765 B
982 1703 1137 1761 ,1300530509
1151 1700 1236 1758 vestri
1249 1698 1403 1756 meandum
1416 1696 1624 1769 gcrjpgmmm
1650 1691 1786 1749 mmiggm

129 1775 248 1833 Wiblfe
263 1777 448 1834 ¹¹⁰⁰0⁸³³li¹¹ffl
462 1774 604 1852 dlfiffllss·
985 1792 1263 1865 praedicationemque
1279 1787 1416 1860 majorum
1430 1785 1613 1857 scripserunt,
1629 1795 1715 1855 quam
1730 1778 1786 1850 illa,

164 1891 281 1949 Sanctus
295 1891 451 1964 Gregorius,
468 1891 567 1947 merito
590 1891 655 1947 vitae
670 1899 697 1948 et
716 1888 857 1961 sapientiae
876 1885 931 1942 do·
985 1897 1046 1953 quae
1059 1881 1178 1954 scriptor
1192 1878 1358 1952 saepedicta
1379 1874 1503 1948 epistolae
1517 1889 1554 1930 ex
1567 1869 1687 1928 nomino
1700 1876 1786 1968 vestm

127 1980 218 2036 ctrina
227 1980 383 2053 apostolicae
398 1979 470 2035 sedis
485 1979 611 2052 pontifex
624 1986 652 2035 et
665 1979 718 2035 toti
729 1976 789 2033 orbi
799 1973 931 2032 colendos
985 1970 1065 2027 nobis
1079 1969 1190 2026 directae
1204 1967 1350 2025 confinxit.
1362 1965 1412 2022 Ait
1422 1964 1497 2021 enim
1508 1963 1607 2020 beatus
1617 1963 1786 2059 Augmhom

127 2083 159 2123 ac
185 2067 347 2134 imitandus,
376 2069 544 2124 Francorum
570 2067 680 2141 regibus
710 2065 881 2124 Theoderico
903 2071 930 2121 st
986 2059 1055 2115 libro
1071 2057 1106 2114 ad
1128 2057 1289 2114 Ianuarium
1306 2055 1394 2129 (epist.
1418 2053 1480 2120 tta,
1495 2068 1555 2124 cop.
1571 2050 1642 2123 llll:
1668 2047 1787 2148 comma

127 2153 327 2224 Theodeberto,
338 2154 583 2227 predecessoribus
596 2154 710 2223 nostris,
721 2155 756 2209 de
769 2151 931 2226 praejudicio
984 2149 1062 2217 talia,
1078 2164 1138 2220 qnae
1150 2162 1239 2219 neque
1253 2153 1412 2202 sanctarum
1422 2143 1634 2214 scripturarum
1645 2144 1798 2228 auctorita-v

126 2242 271 2315 cujusdam
286 2244 418 2316 episcopi,
433 2260 489 2299 non
509 2244 548 2300 ita
568 2252 600 2299 ut
613 2261 663 2300 vos
678 2243 758 2298 nobis
782 2239 931 2314 scripsistis
984 2239 1060 2294 tibus
1075 2237 1265 2304 continentur,
1279 2250 1329 2291 nec
1343 2234 1373 2288 in
1387 2231 1514 2290 conciliis
1527 2228 1726 2303 episcoporum
1738 2235 1785 2285 sta·

127 2348 176 2405 pro
190 2350 233 2402 eo,
245 2332 293 2407 qui
309 2350 360 2406 pro
375 2332 482 2390 meritis
495 2333 553 2389 sois
567 2333 693 2406 legaliter
716 2348 747 2389 ac
766 2330 930 2404 regulariter
984 2334 1046 2383 tnta
1060 2325 1253 2391 inveniuntur,
1273 2338 1323 2378 nec
1336 2318 1538 2377 consuetudine
1552 2316 1725 2374 universalia
1739 2316 1784 2372 lle

124 2419 197 2492 juste
212 2419 352 2492 depositus
365 2427 415 2490 est,
432 2421 543 2493 scripsit
553 2421 605 2478 boc
623 2421 704 2477 modo
717 2420 775 2492 (ιιι.
793 2436 842 2487 ιιι,
853 2418 930 2489 epist.
985 2415 1074 2473 etesia
1090 2415 1218 2471 roborata
1231 2421 1306 2481 sunt,
1322 2410 1470 2468 resecanda
1484 2409 1632 2466 existimo.
1649 2431 1659 2456 ι
1679 2407 1717 2464 Et
1731 2422 1785 2463 aaa·

127 2508 189 2577 120,
208 2510 299 2567 indict.
316 2511 362 2582 tt):
387 2511 506 2567 «Frater
521 2518 548 2566 et
570 2509 747 2582 coepiscopos
768 2515 862 2564 noster
875 2507 932 2563 Ur·
985 2514 1046 2562 ctus
1060 2504 1125 2573 Leo,
1147 2503 1182 2560 de
1197 2502 1241 2559 his
1261 2518 1321 2575 qnae
1338 2517 1354 2558 a
1372 2500 1457 2557 sacris
1475 2496 1636 2556 canonibus
1656 2496 1786 2554 habentur

126 2597 203 2652 sinus
226 2598 352 2654 Taurinae
377 2598 499 2654 civitatis
522 2599 647 2667 antistes,
665 2597 693 2653 in
709 2595 847 2670 parochiis
862 2595 929 2653 suis,
984 2598 1024 2653 ita
1038 2596 1159 2668 praefixa,
1169 2593 1307 2651 eteisdem
1322 2592 1480 2666 apostolicae
1494 2590 1568 2648 aedis
1581 2597 1652 2646 sunt
1667 2588 1784 2662 promul·

106 2700 187 2758 ‘qua
214 2685 287 2740 intra
312 2687 389 2758 regni
410 2687 495 2742 vestri
521 2694 585 2743 sunt
608 2686 741 2743 terminos
761 2684 929 2752 constitutae,
985 2696 1047 2761 gata
1060 2687 1189 2754 decretis,
1203 2693 1234 2741 ut
1248 2685 1325 2740 nulla
1339 2684 1445 2756 possint
1458 2682 1566 2738 ratione
1580 2680 1783 2750 convelli,cou·

128 2789 209 2846 grave
235 2774 349 2831 omnino
363 2776 465 2832 dicitur
486 2775 677 2848 prejudicium
694 2776 839 2833 sustinere:
863 2773 930 2830 adeo
985 2777 1085 2846 stituit,
1114 2801 1122 2823 ι
1141 2776 1176 2832 Ut
1200 2774 1276 2830 omui
1296 2771 1405 2845 penitus
1430 2771 1597 2828 auctoritate
1621 2769 1659 2833 sia
1680 2784 1781 2839 vacum,

129 2870 160 2917 ιιι
186 2868 282 2918 ιοιιιιι
317 2864 529 2920 ecclesiasticam
565 2865 779 2934 observantiam,
815 2871 931 2923 contra·
985 2865 1121 2941 quidquid
1132 2865 1166 2922 ab
1177 2863 1289 2921 illorum
1301 2862 1385 2919 fuerit
1395 2859 1597 2919 constitutione
1607 2861 1776 2917 diceneus

129 2965 181 3022 que
205 2949 399 3007 sacerdotalem
430 2952 603 3025 gravitatem,
631 2962 658 3010 et
671 2963 767 3010 contra
790 2967 929 3009 sacrorum
983 2959 1025 3014 Ac
1040 2957 1065 3013 si
1082 2972 1145 3013 cum
1169 2953 1254 3010 Paulo
1276 2952 1391 3020 diceret,
1407 2950 1472 3024 quia
1491 2949 1545 3006 sibi
1568 2949 1625 3023 ipsi
1640 2947 1781 3022 apostoliea

128 3053 264 3094 canonum
294 3038 419 3110 delinita,
449 3043 526 3098 riullo
559 3041 618 3113 ejus
648 3041 775 3113 exigente
801 3040 928 3108 crimine,
947 3046 1062 3125 Caedes
1074 3045 1103 3100 in
1121 3043 1179 3099 suis
1196 3041 1442 3100 constitutionibus
1455 3055 1514 3096 esse
1535 3055 1595 3095 non
1608 3046 1702 3112 potest
1718 3053 1781 3096 cco-

128 3127 198 3182 alter
209 3127 269 3184 illic
283 3143 339 3184 non
354 3132 483 3187 metuerit
497 3132 642 3204 episcopus
655 3129 788 3188 ordinari.
815 3131 850 3186 Et
865 3130 930 3203 quia
985 3133 1078 3202 traria,
1092 3132 1164 3188 Licet
1176 3148 1235 3201 aas,
1255 3136 1304 3188 oct
1314 3132 1423 3203 angeles
1436 3129 1467 3186 de
1480 3130 1544 3185 cosle
1565 3128 1729 3201 evangelizet
1739 3145 1780 3184 oo-

128 3232 225 3289 parum
240 3219 331 3275 visum
347 3229 397 3289 est,
412 3222 434 3277 si
449 3221 558 3279 illicitis
570 3239 624 3278 non
636 3221 817 3294 jungerentur
831 3218 930 3275 illicita
986 3223 1025 3278 bis
1036 3227 1135 3294 preter
1152 3219 1222 3292 quod
1240 3218 1479 3291 evangelizavimus
1491 3218 1577 3289 orabis,
1598 3221 1741 3278 caetham
1753 3221 1780 3277 tit

128 3304 210 3360 etiam
227 3322 269 3363 res
284 3309 405 3368 ecclesiae
415 3328 481 3380 sua,
492 3321 523 3367 ut
541 3311 637 3379 fertur,
651 3310 749 3366 ablatae
762 3315 836 3365 sunt.
850 3306 929 3375 Quod
984 3312 1063 3381 (Gal.
1078 3311 1111 3381 ι).
1127 3309 1179 3367 Sed
1194 3317 1225 3366 ut
1238 3309 1267 3365 in
1282 3309 1471 3366 controversia
1486 3307 1660 3375 Quintiliani
1679 3310 1779 3384 legitur,

129 3395 150 3450 si
165 3397 205 3454 ita
219 3414 248 3455 sc
263 3399 365 3456 veritas
388 3400 479 3469 babet,
504 3401 633 3474 quoniam
653 3398 736 3455 nimis
756 3395 930 3454 intolerabile
986 3399 1111 3457 Floribus
1125 3398 1239 3468 vafricia
1257 3399 1416 3455 nebulonum
1429 3399 1579 3471 oeroeficotia
1593 3417 1659 3472 aper
1673 3406 1780 3457 noema

128 3495 180 3553 cst,
196 3497 227 3546 ut
240 3489 284 3544 ιιι
297 3490 499 3563 opprimeretur
513 3492 559 3547 cui
574 3491 654 3563 culpa
669 3506 724 3546 non
739 3488 849 3556 nocuit,
861 3501 929 3558 prae·
985 3505 1046 3558 esre,
1058 3487 1153 3560 quibos
1166 3487 1371 3560 mellificandum
1385 3488 1484 3558 facerat,
1496 3488 1530 3545 de
1541 3487 1780 3563 Scripturissacrh

128 3577 212 3635 misso
243 3587 363 3650 paternae
393 3579 567 3634 salutationis
595 3579 728 3651 alloquio,
752 3578 871 3650 petimus
898 3579 931 3635 ut
986 3578 1017 3634 B.
1032 3577 1130 3634 Petrus
1143 3577 1187 3649 agl
1202 3577 1382 3646 demonstrat,
1403 3579 1517 3650 loquens
1530 3578 1565 3636 de
1586 3580 1669 3637 Pauli
1683 3579 1780 3655 Episte

128 3665 202 3738 qood
226 3667 389 3722 excellentia
411 3675 501 3722 vestra
520 3683 612 3732 amore
634 3667 825 3723 ecclesiasticae
851 3682 928 3722 reve·
985 3664 1030 3731 lis,
1047 3667 1110 3733 Oce
1122 3666 1221 3721 indocti
1234 3672 1260 3721 ιι
1267 3666 1411 3735 instabiles,
1428 3666 1529 3741 inquit,
1545 3668 1711 3740 depravant,
1723 3668 1780 3725 ιιιιιι

128 3756 236 3822 rentiae,
264 3763 291 3812 et
318 3757 456 3829 equitatis
470 3759 711 3830 contomplatione,
726 3766 823 3830 sponte
839 3765 929 3831 potest
984 3761 1008 3809 et
1021 3760 1128 3810 ceterae
1143 3755 1307 3826 scripturos,
1320 3756 1357 3812 cd
1377 3773 1453 3813 auum
1472 3757 1595 3829 ipsorum
1614 3758 1780 3831 parcime-

129 3843 296 3915 impendere‚
319 3854 412 3901 nostra
432 3843 540 3901 studeat
565 3845 712 3917 benignius
733 3845 927 3902 intercessione
982 3844 1030 3914 (ll
1038 3844 1110 3899 Patr.
1126 3842 1183 3915 ιιι),
1196 3851 1223 3900 ιι
1237 3844 1271 3901 de
1285 3844 1483 3903 traditionibus
1501 3847 1705 3908 ecclesiasticis
1722 3864 1781 3907 sao·

129 3933 288 4004 concedere,
304 3943 332 3991 et
342 3935 479 4006 justitiam
498 3933 550 4000 illi,
575 3935 646 3990 sicut
660 3933 693 3990 de
716 3935 853 4007 equitatis
867 3933 927 4006 ejus
982 3942 1043 3990 ctus
1056 3934 1233 3992 Innocentius
1252 3935 1299 4004 (od
1320 3936 1380 3992 Dec.
1405 3936 1480 4009 epist.
1504 3936 1566 4009 ιιι),
1594 3962 1605 3986 ‹
1628 3941 1717 4011 Dum,
1740 3940 1781 3997 io·

128 4022 202 4078 bono
215 4023 391 4091 confidimus,
409 4023 493 4080 iaciat
502 4024 532 4079 in
547 4023 676 4081 omnibus
690 4023 834 4093 custodiri,
846 4032 927 4097 atque
982 4023 1090 4096 quiens,
1097 4025 1286 4097 unusquisque
1297 4041 1353 4082 non
1363 4025 1437 4100 quod
1447 4025 1583 4084 traditum
1590 4037 1645 4100 est,
1658 4029 1779 4105 sedqucd

129 4110 262 4182 patefacta
278 4114 393 4169 veritate
412 4114 486 4187 qood
511 4113 608 4170 illicite
633 4123 723 4171 actum
749 4124 799 4182 cst,
815 4114 925 4187 corrigi.
983 4114 1036 4171 sibi
1058 4115 1150 4172 visum
1172 4115 1267 4185 fuerit,
1292 4117 1347 4173 boe
1369 4117 1511 4175 existimat
1537 4135 1599 4177 esse
1622 4120 1779 4189 tenendam,

130 4200 182 4255 Pro
194 4199 314 4257 utilitate
324 4218 388 4275 ergo
398 4204 496 4260 animae
505 4203 670 4260 vestraebaec
684 4203 757 4278 apud
771 4220 820 4260 vos
835 4212 928 4261 nostra
983 4202 1048 4259 inde
1061 4202 1171 4259 diversa
1180 4203 1209 4258 in
1221 4203 1339 4260 diversis
1352 4205 1422 4263 locis
1437 4207 1482 4263 vel
1499 4208 1639 4278 ecclesiis,
1653 4217 1704 4267 aut
1716 4218 1780 4267 eus

129 4288 286 4344 exhortatio
302 4291 392 4348 locum
406 4292 540 4361 inveniat,
557 4300 634 4349 etc·
657 4292 709 4349 Sed
730 4301 758 4349 et
772 4292 806 4349 ad
823 4295 928 4351 lloma-
983 4292 1027 4348 riu
1041 4301 1088 4350 aut
1102 4294 1234 4351 celebrari
1250 4294 1390 4367 videntur,
1406 4314 1438 4356 ac
1449 4297 1482 4355 fit
1491 4299 1659 4358 scandalum
1667 4300 1778 4376 populis,

129 4393 197 4432 num
212 4379 374 4448 exarchum,
391 4380 507 4437 minoris
521 4379 674 4453 dignitatis,
685 4397 767 4455 quam
777 4382 864 4438 simos
877 4381 926 4438 Dei
941 4421 966 4480 D
983 4383 1030 4456 qui
1045 4383 1111 4439 dum
1126 4383 1254 4440 nesciunt
1267 4386 1431 4444 traditiones
1445 4388 1576 4462 antiquas
1587 4390 1779 4465 bomsmpre

129 4464 215 4538 gratia
228 4469 310 4541 regiae
332 4471 483 4541 potestatis,
504 4469 539 4528 de
552 4468 670 4542 quodam
681 4470 808 4544 episcopo
818 4469 928 4543 scripsit
982 4472 1139 4545 sumptione
1158 4482 1310 4548 corruptas,
1327 4485 1425 4549 putant
1444 4478 1498 4535 sibi
1521 4487 1570 4536 aut
1589 4480 1717 4538 ecclesiis
1729 4495 1778 4538 non

129 4554 181 4613 boc
195 4556 277 4614 modo
293 4558 351 4630 (lit.
366 4576 385 4627 1,
402 4577 441 4631 ep.
454 4559 523 4632 3ι);
547 4559 697 4616 «Pervenit
711 4559 745 4616 ad
764 4576 824 4627 nos,
839 4560 927 4614 Btau-
981 4564 1141 4631 convenire,
1165 4572 1213 4622 aut
1232 4566 1266 4624 ab
1288 4568 1429 4641 apostolis,
1452 4569 1497 4626 vel
1519 4570 1684 4643 apostolicis
1716 4570 1779 4628 viris

128 4645 194 4703 dum
209 4648 371 4705 Ortonensis
385 4649 508 4706 civitatis
520 4649 690 4723 episcopum,
702 4649 926 4722 longojamtem·
980 4653 1202 4711 contrarietatem
1222 4656 1374 4715 inductam.
1397 4683 1407 4710 ι
1426 4658 1530 4717 Contra
1552 4676 1639 4734 quem
1658 4661 1778 4721 morbum

128 4750 193 4807 pore
206 4734 236 4790 in
250 4736 363 4793 civitate
376 4738 527 4795 Ravennati
542 4755 558 4795 a
571 4746 661 4795 restra
676 4737 839 4795 excellentia
857 4736 924 4794 deti·
980 4750 1091 4800 sanetus
1106 4742 1269 4803 caelestinus
1283 4746 1393 4804 salubre
1415 4748 1524 4806 cunctis
1537 4751 1695 4810 celebra-gg
1706 4752 1778 4810 mg.

127 4823 197 4891 neri,
225 4831 252 4879 et
275 4825 361 4884 litut
391 4828 506 4884 ιοιιιιιι
529 4827 588 4885 sinc
611 4834 726 4894 rectore,
754 4833 782 4882 ct
808 4828 925 4899 populus
979 4829 1085 4900 dotum,
1102 4831 1196 4890 dicens
1212 4833 1298 4906 (epist.
1316 4835 1357 4908 2),
1379 4837 1480 4895 «Nulli
1497 4840 1638 4899 sacerdoti
1665 4858 1728 4900 succ
1741 4840 1778 4899 li·

127 4913 204 4985 quasi
219 4913 279 4971 sine
300 4923 408 4987 pastore
431 4932 481 4972 rex
500 4916 612 4985 defluat,
633 4922 661 4971 et
681 4913 784 4971 ibidem
805 4916 924 4973 inientes
978 4927 1036 4977 ceat
1050 4934 1170 4977 canones
1192 4921 1328 4995 ignorare,
1346 4942 1397 4985 nec
1419 4926 1572 5002 quidquam
1591 4930 1694 5003 lacere,
1709 4929 1777 5006 quod

126 5017 176 5074 pro
191 5006 308 5077 peccatis
322 5022 405 5080 aeque
417 5005 580 5080 baptismate
592 5007 755 5064 moriantur.
771 5008 921 5077 Etrursos,
977 5009 1088 5066 Petrum
1111 5011 1213 5083 regulis
1234 5014 1322 5086 possit
1346 5016 1468 5074 obviare.
1486 5017 1553 5085 Qua
1575 5021 1654 5080 enim
1670 5038 1687 5079 a
1704 5021 1778 5079 nobit

125 5094 267 5163 quianon
290 5095 428 5153 credimus
450 5095 524 5171 quod
548 5113 611 5153 eum
635 5097 799 5154 excellentia
820 5106 921 5166 vestra,
976 5115 1019 5156 res
1033 5099 1116 5174 digna
1129 5103 1293 5175 servabitur,
1305 5105 1329 5162 si
1339 5105 1524 5165 decretalium
1538 5113 1777 5172 normaconstitu·

125 5183 235 5241 nisiex
258 5189 350 5261 aliqua
373 5189 523 5262 probabilis
536 5205 665 5248 excessus
688 5207 770 5249 causa
792 5191 920 5259 tenuerit,
976 5197 1078 5260 torum,
1098 5207 1147 5264 pro
1169 5193 1325 5266 aliquorum
1349 5196 1434 5254 libitu
1459 5197 1575 5256 licentia
1589 5203 1704 5277 populis
1715 5218 1777 5277 per·

124 5282 232 5343 oportet
244 5284 275 5331 ut
290 5277 382 5333 habita
396 5278 502 5350 synodo
514 5280 603 5352 palam
618 5279 675 5349 fiat,
692 5280 715 5337 si
730 5280 804 5353 quod
815 5282 844 5337 in
860 5297 921 5338 eurn
976 5278 1059 5337 missa
1070 5280 1259 5355 frangaturl·
1291 5287 1452 5345 Etsanctus
1467 5288 1595 5347 Gelasius
1619 5291 1651 5349 iu
1665 5289 1777 5350 decretis

123 5361 229 5418 crimen
246 5365 411 5437 intenditur,
426 5375 454 5424 et
473 5367 497 5425 si
511 5368 573 5425 talis
587 5368 616 5425 in
635 5385 667 5425 eo
680 5369 761 5442 culpa
775 5372 920 5444 reperitur,
976 5370 1042 5439 suis,
1075 5371 1191 5430 «Patres
1215 5377 1313 5445 nostri,
1338 5377 1472 5437 catholici
1497 5380 1631 5441 videlicet
1658 5389 1686 5440 ιι
1705 5382 1775 5445 docti

59 5460 60 5465 ’
123 5466 184 5522 quae
201 5469 287 5526 usque
301 5454 336 5510 ad
351 5455 575 5527 degradationem
590 5458 736 5516 sacerdotii
759 5458 921 5529 deducatur,
976 5458 1130 5531 pontifices,
1143 5461 1173 5518 in
1188 5477 1351 5540 unaquaque
1362 5476 1437 5526 secta
1450 5469 1776 5548 quolibettemporesu·

121 5537 203 5598 aliam
214 5558 322 5600 necesse
336 5554 377 5604 est
389 5545 591 5605 ordinationem
606 5548 787 5623 inquiramus,
813 5565 847 5606 ne
865 5549 924 5608 Ec-
976 5547 1082 5620 scitata,
1101 5552 1238 5628 quidquid
1262 5569 1313 5629 pro
1333 5555 1398 5629 fide,
1420 5575 1470 5632 pro
1489 5559 1616 5632 veritate,
1632 5578 1684 5637 pro
1696 5578 1776 5623 mm.
