3834 6136
125 270 192 328 toto

672 266 790 325 isaael
808 265 968 324 EPlSCOPl
987 262 1216 323 ttuuouuttsts

1705 252 1773 311 ibid

123 431 150 479 et
164 420 303 494 praestitit,
319 436 350 477 ao
364 435 436 476 auno
451 419 514 484 878,
538 420 630 475 Trecis
649 418 776 474 interfuit
798 419 958 484 concilioA
980 419 1105 488 Vuisiues,
1125 418 1217 545 iupuit
1230 416 1405 476 colbertinus
1418 411 1505 472 codex
1521 413 1584 472 tut.
1610 414 1772 485 Composuit

123 493 168 551 cui
184 492 331 564 praediotus
345 507 413 562 papa
429 490 601 562 praesidebat,
618 489 688 544 etin
704 505 758 562 quo
779 489 852 545 inter
865 491 919 547 alia

125 565 291 637 multaque
310 562 424 618 delinita
443 560 529 629 fuere,
549 563 639 687 suppa
658 567 698 616 est
717 561 827 632 querela
850 563 921 618 Tre-

124 652 232 693 censem
249 634 358 690 interet
374 633 574 704 lingonensem
609 632 747 699 eclesiam,
756 631 791 687 ob
812 631 920 689 Vando·

126 723 196 778 porae
215 721 310 762 curam
323 712 430 770 exorta,
449 719 529 776 quam
543 711 658 776 utraque
673 701 725 757 sihi
752 701 921 772 vindicabat,

126 795 186 850 quae
202 776 368 848 Lingonensi
384 775 553 847 episcopatui
568 773 727 844 adjudicata
742 781 793 828 est.

162 847 294 914 Tandem,
315 846 410 900 multis
438 862 470 902 ac
489 845 628 917 praeclaris
650 843 763 900 functus
782 842 921 925 operibns,

126 920 189 991 pius
212 919 322 990 praesul,
346 918 464 973 Rhemos
496 916 645 987 profectus,
669 915 812 973 Catalauni
831 914 922 971 subito

126 989 258 1046 decubuit
272 997 299 1043 et
315 988 416 1043 ibidem
429 1004 466 1041 xv
482 988 548 1042 Kal.
560 987 674 1068 Auprrsti
688 987 786 1056 quieuit
800 986 829 1040 iu
847 986 922 1042 Clari·

126 1066 177 1128 sto,
194 1077 250 1115 xxv
264 1060 343 1114 ostatis
357 1060 385 1112 iu
400 1058 541 1129 episcopali
554 1058 678 1127 sepimine
693 1057 923 1114 transactislibe-

128 1148 182 1185 mos
192 1132 348 1198 translatus,
362 1130 506 1198 ibidemque
515 1131 640 1200 sepultus,
651 1128 745 1183 exinde
752 1129 923 1199 permissione

129 1202 196 1273 repis
227 1202 330 1267 Caroli,
360 1207 526 1271 coqnonreoto
552 1201 696 1271 Simplicis,
716 1200 803 1255 studio
822 1216 924 1270 quoque

126 1273 251 1344 praesulis
270 1272 392 1342 Arprimi
414 1272 568 1326 successoris
595 1271 648 1337 sui,
666 1270 805 1326 Dioiooem
823 1272 923 1325 relatus

127 1351 173 1410 est,
189 1344 257 1398 etin
273 1343 389 1399 ecclesia
410 1341 438 1399 S.
452 1342 519 1397 Beni
540 1342 579 1410 ni,
601 1348 631 1397 at
648 1342 735 1396 uicem
752 1347 922 1413 proeoeperot,

128 1431 157 1471 tv
176 1417 266 1471 Nouus
289 1415 418 1470 Febranr.
435 1359 603 1480 reconditus,
624 1420 655 1468 ut
668 1413 747 1469 docet
761 1413 922 1485 llartyrolo·

128 1485 204 1558 pium
217 1485 339 1557 ejusdem
352 1485 472 1541 ecclesias
484 1484 564 1540 initio
575 1483 657 1554 hujus
666 1484 776 1540 articuli
790 1483 847 1556 jam
858 1484 924 1540 cita·

128 1566 199 1611 tum.
212 1558 264 1612 Sub
280 1574 380 1613 onnam
391 1556 454 1623 880,
471 1556 562 1628 inquit
572 1555 728 1614 Chronicon
742 1556 792 1611 Lin
812 1571 922 1613 onense.

128 1628 208 1695 Quod
220 1628 244 1682 si
260 1629 297 1683 ita
310 1635 359 1695 est,
375 1627 433 1697 ejus
449 1626 571 1695 initium,
588 1644 644 1683 non
658 1627 693 1682 ab
707 1643 780 1684 auno
794 1573 858 1695 gii),
890 1644 925 1682 uo

130 1699 288 1826 ἓρίιοοὲιῑιι
304 1698 416 1770 pacifice
432 1698 535 1771 potitus
546 1705 597 1766 est,
614 1698 660 1754 sed
671 1715 743 1755 anno
753 1698 864 1755 circiter

150 1787 218 1826 ucen

240 1786 285 1825 nm
301 1778 352 1826 est.
370 1771 599 1825 Anniversarium
615 1768 673 1840 ejus
688 1770 836 1841 quotannis
850 1769 926 1825 cele·
942 1781 964 1842 fl
979 1768 1259 1826 euurdemdominum

976 491 1078 548 librum
1093 490 1141 564 qui
1171 490 1254 546 icitur
1267 490 1385 547 canores
1402 489 1489 555 fsuuo,
1506 501 1540 568 eo
1553 484 1630 559 quod
1651 499 1688 541 ex
1698 483 1775 542 libris

974 579 1104 617 eunocum
1118 562 1230 617 utiliora
1260 575 1349 631 acque
1365 559 1400 615 el'
1416 558 1482 613 eodo
1504 575 1535 612 m
1551 573 1636 612 unam
1655 557 1776 612 uolumen

975 633 1158 689 consumserit.
1188 578 1277 690 Verba
1293 639 1358 686 sunt
1409 629 1517 685 bronioi
1541 626 1632 710 sancti
1648 627 1775 699 Beuiqni.

976 704 1051 776 Opus
1061 703 1132 759 illud
1146 703 1249 775 publici
1260 701 1331 774 juris
1346 701 1412 757 fecit
1423 699 1540 756 lacobus
1560 697 1731 756 Srrmondus
1745 700 1776 756 ad

975 776 1076 832 caleam
1101 774 1169 830 tomi
1185 775 1223 830 lll
1237 772 1445 838 Consiliorum3
1475 777 1566 826 exstat
1580 777 1609 826 et
1623 777 1703 826 tomo
1718 769 1777 827 Vlll

976 845 1163 903 Conciliorum
1176 844 1276 913 bebba,
1287 861 1314 917 p.
1326 843 1389 911 698,
1404 849 1432 899 ct
1444 842 1559 923 tpmoll
1574 840 1778 912 Capitularium

975 917 1090 973 baluzii.
1107 916 1263 1042 Eiapuoqne
1273 915 1407 971 tribuitur
1420 913 1536 985 epistola
1545 913 1580 968 de
1590 912 1706 970 Canone
1718 913 1777 969 mis·

975 1005 1021 1049 sae,
1038 1003 1119 1060 quam
1169 987 1221 1043 adit
1237 995 1329 1042 noster
1346 987 1380 1042 D.
1407 985 1494 1040 Lucas
1519 982 1662 1056 d'Acbery
1687 985 1778 1042 tomi

976 1059 1071 1132 Spioil.
1084 1059 1188 1115 Verum
1199 1073 1258 1113 eam
1269 1072 1325 1113 non
1338 1071 1396 1112 esse
1408 1054 1493 1112 isaaci
1514 1055 1635 1127 lingon.
1647 1054 1778 1137 episcopi,

976 1130 1023 1185 sed
1038 1129 1151 1186 alterius
1165 1128 1337 1210 cognominis
1352 1126 1460 1183 abbatis
1475 1124 1581 1208 Pictas.
1603 1126 1700 1182 ordin.
1716 1126 1779 1208 Cas·

976 1198 1777 1398 dmmffimmdmmdmdd

977 1351 1043 1412 etc,
1054 1359 1088 1413 pa
1108 1386 1115 1398 .
1134 1342 1158 1398 3·
1172 1385 1178 1398 .
1194 1341 1237 1397 nd
1252 1357 1315 1396 eum
1330 1339 1441 1411 scripsit
1455 1340 1624 1396 llincmarus
1639 1356 1692 1412 pro
1706 1355 1778 1413 quo-

978 1415 1040 1470 dum
1056 1360 1155 1482 miiite,
1180 1429 1260 1485 quem
1273 1412 1446 1467 anathemate
1468 1410 1591 1479 ferierat,
1617 1410 1737 1467 suadens
1750 1421 1779 1468 ut

979 1485 1075 1540 mitius
1088 1500 1151 1555 erga
1165 1500 1226 1540 eum
1242 1489 1342 1555 agerat,
1354 1490 1466 1555 propter
1480 1482 1636 1538 instantem
1647 1481 1779 1539 doiufes-

978 1557 1083 1613 tatione
1097 1571 1264 1683 paganorum
1278 1553 1479 1612 necessitatem.
1492 1552 1564 1620 Quia
1578 1553 1654 1610 illud
1671 1553 1779 1611 anatho·

980 1644 1086 1709 manen
1117 1634 1177 1683 urat
1187 1626 1316 1699 amplius,
1328 1625 1381 1682 nisi
1392 1624 1518 1707 quandiu
1526 1625 1614 1708 homo
1625 1633 1779 1708 perseverat

979 1695 1779 1840 ¹Wmmmdfflfflffiffibfflfflb

128 1842 225 1897 bratur
239 1858 279 1897 vrr
302 1843 364 1897 Kal.
380 1841 511 1924 Augusti,
529 1848 555 1896 et
575 1839 647 1896 banc
666 1841 694 1895 in
713 1856 770 1895 rem
795 1840 926 1911 assignati
980 1839 1115 1913 quaedam,
1129 1840 1170 1896 nti
1184 1840 1267 1896 refert
1279 1838 1458 1896 Flodoardns.

127 1920 193 1968 sunt
212 1911 336 1968 redditus
355 1911 388 1967 de
408 1912 537 1978 licinus,
559 1910 664 1967 Gallico
678 1926 803 1966 sermone
822 1910 927 1968 vocatis

629 2426 1280 2505 mmmmammmmms

713 2637 1189 2754 CANONESQ

530 2835 620 2904 (Apud
639 2832 793 2900 Sirmond.‚
808 2830 908 2889 concil.
925 2832 1042 2903 general.
1059 2840 1126 2892 tom.
1140 2833 1213 2902 vlit,
1234 2833 1287 2892 col.
1302 2835 1378 2905 598.)

357 3081 473 3137 lSAACl
496 3078 694 3139 PRAEFdl'lt).

149 3171 154 3181 ‘
188 3188 232 3226 um
249 3169 440 3242 opportunitas
452 3170 635 3227 ecclesiastica
648 3170 768 3243 exegerit
783 3176 922 3227 utcontra

126 3259 317 3335 delinquentes
336 3269 362 3316 et
382 3268 503 3317 errantes
522 3261 666 3333 pastoralis
685 3260 820 3318 sententia
834 3263 921 3333 profe·

127 3357 213 3419 ratur,
233 3350 389 3424 frequentur
419 3351 512 3407 evenit
530 3357 562 3406 ut
589 3349 710 3408 remedia
735 3368 795 3425 qnae
814 3369 922 3410 summo

34 3471 35 3474 ι
126 3440 271 3498 charitatis
281 3450 308 3497 et
323 3441 433 3512 pietatis
444 3442 540 3498 ardore
554 3441 702 3514 apatribus
714 3442 805 3498 anxiis
821 3458 921 3515 prapa-

126 3539 232 3599 rantur,
246 3545 262 3586 a
276 3530 342 3586 filiis
356 3530 552 3602 egrotantibus
564 3530 600 3586 ad
614 3546 691 3586 suam
704 3531 853 3604 perniciem
869 3548 921 3588 res·

24 3607 33 3620 ⁶
127 3627 255 3692 puantur.
268 3621 303 3673 Et
313 3619 568 3692 quianeouflectum
577 3619 757 3688 medentium,
770 3636 820 3676 nec
829 3637 921 3690 suurn,

128 3715 157 3763 ut
165 3706 446 3778 expedit,perictrlum
454 3705 641 3762 damnationis
648 3708 923 3778 perpendunt,oblata

127 3811 241 3869 rpnaequo
260 3795 419 3862 fastidiunt,
437 3803 465 3851 et
492 3795 569 3853 velut
587 3796 748 3865 inefficacia,
768 3796 833 3870 qnia
859 3808 923 3855 sunt

127 3884 288 3951 domestica,
309 3884 508 3940 medicamenta
535 3890 726 3940 contemnunt.
745 3882 850 3942 idcirco
873 3903 923 3959 ego

128 3975 211 4040 lsuao,
229 3972 361 4043 indignus
376 3972 556 4042 lingonensis
574 3973 728 4045 episcopus,
737 3984 848 4047 propter
857 3993 922 4050 quo·

127 4063 251 4117 rumdam
264 4061 356 4117 minus
362 4060 595 4134 acquiescentium
604 4061 922 4139 desidiam,etqnerelam

126 4158 221 4206 contra
231 4151 393 4223 pastoralem
405 4151 632 4221 sollicitudinem,
643 4161 724 4226 atque
733 4154 921 4228 improborum

940 3085 961 3145 c
978 3082 1254 3155 papaZaohariassub
1264 3099 1336 3140 anno
1346 3083 1551 3141 incarnationis
1565 3086 1772 3158 Dominiornlbl,

976 3173 1138 3230 arrctoritate
1148 3173 1297 3245 apostolica
1308 3172 1496 3240 confirmavit,
1509 3176 1681 3235 etomnibus
1692 3178 1772 3236 Eocfe

976 3263 1023 3318 sius
1038 3263 1088 3319 Dei
1101 3262 1229 3320 fidelibus
1241 3262 1468 3335 irrefragabiliter
1479 3263 1657 3323 observanda
1680 3267 1773 3324 cunsa-

977 3353 1040 3420 tuit,
1058 3352 1209 3421 revolvere,
1224 3359 1252 3408 et
1269 3350 1304 3408 ad
1324 3367 1412 3408 meam
1427 3367 1617 3428 meorumque
1634 3355 1771 3415 utilitatem

978 3440 1102 3514 quaedam
1110 3459 1145 3500 eu
1154 3441 1197 3498 his
1204 3459 1266 3515 qum
1272 3441 1485 3515 inquestionem
1493 3443 1649 3516 saepissima
1656 3445 1771 3513 veniunt,

977 3533 1146 3605 colligeraet
1156 3534 1185 3589 in
1195 3549 1282 3590 unum
1292 3532 1486 3605 corpusculum
1505 3549 1674 3606 aggregare:
1690 3543 1771 3610 quate

977 3639 1030 3677 nus
1046 3623 1068 3678 si
1086 3631 1180 3680 nostra
1192 3621 1434 3690 calumniaverint,
1450 3622 1494 3678 vel
1520 3622 1639 3680 sinistra
1652 3624 1771 3699 iuterpre

979 3711 1080 3767 tallone
1095 3712 1258 3769 labefactare
1270 3711 1447 3780 tentaverint,
1464 3711 1624 3785 apostolica
1639 3714 1771 3788 pariteret

978 3799 1061 3872 regali
1075 3799 1238 3857 anctoritate
1249 3799 1397 3873 compressi
1417 3798 1452 3856 de
1466 3809 1569 3858 caetero
1582 3803 1769 3871 conticescant,

977 3899 1003 3945 ot
1015 3888 1164 3947 salutiferis
1175 3889 1365 3948 curationibus
1379 3889 1423 3947 vel
1434 3889 1519 3948 inviti
1540 3908 1610 3952 cum
1625 3909 1769 3953 causacio

978 3981 1047 4052 gerit
1061 3983 1246 4055 acquiescant.

978 4089 1015 4144 lle
1029 4088 1118 4145 asellis
1132 4090 1172 4146 oei
1183 4089 1291 4162 placitis
1305 4089 1487 4159 sotularibus,
1503 4089 1603 4162 quidus
1618 4093 1768 4167 temporibus

1209 4161 1345 4218 obseruari
1358 4178 1413 4218 ooo
1424 4160 1542 4219 debeam.

126 4240 311 4309 insolentiam,
323 4242 370 4314 qui
382 4243 476 4300 omnia
485 4259 545 4316 qum
557 4243 589 4299 ad
601 4243 822 4303 emendationem
834 4247 878 4303 vel
888 4246 923 4304 ad
1012 4259 1148 4316 Volumus
1161 4257 1290 4316 omnibus
1305 4258 1464 4329 comitibus,
1486 4262 1678 4338 omnibusqup
1692 4265 1769 4336 mim.

125 4347 201 4387 suam
217 4332 351 4389 cautelam
362 4333 503 4402 dicuntur,
519 4350 535 4389 a
549 4334 630 4391 nobis
643 4335 708 4391 stota
728 4342 755 4392 et
770 4338 923 4410 excogitata
976 4347 1054 4405 tticae
1069 4347 1204 4403 ministris
1214 4346 1330 4403 firmiter
1341 4346 1516 4419 denuntiare,
1528 4358 1562 4408 ut
1576 4359 1702 4425 aquarta
1713 4350 1771 4408 faria

125 4421 249 4493 garriunt
259 4430 286 4478 et
296 4421 419 4491 inventa,
431 4422 500 4479 utile
514 4422 655 4491 duximus,
668 4423 792 4496 quandam
802 4425 920 4495 saluber·
936 4447 959 4504 ῃ
976 4445 1039 4493 ariae
1049 4437 1161 4494 initium
1171 4436 1400 4510 Quadrupesimae,
1413 4455 1464 4498 nec
1473 4439 1502 4496 in
1511 4439 1572 4512 ipsa
1592 4441 1768 4514 quartafsria,

127 4510 257 4565 rimarum
269 4510 389 4583 capitula
400 4513 584 4580 sanctionum,
596 4529 656 4584 quae
672 4521 773 4571 sancta
792 4515 921 4572 Romanas
975 4543 1060 4599 usque
1071 4536 1131 4601 pour
1145 4526 1174 4582 in
1188 4534 1298 4584 octavas
1308 4526 1429 4598 Pascha,
1446 4530 1565 4587 mallum
1577 4530 1622 4588 vel
1644 4531 1769 4605 placitum

125 4608 152 4655 et
167 4601 323 4673 apostolica
336 4601 577 4673 Ecclesiaelegatus
587 4600 745 4660 bonifacius
755 4605 921 4661 venerabilis
975 4615 1128 4686 publicum,
1143 4615 1197 4672 uisi
1210 4615 1244 4672 da
1258 4614 1408 4673 concordia
1421 4625 1449 4674 st
1463 4617 1660 4690 pacificatione
1675 4619 1769 4678 discor·

125 4688 356 4760 Maguntiacensis
377 4688 599 4763 archiepiscopus
612 4691 750 4750 Zacharias
764 4709 850 4766 papie,
866 4710 921 4749 una
975 4704 1111 4772 dandum,
1125 4711 1219 4761 tenere
1233 4720 1288 4760 non
1308 4715 1484 4777 praesumant.
1504 4706 1644 4764 Similiter
1664 4709 1771 4765 etisma

125 4792 188 4832 cum
199 4776 353 4832 orthodoxo
365 4775 547 4836 Carlomauno
557 4781 724 4837 Francorum
740 4783 874 4856 principe,
891 4783 919 4838 in
975 4800 1071 4866 quarta
1084 4793 1153 4848 feria
1170 4799 1233 4848 ante
1252 4791 1428 4850 nativitatem
1451 4794 1578 4865 Domini,
1604 4813 1694 4871 usque
1716 4802 1770 4870 post

126 4864 433 4938 dnobusepiscoporum
443 4869 614 4926 conciliisad
627 4869 759 4927 honorem
772 4874 921 4945 etprofee-
975 4889 1146 4938 consecratos
1170 4879 1229 4937 dies
1247 4880 1403 4939 observent.
1423 4883 1548 4950 ‘Necnon
1567 4894 1595 4942 et
1615 4885 1647 4944 in
1662 4883 1771 4960 jejuniis

126 4965 184 5014 tum
199 4957 329 5015 Ecclesia
343 4958 392 5014 Dei
415 4960 589 5033 comoripsit,
604 4978 718 5036 queque
741 4964 821 5020 etiam
847 4965 920 5021 idem
975 4969 1282 5042 QuatuorTomporum,
1293 4979 1320 5028 et
1332 4971 1362 5027 in
1373 4971 1586 5045 Rogationibus,
1596 4982 1625 5032 et
1635 4975 1666 5033 in
1680 4974 1770 5035 diebus

160 5118 172 5145 ι
187 5098 295 5155 Titulus
310 5098 339 5155 in
354 5099 441 5155 veteri
453 5098 547 5156 codice
561 5102 655 5157 nnllns
670 5111 720 5160 est.
737 5104 809 5160 Eum
821 5104 921 5161 indidi·
975 5107 1081 5164 abbatis
1094 5109 1285 5166 collectionem
1308 5109 1418 5181 adjecit.
1434 5112 1470 5170 Et
1483 5128 1645 5187 quanquam
1667 5131 1727 5188 que
1743 5112 1768 5170 in

128 5183 188 5249 mus
195 5185 276 5242 quem
287 5170 626 5297 'suggerebat'Cbronicum
636 5174 723 5231 sancti
734 5176 863 5259 Benigni,
872 5177 920 5233 nbi
975 5178 1019 5234 his
1042 5179 1121 5236 libris
1145 5181 1331 5247 continentur,
1351 5181 1454 5252 omnia,
1468 5191 1499 5240 nt
1514 5183 1589 5242 idem
1604 5185 1767 5244 Benedictus

128 5241 310 5322 laurusoperrs
345 5249 355 5296 t
373 5249 477 5324 mentio
492 5242 536 5300 lars
550 5244 656 5326 verbis:
679 5245 831 5318 Composuit
853 5248 921 5304 mern
974 5250 1025 5305 sub
1038 5249 1120 5306 finem
1131 5250 1195 5307 libri
1209 5269 1249 5308 vn
1263 5251 1356 5320 tradit,
1373 5269 1419 5324 per
1434 5254 1680 5328 sedisapostolicae
1702 5259 1766 5327 loga·

127 5312 159 5366 B.
176 5313 396 5395 fsooceprseppcs
408 5314 504 5370 labrum
518 5317 676 5396 quadroitur
696 5319 813 5374 Gurmnes
832 5321 919 5387 lsuue,
974 5328 1016 5377 tos
1027 5320 1135 5378 fuerant
1144 5322 1314 5392 confirmata,
1325 5333 1432 5382 constat
1442 5326 1764 5394 tamen,adBonifacium

127 5398 250 5449 aoqoeex
273 5385 349 5439 libras
363 5402 494 5467 cononum
512 5388 623 5442 ablroru
647 5391 921 5470 puoequeeliqeudoiu
974 5400 1001 5447 et
1023 5393 1181 5449 Zachariam
1205 5411 1261 5450 non
1286 5395 1389 5462 omnia,
1417 5397 1493 5470 quod
1517 5398 1638 5457 innuero
1655 5414 1764 5482 sequens

129 5466 209 5530 renum
223 5457 344 5510 oolrrmm
356 5463 509 5514 coarctaret.
525 5458 670 5530 Excerpsit
683 5469 775 5517 autem
794 5477 829 5516 ex
842 5461 921 5517 libris
994 5463 1097 5519 rafatio
1106 5464 1227 5533 videtur,
1237 5465 1284 5521 sed
1294 5482 1325 5522 ua
1339 5474 1447 5525 tantum
1457 5469 1596 5542 pertinere
1617 5486 1680 5544 quas
1690 5468 1766 5529 tuitio

129 5520 302 5594 capitularis,
321 5535 352 5582 ut
365 5536 454 5595 vocat,
470 5530 606 5601 praecipue
616 5547 682 5587 vero
691 5548 728 5587 ex
742 5531 831 5587 tribus
843 5530 920 5587 libris
974 5479 1038 5589 iibri
1052 5551 1069 5587 v
1086 5534 1222 5609 descripta
1234 5544 1309 5593 sunt.
1597 5512 1607 5539 ⁹

129 5591 334 5664 posterioribus,
362 5615 430 5670 quos
444 5600 607 5659 Benedictus
629 5601 726 5658 Levita
744 5601 778 5657 ad
793 5602 918 5675 Auscqisi
1526 5611 1665 5671 sonoro.
