3834 6136
136 187 187 243 tat

801 183 952 240 eseiam
969 175 1130 240 monaehi
1189 143 1196 148 ’

1737 176 1792 233 tes

136 313 217 382 tanis,
227 311 328 368 similis
338 319 380 368 est
394 310 731 376 Ani·eene.·Miir.,etc.ln
752 308 934 367 Cordubensi·
948 311 974 370 A
1023 308 1119 364 Bruta.
1136 305 1326 363 Cordubenses
1341 305 1470 362 transfert
1495 304 1529 360 ad
1543 306 1635 363 lecum
1659 303 1790 377 penulti-

136 385 188 441 bus
211 399 295 456 purus
312 390 361 439 est.
386 381 472 439 Tum:
505 382 586 454 «lpse
598 381 653 450 die,
668 382 697 437 in
712 381 825 438 civitate
839 382 932 437 Arela-

137 457 218 519 tensi,
234 455 321 511 sancti
336 453 447 512 Caesarii
470 453 590 526 episcopi
614 462 641 509 et
655 453 829 520 confessoris,
856 452 932 508 inires

136 525 290 585 sanctitatis
304 535 331 581 et
344 525 454 598 pietatis
467 526 552 581 studii
567 525 621 580 uiri
641 534 668 581 et
687 525 809 581 doctoris
823 523 931 589 eximii,

136 600 183 673 qui
196 607 223 655 et
233 597 346 654 omelias
355 597 544 669 composuitet
553 612 702 652 sermones.
719 595 931 668 Augustuduno,

137 669 224 727 sancti
239 669 334 742 Syagri
348 668 468 741 episcopi
484 676 511 724 et
525 685 575 724 cen
581 668 690 725 tesseris
702 667 846 739 depositio.
863 692 872 715 ι

171 745 333 804 Aonieiuer.
346 740 448 806 iatine,
461 739 555 796 addit:
580 767 588 787 ι
603 740 747 807 bituricas,
773 738 860 795 sancti
870 738 932 794 Sul·

137 813 203 885 picii
220 811 367 886 [episcopi]
383 821 410 868 et
423 812 597 869 contessoris.
618 836 627 859 ·

172 884 614 942 Maraic.-Canrus-Uirasrrcr.
637 901 642 938 :
679 881 764 939 ·neti
792 882 931 954 martyris,

137 956 259 1029 patriciae
286 956 390 1011 duduin
422 956 565 1028 dignitatis
591 963 747 1011 sanctarum
779 962 932 1025 martyrum

137 1027 267 1097 sedecim,
281 1028 309 1083 in
323 1028 454 1100 AEgypto.
470 1052 478 1073 ι
517 1028 597 1083 Recte
611 1035 721 1082 notatur
736 1026 763 1079 iii
792 1025 930 1096 spargine:

145 1099 238 1166 «Ques
253 1108 344 1170 aperte
361 1098 411 1153 hec
435 1097 479 1153 die
494 1114 548 1154 neri
569 1099 681 1152 invenie
695 1098 723 1151 iri
739 1097 934 1168 Martyrelogie

138 1171 262 1228 Romane
272 1179 319 1225 aut
328 1169 392 1224 alibi
404 1188 409 1232 ;
424 1184 528 1294 »nerine
539 1185 589 1224 nos
600 1169 767 1225 invenimus.
786 1169 931 1240 Sequitur:

144 1264 154 1288 ‹
169 1241 279 1298 Caesarii
295 1240 415 1313 episcopi
430 1241 483 1295 Are
495 1242 607 1296 atensis.
624 1264 632 1286 ι

173 1312 268 1369 Conari
284 1313 316 1368 ll.
335 1313 377 1367 Du
397 1311 522 1368 Canusi.
543 1311 594 1367 sub
609 1318 700 1367 neta:
725 1312 774 1366 ·ln
794 1310 934 1367 territorio

137 1383 291 1465 Bigorensi,
320 1383 433 1440 civitate
463 1382 561 1451 lieres,
594 1382 693 1438 naulis
720 1383 806 1438 sancti
835 1382 935 1438 L‘cerii

137 1455 257 1583 episcopi
283 1462 311 1509 et
327 1453 506 1523 confessoris,
540 1453 736 1511 miraculorum
766 1453 934 1528 [patratoris]

137 1525 157 1581 il
171 1525 327 1582 ustrissimi.
347 1551 356 1574 ι

173 1598 322 1665 Virrium,
335 1614 412 1654 ιιιιιιι.
430 1597 510 1666 aeia,
521 1597 615 1654 omisit
625 1595 732 1668 Georgii
743 1605 771 1652 et
784 1597 933 1654 socierum.

988 396 1075 447 mam,
1090 388 1230 506 expuncto
1256 378 1299 434 ele
1319 378 1355 433 ie.
1372 378 1404 432 ln
1416 376 1578 457 Tomitanis,
1604 391 1692 456 purus
1703 376 1789 456 etiam

988 467 1043 507 neri
1058 459 1108 507 est.
1145 450 1226 507 rribit
1245 395 1351 519 duffii,
1375 456 1427 504 etc.
1443 449 1473 505 lu
1491 448 1637 504 Parisiensi
1664 445 1788 505 editione

988 522 1102 594 adjicit:
1127 548 1136 569 «
1152 522 1286 577 bituricas
1304 520 1426 588 civitate,
1437 519 1525 577 sancti
1540 517 1789 594 Sulpiciiepiscepi

988 602 1015 651 et
1029 593 1202 649 confessoris.
1220 619 1229 639 »

1025 667 1168 722 Gnarum:
1192 663 1364 731 ‹Nota,alibi
1377 663 1444 721 socii
1454 662 1605 719 Marcellini
1621 661 1728 717 tribuni
1745 662 1789 718 le-

1027 748 1092 792 ntur
1102 734 1155 792 hec
1169 736 1268 792 mede:
1292 736 1405 792 loannis
1415 743 1443 790 et
1467 734 1568 790 Babilae
1581 734 1706 790 filiorum
1720 732 1788 804 ejus,

989 754 1145 879 geuraptenis
1159 817 1186 864 et
1200 807 1321 875 Hireais,
1335 808 1461 873 Anionis,
1477 807 1651 874 clericorum,
1664 813 1691 862 et
1717 806 1789 862 Petri

989 880 1097 947 militis,
1114 880 1161 954 qui
1176 896 1270 936 onines
1284 896 1339 935 una
1353 896 1415 935 cum
1432 878 1559 933 Marcelle
1573 886 1601 933 et
1616 893 1714 945 uxore,
1739 876 1789 934 sub

990 951 1120 1009 Culciano
1135 952 1258 1024 praeside,
1276 951 1423 1007 bestiarum
1437 949 1544 1006 feritate
1557 947 1690 1015 edomita,
1707 948 1790 1004 haui-

989 1025 1094 1097 uiisque
1109 1024 1252 1094 superatis,
1274 1023 1365 1094 gladie
1381 1021 1455 1090 caesi,
1471 1021 1635 1092 martyrium
1650 1020 1790 1093 impleve-

989 1103 1064 1152 runt.
1082 1095 1183 1151 Milesii
1199 1095 1328 1166 episcopi.
1346 1093 1509 1159 Theogenis,
1525 1092 1677 1156 Aristonis,
1702 1091 1785 1159 Festi,

990 1166 1121 1232 Victoris,
1145 1166 1285 1230 Susanna,
1312 1165 1404 1232 Zoilii,
1422 1162 1531 1220 Deaimi
1557 1171 1585 1218 et
1612 1163 1789 1229 Memmenis,

991 1247 1153 1310 martyrum.
1170 1237 1260 1305 Meris,
1289 1236 1316 1292 S.
1333 1234 1391 1294 llusr
1408 1234 1528 1306 episcopi
1556 1243 1583 1290 et
1612 1233 1788 1291 contessoris.

991 1310 1057 1364 lteru
1085 1308 1236 1364 secuudum
1266 1308 1373 1381 aliquos
1388 1306 1443 1374 hic,
1466 1305 1641 1386 Sinipliciani
1666 1305 1789 1433 “lii'fflffl

991 1380 1211 1446 Mediolanensis,
1227 1396 1308 1452 quem
1318 1379 1363 1434 alii
1377 1377 1477 1433 babent
1492 1376 1586 1433 Idibus
1604 1377 1761 1450 Augusti,E

990 1452 1071 1510 benis
1095 1451 1214 1524 episcopi
1239 1459 1266 1506 et
1286 1449 1459 1507 contessoris.
1482 1447 1629 1516 Bituricas,
1645 1448 1791 1505 translatio

990 1527 1018 1652 IS.
1035 1524 1146 1652 ὃιὲιὲιίιίἰ
1163 1523 1283 1596 episcopi
1298 1531 1325 1578 et
1338 1521 1512 1578 contessoris.
1528 1521 1558 1577 ln
1573 1519 1790 1589 scortantium-

1011 1596 1060 1650 iia
1099 1596 1186 1651 atis.»

136 1668 447 1752 Adjecitprimoleeo:
479 1670 607 1726 «Natalis
630 1669 974 1736 sanctorum,Arentii,B
1026 1669 1146 1733 Meuia..
1175 1666 1203 1722 in
1221 1665 1309 1739 prima
1323 1664 1455 1734 editione,
1483 1672 1557 1721 caret
1579 1664 1788 1736 augmente.ln

137 1741 281 1807 honerati,
293 1740 495 1808 Fortunatiani,
510 1750 537 1795 et
545 1739 697 1796 Sabiniani.
710 1738 819 1810 Capuae,
835 1740 935 1795 natalis

136 1820 294 1938 sahnctoruni
308 1820 461 1884 martyrum
478 1811 538 1868 lluli
552 1818 579 1867 et
593 1810 710 1882 Carponi
731 1808 813 1884 [elios
828 1811 934 1883 Carpo-

175 1899 217 1939 Ol'l
239 1928 245 1940 .
264 1908 273 1931 ι

137 1899 154 1955 p
172 1893 342 2011 ΡιοΙιιιιιιτιιι.
357 1955 475 2026 :‹Apnd
488 1953 630 2011 civitatem
648 1954 812 2021 Potentiam,
829 1964 934 2013 sancte·

138 2040 198 2102 runi
211 2031 364 2096 martyrum
374 2034 491 2097 quatuor
501 2041 691 2096 germanorum
710 2025 833 2093 Aruntii‚
845 2029 934 2084 Herio·

137 2102 200 2161 rati,
212 2096 356 2151 Fortunati
368 2106 394 2152 et
406 2096 559 2153 Sabiniani.
571 2098 672 2153 Eorum
686 2097 785 2154 festum
796 2099 887 2171 agitur
906 2099 934 2155 in

137 2167 198 2222 Kal.
214 2166 391 2238 Septembris.
409 2193 418 2215 ·

173 2237 267 2294 Editio
281 2238 469 2297 Lusisse-Coi.
486 2239 602 2312 incipit:
624 2242 724 2311 «Apud
736 2243 934 2312 Mediolanum,

137 2308 224 2366 sancti
240 2309 412 2382 Simpliciaei
427 2310 548 2383 episcopi
577 2320 604 2367 et
625 2314 799 2370 confessoris.
822 2317 873 2371 Hic
899 2316 934 2371 ob

136 2380 272 2437 celebrem
300 2382 454 2438 sanctitatis
482 2399 538 2438 sue
566 2383 678 2450 lamam,
708 2402 742 2440 ex
775 2386 934 2443 heremitica

137 2451 206 2533 vita,
216 2458 278 2524 pest
288 2451 428 2510 decessum
437 2454 525 2510 saneti
536 2455 686 2524 Ambrosii,
698 2457 732 2513 ad
747 2457 933 2530 episcopatum

136 2523 578 2583 Mediolanensisecclesiaeassum
601 2535 704 2596 tusest,
722 2536 749 2584 et
764 2529 835 2586 sicut
858 2530 934 2600 prius

136 2594 165 2650 in
176 2594 234 2650 vita
244 2596 395 2675 monastica
406 2598 465 2678 Deo
474 2598 562 2678 tuerat
573 2544 699 2667 fetetne,
714 2600 752 2655 ila
764 2601 793 2655 iii
804 2602 933 2672 pastorali

136 2681 201 2745 cura
216 2665 289 2722 beati
303 2666 443 2724 Ambrosii
458 2676 581 2724 imitator
604 2672 710 2727 exstitit
725 2679 861 2728 strenuus.
883 2673 934 2729 Hic

136 2744 219 2793 etiam
234 2736 401 2816 uenerabilis
413 2740 614 2807 Antiates,dum
625 2741 716 2798 adhuc
725 2744 838 2799 eremita
851 2751 932 2812 esset,

136 2807 322 2878 Augustinum
352 2809 489 2865 rhetorem
527 2820 554 2867 et
587 2813 782 2870 scholasticum
811 2814 932 2887 ejusdem

136 2877 213 2935 urbis
228 2894 278 2934 sua
289 2879 415 2960 doctrina
427 2889 455 2936 et
473 2883 705 2953 exemplarium,
723 2885 757 2939 ad
779 2885 932 2942 detestatio·

137 2964 199 3004 nem
225 2964 326 3005 erroris
356 2951 570 3008 Maniehaeerum
596 2964 676 3010 sectae
702 2956 828 3024 deduxit,
854 2958 933 3014 etad

136 3018 218 3075 fidem
234 3021 412 3079 sanctissime
431 3023 731 3082 Trinitatiscenvertit.
748 3029 783 3082 Et
801 3028 932 3101 queniani
949 3027 1003 3091 Cli

136 3090 194 3164 ipse
208 3091 388 3173 Augustinus.
404 3094 462 3166 ejus
479 3096 591 3153 monitis
605 3106 632 3153 et
646 3099 780 3170 exemplis
792 3098 826 3156 ad
849 3098 931 3156 iidem

136 3161 299 3245 catholicam
315 3182 465 3222 conversus
477 3167 575 3235 inerat,
592 3167 653 3225 ideo
667 3171 701 3225 ab
722 3170 817 3227 eedem
838 3181 932 3227 sancto

136 3248 200 3291 sene
219 3234 345 3292 habitum
376 3248 476 3295 sanctie
499 3241 729 3308 conuersationis,
763 3242 878 3298 termam
900 3259 933 3299 ue

136 3304 250 3364 vivendi
264 3307 394 3381 suscepit,
410 3327 492 3382 quare
502 3313 676 3383 postmodum
688 3313 716 3369 iii
729 3313 824 3370 Africa
834 3259 932 3369 erelie-

135 3394 199 3436 raas
221 3378 366 3461 redolevit.
395 3382 477 3454 Apud
500 3384 632 3456 Capuam,
658 3386 746 3442 natale
771 3385 842 3441 beati
870 3386 932 3443 auti

136 3458 277 3523 martyris,
287 3453 394 3523 patricii
407 3455 602 3512 Montanorum.
615 3456 665 3514 liic
680 3458 811 3514 ducatum
825 3458 934 3514 tenebat

135 3522 206 3594 apud
235 3523 404 3603 llavennam,
430 3525 509 3596 cujus
536 3527 621 3582 liliam
650 3528 807 3585 defunctam
840 3530 933 3586 beatus

135 3593 334 3675 Appellinaris,
359 3596 432 3652 Petri
455 3599 571 3667 apostoli
590 3599 752 3669 discipulus,
781 3601 933 3657 amortuis

136 3671 289 3731 suscitavit,
311 3666 424 3721 undeet
448 3667 504 3737 ipse
519 3684 582 3723 cum
597 3686 683 3725 urere
707 3686 756 3725 sna
778 3679 805 3725 et
818 3671 932 3734 filia—ac

138 3739 196 3788 teta
209 3734 325 3802 familia,
341 3751 457 3792 numero
472 3754 601 3805 cccxxiv,
621 3739 650 3794 iu
665 3739 775 3796 Christe
803 3741 932 3813 baptizati

137 3811 211 3860 sunt.
228 3805 328 3862 Beatus
343 3823 407 3862 vere
432 3808 518 3865 Rufus
533 3810 605 3881 apud
623 3811 743 3882 Capuam
767 3814 931 3884 martyrium

136 3891 217 3932 suum
246 3879 484 3935 consummavit.»
519 3882 558 3937 De
587 3882 750 3949 Tomitanis,
780 3882 871 3948 habet,
901 3893 932 3942 ut

135 3949 368 4005 Auernae-Mirr.
389 3950 523 4018 Corduba,
534 3955 633 4021 netele,
648 3962 701 4011 etc.
721 3970 796 4026 pure.
813 3955 879 4011 Item
903 3956 931 4013 iii

136 4024 213 4075 textu
229 4018 343 4093 reliquo.
357 4022 388 4077 ln
398 4020 470 4078 fine:
491 4023 611 4080 ‹Methis
628 4024 752 4094 civitate,
766 4027 853 4081 sancti
869 4027 931 4083 itufi

134 4088 256 4162 episcopi
282 4099 310 4146 et
334 4093 533 4154 contessoris.»
568 4096 672 4154 Natalis
686 4096 745 4170 ejus
759 4096 876 4155 retertur
901 4100 931 4156 iu

134 4160 258 4220 Romane
272 4179 312 4220 vri
322 4164 456 4223 Novemb.

133 4322 159 4380 V
173 4323 239 4380 Kal.

990 1738 1189 1866 posterioribus
1203 1755 1224 1793 :-
1234 1764 1242 1784 ι
1253 1736 1302 1793 Die
1318 1737 1451 1809 vigesima
1466 1738 1591 1809 septima,
1604 1734 1692 1793 sancti
1699 1735 1790 1864 garris

1012 1811 1120 1866 asteris.
1149 1808 1268 1866 Ciuitate
1285 1808 1455 1876 Constantia,
1481 1807 1681 1864 natatissancti
1725 1805 1788 1864 ebe·

991 1880 1082 1948 hardi,
1097 1881 1216 1954 episcopi
1232 1891 1259 1937 et
1274 1880 1448 1936 confessoris.
1462 1880 1529 1936 Item
1541 1878 1687 1935 translatio
1700 1877 1790 1937 saneti

992 1953 1141 2020 Lamberti,
1155 1953 1189 2009 de
1205 1969 1235 2009 cr
1257 1962 1303 2025 pta
1317 1952 1345 2007 in
1363 1953 1448 2009 altare
1461 1959 1561 2009 sanctas
1576 1950 1684 2009 Crucis.
1701 1975 1711 1999 ι

1027 2025 1165 2082 Subnecto
1178 2024 1223 2081 hic
1237 1969 1384 2096 iiosweydi
1400 2022 1619 2080 observationem
1636 2021 1665 2078 in
1675 2021 1789 2080 Berenii

990 2097 1318 2178 Martyrelegiuni,super
1328 2096 1411 2152 rerba
1424 2115 1430 2152 :
1455 2097 1505 2151 «ln
1520 2094 1671 2162 Thebaide,
1686 2093 1715 2153 S.
1733 2095 1790 2155 Pee-

991 2185 1081 2223 monis
1097 2168 1277 2224 anachoreta.
1295 2193 1303 2214 ·
1340 2168 1376 2223 At
1391 2184 1450 2240 quai
1465 2166 1600 2223 baronius
1622 2172 1787 2222 notaverat:

998 2240 1060 2295 «De
1087 2255 1119 2296 ee
1135 2239 1185 2295 hac
1200 2240 1262 2294 item
1278 2239 1323 2295 die
1338 2238 1425 2295 Graeci
1454 2239 1481 2293 iii
1511 2237 1675 2308 Menelegie.
1706 2238 1790 2293 Plura

990 2320 1080 2367 autem
1096 2311 1124 2366 in
1141 2311 1214 2367 Vitis
1227 2312 1370 2367 Patrem.»
1390 2312 1481 2384 Atque
1495 2309 1560 2365 item
1576 2309 1608 2381 in¹
1620 2308 1788 2374 Annalibus,

990 2382 1024 2438 ad
1043 2399 1145 2439 annum
1161 2381 1264 2441 Christi
1281 2399 1408 2438 ccciiiii.
1432 2381 1590 2439 ·Vecatam
1607 2396 1718 2454 quoque
1732 2395 1790 2437 esse

989 2454 1129 2510 abeodem
1145 2461 1238 2511 sancte
1249 2454 1401 2510 Athanasio
1417 2453 1566 2525 aliquande
1577 2451 1788 2520 Alexandriam,

989 2524 1114 2581 abbatem
1126 2527 1293 2590 Pmmenem,
1305 2533 1431 2599 spectatae
1445 2524 1599 2582 sanctitatis
1613 2524 1721 2592 virum,
1735 2523 1790 2580 ha-

989 2595 1069 2654 betur
1083 2597 1111 2653 in
1131 2597 1205 2654 Vitis
1220 2598 1362 2654 Petrum·
1380 2597 1454 2653 Audi
1464 2597 1545 2654 mede
1556 2595 1744 2668 Rosweydem
1759 2595 1790 2650 in

989 2670 1115 2741 superius
1128 2669 1212 2726 citata
1222 2686 1274 2725 ms.
1288 2670 1419 2741 epistola:
1439 2668 1539 2737 «Quod
1554 2668 1588 2724 de
1605 2668 1736 2724 Poimene
1751 2665 1790 2723 ait

989 2741 1133 2808 Barenius,
1149 2742 1192 2796 rel
1208 2757 1269 2796 euni
1286 2741 1383 2797 teiellit
1400 2740 1541 2810 memoria,
1569 2741 1612 2795 rel
1630 2740 1788 2796 Poemonem

989 2811 1113 2867 eumdem
1133 2813 1240 2884 putavit
1254 2828 1316 2868 eum
1331 2813 1489 2870 Pariimoae.
1505 2814 1544 2869 De
1565 2812 1719 2868 Pammene
1736 2809 1790 2867 hec

990 2882 1073 2939 hahes
1088 2883 1134 2939 hic
1148 2884 1220 2954 apud
1234 2884 1385 2953 iluffinuni,
1400 2885 1449 2940 lib.
1467 2902 1510 2953 iii,
1526 2899 1604 2940 nure.
1628 2882 1690 2950 lbi,
1706 2897 1788 2956 quem

989 2957 1114 3011 eumdem
1125 2972 1183 3011 esse
1192 2972 1253 3012 cem
1267 2956 1415 3025 Pamboue,
1427 2972 1480 3012 nen
1491 2973 1555 3013 cum
1565 2955 1707 3024 Pmmene,
1726 2953 1790 3011 col-

1006 3042 1052 3152 ges
1062 3043 1095 3082 ex
1105 3027 1218 3098 Pelagii,
1228 3027 1321 3083 libelle
1332 3045 1373 3096 ιιι,
1385 3043 1415 3084 ιι.
1430 3027 1506 3094 lbet
1515 3027 1610 3083 libelle
1621 3042 1729 3095 arma.
1743 3025 1787 3094 il,

987 3115 1004 3153 ιι
1027 3097 1142 3154 ieadern
1159 3116 1173 3154 a
1193 3098 1295 3170 ephthi
1318 3108 1389 3155 rnata
1403 3109 1550 3155 narrantur
1574 3099 1688 3155 nemine
1702 3097 1789 3154 Paui-

987 3168 1076 3234 benis,
1113 3187 1153 3225 uae
1170 3114 1386 3228 gemiminum
1399 3171 1511 3227 nemine
1525 3171 1696 3227 Pammenis.
1708 3167 1789 3226 Alius

987 3242 1020 3297 ab
1045 3241 1089 3296 bis
1123 3242 1244 3297 iammen
1266 3259 1314 3298 seu
1333 3244 1353 3298 P
1374 3243 1497 3309 aminea,
1521 3242 1555 3298 de
1579 3257 1634 3315 que
1653 3241 1702 3299 hic
1715 3239 1789 3314 apud

987 3312 1139 3381 Bullinum,
1158 3312 1205 3369 lib.
1220 3332 1238 3377 ι,
1255 3330 1314 3386 cap.
1330 3261 1374 3380 lily,
1389 3313 1435 3385 qui
1454 3313 1586 3377 Palladio,
1606 3329 1667 3380 cap.
1686 3313 1730 3382 72,
1747 3319 1789 3367 est

986 3384 1147 3440 Aniinonas.
1175 3385 1214 3442 lta
1229 3384 1287 3457 jam
1302 3386 1368 3440 olim
1398 3384 1432 3440 ad
1447 3385 1538 3442 Vitam
1565 3386 1653 3442 sancti
1670 3383 1789 3441 Antonii

987 3463 1154 3511 notaveram.
1168 3457 1247 3512 Adde
1262 3473 1336 3514 nune
1351 3459 1506 3513 Poemenem
1522 3457 1688 3515 distinctum
1703 3456 1789 3513 luisse

987 3544 1002 3583 a
1030 3528 1189 3594 Pammene,
1212 3545 1261 3584 seu
1287 3529 1397 3585 Pambe.
1414 3530 1489 3586 Patet
1504 3546 1540 3586 eii
1562 3529 1673 3587 Ruffiuo
1702 3527 1752 3585 lili.
1768 3544 1788 3583 ιι

987 3598 1089 3655 Hister.
1105 3601 1184 3669 eccl,
1200 3616 1260 3672 cap.
1276 3602 1304 3661 9.
1317 3601 1362 3656 ubi
1373 3602 1436 3658 Pam
1459 3601 1529 3658 usin
1540 3599 1654 3658 Cellulis
1682 3600 1787 3666 enitar,

987 3680 1013 3726 et
1023 3671 1132 3727 Pernen
1148 3672 1176 3725 in
1192 3680 1283 3729 monte
1296 3673 1406 3746 Pispiri.
1449 3689 1481 3730 ec
1495 3672 1638 3728 enimait:
1680 3671 1788 3729 acarius

986 3740 1020 3795 de
1036 3742 1170 3812 superiori
1186 3759 1288 3811 eremo,
1305 3745 1430 3816 aliusque
1451 3743 1586 3800 Macarius
1598 3743 1633 3800 de
1648 3743 1787 3810 interiori,

986 3812 1107 3869 isidorus
1122 3813 1151 3868 iii
1166 3814 1258 3882 Scitis,
1284 3815 1401 3872 Panibus
1427 3817 1453 3871 iri
1478 3815 1612 3883 Cellnlis;
1637 3815 1748 3887 Moyses
1761 3822 1787 3870 et

986 3883 1130 3956 Beniamin
1158 3885 1187 3940 in
1203 3886 1301 3952 Nitria,
1322 3887 1438 3960 Scyrien
1454 3894 1480 3942 et
1504 3887 1580 3942 Elias
1594 3893 1622 3942 et
1636 3886 1741 3943 Paulus
1759 3886 1786 3942 in

985 3956 1131 4028 Apelicte;
1147 3958 1218 4013 alius
1232 3958 1334 4014 Paulus
1348 3959 1377 4014 iii
1392 3958 1491 4025 Fecis;
1508 3958 1619 4015 Pmmen
1641 3966 1671 4015 et
1685 3957 1784 4030 loseph

985 4025 1166 4154 ianispiri.»
1200 4030 1337 4086 llactenus
1359 4029 1504 4103 llosweydi
1533 4037 1663 4087 accurata
1688 4031 1786 4088 obser-

986 4114 1020 4154 va
1034 4115 1071 4155 ie.

1676 4335 1727 4394 nte
1741 4335 1785 4393 28.

169 4414 270 4484 dome,
288 4417 387 4475 natalis
409 4419 484 4476 beati
498 4421 634 4479 Hermetis
659 4421 712 4478 riri
732 4421 858 4490 illustris,
873 4420 932 4493 qui,
947 4429 978 4478 ut
992 4423 1021 4478 in
1036 4423 1144 4481 actibus
1165 4424 1315 4482 Alexandri
1330 4441 1404 4498 papae
1423 4427 1532 4499 legitur,
1546 4426 1638 4500 primo
1653 4429 1786 4486 carcerali

131 4503 262 4562 custodiae
277 4507 458 4579 mancipatus,
475 4511 574 4569 deinde
587 4512 676 4586 gladie
692 4513 813 4571 credente
830 4511 992 4584 martyrium
1006 4513 1120 4586 adeptus
1135 4526 1185 4574 est.
1197 4518 1227 4573 ln
1243 4516 1497 4591 Constantinopoli,
1519 4521 1607 4578 saneti
1628 4520 1786 4580 Alexandri

135 4592 257 4666 episcopi
267 4595 475 4667 etcentesseris,
487 4602 599 4672 gloriosi
609 4603 693 4671 senis,
704 4603 784 4677 cujus
796 4602 898 4660 riitute
909 4601 1043 4660 erationis
1053 4605 1137 4662 Arius
1151 4606 1247 4663 divine
1254 4606 1361 4681 judicie
1371 4610 1570 4667 cendemnatos
1580 4612 1668 4669 estin
1678 4612 1785 4684 Africa,

131 4681 267 4756 depositio
275 4688 363 4744 sancti
373 4690 522 4761 Augustini
534 4694 666 4766 episcopi,
677 4695 725 4767 qui
740 4696 830 4769 primo
844 4695 878 4751 de
888 4695 1058 4753 suacivitate
1068 4707 1178 4770 prepter
1188 4698 1318 4757 barbares
1337 4702 1491 4759 Sardiniam
1511 4705 1674 4773 translatus,
1696 4722 1786 4779 nuper

130 4788 147 4826 a
161 4787 223 4872 rege
238 4773 479 4844 Longehardorum
498 4779 601 4837 Ticinis
616 4783 728 4851 relatus,
742 4793 768 4840 et
785 4784 935 4840 honorilice
949 4785 1080 4843 conditus
1095 4796 1144 4844 est.
1161 4790 1222 4861 lpse
1236 4790 1290 4859 die,
1303 4792 1402 4848 natalis
1416 4794 1503 4851 sancti
1522 4794 1627 4851 iuliani
1639 4796 1786 4870 martyris,

130 4878 178 4935 qui
193 4869 315 4934 tempore
329 4867 537 4937 persecutionis,
555 4869 666 4927 hortatu
677 4871 748 4928 beati
763 4874 895 4944 Ferreoli,
911 4889 946 4930 ex
957 4876 1107 4933 Viennensi
1127 4879 1204 4948 urhe,
1219 4881 1390 4939 clandestine
1409 4883 1541 4953 discessu,
1558 4884 1592 4940 ad
1607 4886 1786 4944 territorium
1820 4936 1823 4939 ι

128 4951 205 5009 urbis
212 4953 344 5010 Arvernae
354 4955 557 5027 commigrauit,
570 4960 617 5016 ubi
629 4959 740 5017 tandem
749 4961 857 5019 desecte
868 4970 987 5035 gutture,
1000 4966 1221 5025 morteherrihili
1233 4978 1345 5027 necatus
1357 4979 1408 5028 est.
1419 4972 1500 5045 Apud
1511 4972 1676 5045 Sanctenas,
1693 4976 1786 5033 sancti

131 5041 246 5101 Vibieni
261 5044 382 5118 episcopi
397 5053 424 5103 et
437 5047 611 5107 contessoris.

890 5174 1009 5232 NOTAE.

162 5255 208 5314 ste
220 5255 322 5315 liabent
335 5261 458 5332 Protea,
473 5265 625 5337 Martialem,
640 5267 886 5343 irritem-Major,
903 5273 1050 5342 Munerat,
1073 5275 1182 5332 Greeeu.
1200 5284 1227 5332 et
1240 5276 1343 5335 Meloe.

742 5385 943 5448 VARIANTES
961 5392 1167 5451 LECTIONES.

160 5464 192 5545 In
208 5467 266 5540 ipse
280 5471 417 5549 principie
431 5478 526 5560 emisit
540 5479 784 5564 Amnem-Maior,
808 5489 916 5543 natalis.
933 5493 957 5551 D
975 5490 1085 5546 tertium
1100 5500 1224 5548 nestrum
1235 5492 1384 5551 articulum
1396 5495 1436 5551 sic
1448 5512 1483 5554 au
1501 5506 1541 5554 et:
1557 5499 1695 5572 depositio
1713 5519 1786 5559 sen-

124 5534 230 5614 Ileinde
241 5547 918 5635 textumnennihdturbavitpenultimamannun·
974 5562 1009 5616 eti
1023 5564 1167 5633 Augustini
1177 5564 1291 5646 episcopi
1304 5571 1328 5621 et
1337 5566 1452 5622 deceris
1463 5587 1474 5633 ,·
1484 5514 1618 5638 Molinae,
1634 5573 1786 5647 Augustini

124 5612 608 5704 irationemdetutianeBrivatensi,
629 5628 750 5710 securide
766 5630 826 5687 lece
841 5645 918 5702 repo·
973 5633 1087 5705 episcopi
1102 5636 1194 5707 optimi
1219 5636 1344 5705 deceris.
1375 5638 1519 5697 Herinien.
1548 5642 1660 5725 scripsit
1694 5647 1786 5703 Ticini

123 5692 200 5746 nens,
217 5679 264 5761 ubi
276 5697 324 5752 pro
351 5689 488 5766 ,Viennensi
504 5694 600 5752 scribit
618 5699 714 5777 Vneei.
738 5701 852 5770 Rursus,
869 5718 917 5774 pro
972 5706 1084 5774 aetates,
1095 5706 1212 5764 Greven.
1224 5709 1387 5765 etMelaii.s
1409 5711 1489 5767 ntaxi
1500 5712 1620 5781 meliori,
1636 5716 1781 5774 Ίῖοίιιιιιιι·

124 5749 354 5826 θοιιεωιιιιιιοροὶι
382 5758 463 5817 hahet
493 5763 757 5841 Constantinopolim.
780 5772 915 5830 Munerat.
971 5783 999 5830 at
1013 5786 1119 5834 certum
1145 5788 1194 5847 est,
1211 5779 1324 5848 Bedaui,
1353 5727 1506 5853 flaianum,
1530 5784 1671 5854 Adonem,
1688 5762 1783 5847 Netke
