3840 6136
156 224 210 289 tle

685 213 1002 284 maariaonocitiii.
1022 256 1058 269 -
1075 224 1179 283 uicus.
1200 224 1283 283 nov.

1756 226 1810 289 diiii

886 361 1077 420 AUC'PADIA.

186 459 397 519 Putremiutcr
411 473 495 530 puros
510 459 601 514 locum
615 458 706 516 denuo
719 460 878 529 nonhabet,
894 461 1237 534 quiaAcommemoratio
1266 463 1390 519 omnium
1419 462 1544 519 fidelium
1571 461 1803 525 defunctorum.»

151 535 201 592 hic
215 541 290 591 caret
299 538 438 605 postremo
451 529 577 586 secundae
587 532 808 589 annuntiationis
819 533 951 600 membro,

149 622 216 664 nem
262 623 268 660 ε
292 603 415 658 «Morum
431 601 567 657 festivitas
582 619 645 659 cum
659 603 689 658 in
704 604 835 660 Kalendis
849 605 954 661 habea-

147 687 208 743 tur,
218 622 272 733 qeic
286 682 380 730 tamen
396 672 505 742 plenius
522 674 664 730 recolitur.
682 700 691 722 ι

187 750 339 805 Huniuimi.
361 743 457 800 eodem
474 745 553 815 plane
568 745 677 802 delectu
692 745 807 814 laborat,
828 763 909 820 quem
924 747 953 801 in

145 821 271 878 aliorum
287 832 434 882 consensu,
456 831 519 870 vere
534 816 671 872 delectum
688 819 825 890 appellare
846 833 954 873 necesse

144 900 201 950 eet.
234 889 341 947 Deinde
362 886 538 942 manifestam
564 887 686 957 lituram,
718 897 816 970 praeter
838 905 953 955 moreni,

143 963 278 1030 exhibet,
293 960 340 1017 ciii
356 958 531 1038 longioribus
544 959 629 1038 'lineis
643 959 781 1042 inscripta
796 969 871 1028 sunt,
887 976 953 1031 prae-

143 1043 263 1109 postero
285 1031 392 1098 ordine,
421 1030 493 1085 binae
508 1045 604 1100 primae
626 1033 860 1098 annuntiationes,
890 1047 952 1086 citui

143 1114 244 1164 tamen
259 1105 293 1161 de
307 1100 460 1158 Eustachio
474 1101 560 1171 egerit
574 1117 614 1155 iix
627 1102 794 1173 Septembris
808 1122 815 1170 ;
840 1118 876 1160 ex
899 1118 953 1184 quo

143 1184 225 1253 patet
239 1173 415 1240 correctoris,
427 1172 473 1227 vel
488 1172 632 1243 ipsiusmet
641 1173 731 1300 qirimi
747 1175 890 1242 scriptoris
902 1191 952 1229 im·

143 1249 272 1323 peritia:
288 1261 353 1303 uam
367 1243 511 1324 character
524 1243 573 1298 vix
591 1244 638 1316 qui
660 1261 741 1326 quam
757 1245 858 1303 differt.
882 1244 952 1303 Pra-

145 1328 226 1377 terea
240 1320 272 1375 in
286 1317 341 1373 line
355 1314 468 1385 adjicit:
500 1339 509 1362 «
525 1314 629 1370 Eodem
645 1316 701 1386 die,
726 1317 953 1373 commemoratio

143 1390 241 1448 sancti
262 1388 380 1460 benigni
403 1386 571 1459 martyris.»
603 1386 681 1442 Haud
702 1387 786 1443 dubie
810 1388 951 1461 proprium

144 1462 206 1519 loci
221 1470 277 1530 ost,
304 1465 415 1533 propter
429 1457 594 1529 impeditum
618 1457 692 1514 diem
714 1457 873 1516 hesternum
897 1458 952 1517 htic

146 1534 337 1600 translatum,
348 1538 379 1586 ut
390 1536 431 1586 est
444 1527 504 1584 heri
520 1529 548 1584 iu
562 1530 675 1586 Diviorr.

189 1603 365 1667 Posuisse..
389 1601 417 1657 in
429 1601 519 1672 prima
533 1617 630 1672 purus,
658 1601 778 1659 secundo
795 1602 856 1661 loco
869 1604 952 1659 relert

153 1674 348 1741 Ambrosium,
359 1673 436 1729 tertio
450 1672 641 1740 Eustachium,
657 1674 705 1729 sed
719 1690 783 1730 cum
795 1674 952 1743 delectu,de

152 1762 213 1820 quo
241 1746 272 1801 in
295 1742 431 1816 prioribus
452 1743 595 1801 codicibus
618 1743 752 1801 diximus.
778 1746 951 1803 Theodotum

1043 533 1188 589 Virronis.
1214 542 1242 590 et
1255 535 1323 591 Rae.
1342 534 1422 591 Surio.
1439 535 1510 607 sign.
1527 552 1605 592 num.
1630 537 1681 594 130
1703 539 1733 594 in
1756 541 1810 597 fine

1007 603 1162 674 adjiciunt:
1185 605 1312 662 «Eodem
1327 606 1383 675 die,
1398 608 1484 664 sancti
1500 608 1618 665 bautoni
1629 608 1760 667 abbatis.»
1778 614 1809 669 ln

1008 675 1164 733 Castellano
1180 685 1220 733 est
1237 677 1249 731 i
1266 677 1439 733 Novembris.

1045 749 1239 816 Divisionum,
1266 749 1294 803 in
1310 750 1439 820 primast
1455 753 1576 809 secunda
1596 753 1809 810 annuntiatione

1009 834 1103 889 purus,
1118 819 1230 876 subdit:
1254 820 1403 876 «Dolonsis
1417 824 1546 892 coeuobii,
1567 824 1656 880 sancti
1667 825 1738 880 iusti
1751 843 1809 883 mo·

1010 890 1090 945 nachi
1107 900 1134 946 et
1152 892 1292 964 martyris.
1311 917 1321 941 ι

1044 961 1493 1020 Minnio.·Ciiiirus.-Uirntincr.:
1515 966 1682 1023 «Eustachii
1697 984 1810 1024 cumsc-

1008 1031 1060 1087 ciis
1075 1040 1155 1089 mart.
1168 1034 1399 1091 Commemoratis
1414 1038 1580 1094 animarum.
1598 1039 1736 1095 Victorini
1754 1040 1809 1123 epi-

1008 1119 1054 1158 sci
1074 1104 1082 1157 i
1098 1111 1125 1158 et
1141 1105 1281 1177 martyris.
1298 1105 1436 1162 Theodori
1452 1108 1573 1179 episcopi
1590 1117 1618 1164 et
1631 1110 1807 1168 confessuris.

1008 1120 1149 1255 Ambrosii
1163 1176 1270 1231 abbatis
1285 1177 1445 1232 monasterii
1459 1179 1643 1249 Agauneusis.
1661 1206 1670 1229 ›

1046 1246 1178 1303 Virronis.
1203 1247 1327 1328 signatus
1340 1265 1421 1303 num.
1438 1248 1508 1306 5949
1530 1250 1606 1307 deest
1620 1253 1761 1308 Eustachii
1782 1262 1811 1309 et

1007 1315 1154 1374 Ambrosii.
1174 1318 1332 1399 Adjicitur:
1360 1343 1369 1365 «
1386 1320 1417 1374 In
1431 1319 1551 1389 Savinis,
1566 1330 1724 1378 sanctorum
1739 1340 1810 1380 mar-

1007 1393 1101 1459 tyrum
1117 1389 1259 1446 Valentini
1274 1398 1301 1445 et
1317 1390 1426 1447 llilarii.
1450 1391 1611 1461 Beneventi,
1628 1396 1716 1450 sancti
1732 1395 1810 1451 Mar-

1008 1459 1080 1514 ciani
1095 1460 1216 1532 episcopi
1239 1469 1266 1517 et
1282 1462 1412 1534 martyris
1427 1462 1555 1535 discipuli
1572 1464 1645 1521 beati
1661 1465 1746 1521 Petri.
1775 1467 1811 1522 Et
1869 1490 1876 1499 ·

1007 1530 1139 1612 transitus
1152 1531 1245 1587 domni
1258 1532 1348 1590 Amici
1359 1533 1519 1590 sacerdotis.
1532 1561 1541 1583 ›
1561 1535 1633 1593 Vide
1647 1536 1809 1610 Martyrclo·

1008 1617 1083 1673 grum
1098 1601 1259 1658 Castellani.

1042 1673 1228 1753 Ducanaris:
1248 1674 1402 1748 «Tergeste,
1416 1677 1505 1733 saneti
1517 1677 1588 1734 iusti
1600 1679 1741 1752 martyris,
1758 1680 1810 1738 suli

1007 1744 1121 1816 praeside
1134 1745 1267 1801 Monati0.
1284 1771 1293 1795 ι

149 1818 235 1946 fflm
249 1815 396 1888 expunxit.
425 1815 457 1870 lii
471 1815 526 1870 line
541 1825 632 1870 autem
647 1816 826 1888 superaddit:
863 1819 992 1890 «lpsoB
1043 1815 1138 1870 Editio
1155 1816 1376 1874 Luunco-Cou.:
1401 1842 1410 1866 «
1434 1818 1809 1878 Commemoratioomnium

179 1886 437 1954 e,commemoratio
451 1886 576 1942 oninium
593 1885 717 1942 fidelium
729 1887 947 1945 defunctorum.»

182 1957 954 2029 Puisaumiinsolaprimasatispurusest.TumdeAm-

149 2027 552 2101 brosio,cujnselogiumplane
563 2029 709 2100 expunxit.
720 2031 824 2085 Desunt
835 2031 951 2102 reliqna.

181 2101 337 2159 Mesenis.
364 2116 416 2171 pro
444 2100 571 2155 Victorini
595 2100 692 2156 scribit
720 2101 844 2156 Victoris.
874 2102 954 2159 Caret

182 2173 292 2241 rioche,
316 2195 325 2219 «
341 2170 441 2227 hurum
458 2169 603 2238 festivitas,
617 2194 625 2215 ι
649 2178 702 2227 etc.
718 2171 750 2226 lu
763 2170 839 2227 line:
872 2174 954 2244 «Ipso

168 2243 439 2312 'e,commemoratio
452 2242 577 2297 omnium
592 2240 716 2297 fidelium
728 2241 947 2300 detunctorum„

183 2315 435 2379 Aurorae-Min,
445 2313 615 2368 Ucrniiiicr.
627 2321 654 2367 et
664 2314 786 2368 harnes.
798 2314 951 2386 incipiunt:

157 2385 419 2447 «Commemoratio
434 2384 559 2439 omnium
575 2384 699 2440 fidelium
715 2385 920 2442 defunctorum.
938 2413 947 2435 .

123 2489 128 2504 ι
151 2458 284 2586 Sequitur
295 2467 370 2515 totns
382 2454 535 2525 textus,sed
548 2455 678 2511 nonnihil
689 2457 891 2527 transpositus,
907 2458 953 2514 cui

153 2530 160 2543 '
210 2547 246 2587 ue
255 2527 451 2602 subjungitur:
472 2527 572 2598 «Apud
582 2527 951 2601 Viennam‚sauctiGeorgii,

152 2600 276 2675 ejusdem
292 2600 370 2657 urbis
388 2597 488 2670 egregii
502 2598 634 2672 episcopi.
652 2622 661 2646 ›
692 2600 742 2655 Est
765 2599 795 2654 iu
818 2600 950 2656 Romano.

184 2674 343 2731 bosamen.
359 2672 388 2727 in
403 2668 533 2726 omuibus
547 2671 678 2725 convenit
695 2688 758 2726 cuni
776 2670 902 2741 proxime
916 2671 952 2727 ci·

152 2744 218 2802 tatis
231 2743 389 2810 codicibus,
405 2742 450 2797 sed
461 2742 489 2796 in
501 2757 534 2797 eo
543 2740 577 2796 ab
587 2741 653 2814 ipsis
668 2741 760 2798 differt
774 2742 848 2814 quod
863 2741 953 2798 omit-

153 2823 191 2873 tat
203 2815 330 2887 elogium
342 2813 487 2870 Theodoti.

185 2891 353 2944 manuus.
378 2887 517 2941 etDixic.
542 2891 635 2943 carent
650 2884 810 2952 Eustachio,
838 2885 872 2942 de
898 2902 952 2958 qno

152 2966 268 3032 egerunt
280 2956 524 3029 xvaepieinbris.
540 2957 579 3012 De
591 2965 691 3014 caetero
699 2957 805 3013 similes
815 2965 880 3013 sunt
890 2961 952 3013 Au-

152 3029 366 3097 ratum-Max„
380 3037 433 3085 etc.

185 3102 349 3161 Cmunmt.
364 3117 370 3156 :
395 3101 520 3168 «Roma,
536 3099 627 3174 passio
641 3100 728 3157 sancti
739 3101 892 3169 Eustachii,

1009 1885 1134 1941 fidelium
1149 1886 1354 1956 detunctorum,
1371 1905 1453 1961 quam
1465 1898 1575 1947 sanctus
1584 1892 1743 1951 Bouilacius
1757 1911 1811 1966 pa-

1009 1971 1043 2037 pa
1058 1957 1116 2038 IV,
1136 1959 1289 2038 generalem
1305 1959 1334 2014 iu
1348 1960 1473 2016 ecclesiis
1488 1961 1548 2029 Dei,
1577 1963 1707 2019 omnibus
1729 1966 1811 2020 annis

1009 2035 1191 2098 instituitagi.
1204 2030 1309 2091 Roma,
1321 2031 1489 2086 venerabilis
1505 2035 1639 2088 memoria
1649 2042 1810 2091 sanctorum

1009 2097 1162 2166 Eustachii,
1180 2100 1355 2188 cognomenti
1372 2101 1488 2169 Placidi,
1511 2119 1575 2158 cum
1587 2120 1675 2159 uxore
1690 2113 1717 2160 et
1733 2105 1810 2175 filiis,

1010 2177 1192 2238 martyrum.»
1210 2174 1340 2242 bequitur
1354 2170 1388 2226 de
1401 2173 1557 2242 Victorino,
1574 2176 1641 2231 satis
1656 2192 1732 2247 pure;
1744 2177 1811 2233 item

1008 2238 1041 2319 de
1050 2240 1202 2321 Theodoto:
1214 2240 1283 2296 Tum
1298 2260 1331 2321 ³.¹
1341 2243 1422 2314 Apud
1437 2245 1675 2312 Viennam‚saucti
1686 2247 1810 2321 Georgii,

1008 2311 1130 2382 ejusdem
1142 2311 1218 2366 urbis
1227 2312 1328 2383 egregii
1343 2314 1464 2386 episcopi
1479 2322 1506 2370 et
1521 2315 1696 2373 confessoris.
1714 2318 1811 2375 Coeno·

1008 2381 1054 2462 bio
1069 2382 1190 2462 liciensi,
1208 2383 1295 2463 sancti
1311 2384 1381 2439 iusti
1398 2385 1527 2440 monachi
1544 2395 1571 2441 et
1590 2389 1732 2468 martyris.
1748 2391 1810 2472 Ipso

1008 2452 1053 2508 die
1068 2470 1097 2507 in
1108 2453 1284 2520 Monasterio,
1299 2456 1445 2511 translatio
1460 2463 1618 2512 sanctorum
1633 2459 1772 2516 Victorini
1783 2470 1811 2517 et

1008 2524 1130 2581 Floriani
1147 2531 1311 2595 martyrum.
1327 2553 1336 2576 ι
1358 2528 1389 2582 In
1403 2528 1544 2582 Ambrosio
1560 2529 1626 2584 satis
1639 2545 1707 2601 pura
1722 2541 1773 2589 est.

1044 2596 1140 2651 Bnam.
1157 2594 1274 2666 incipit:
1307 2597 1564 2655 «commemoratio
1588 2601 1713 2656 omnium
1736 2602 1810 2659 side-

1008 2667 1076 2723 lium
1086 2666 1292 2722 defunctorum.
1309 2695 1318 2717 ›
1340 2669 1466 2725 Secundo
1483 2670 1543 2726 loco
1563 2670 1659 2727 scribit
1678 2673 1810 2729 Theodori

1007 2755 1056 2812 pro
1075 2739 1246 2793 Theodotiln
1259 2739 1413 2806 Victorino,
1425 2740 1491 2796 satis
1501 2756 1596 2811 purus,
1613 2742 1642 2796 in
1658 2743 1809 2800 Eustachio

1007 2809 1123 2890 mutilus
1137 2815 1186 2864 est.
1210 2810 1298 2864 Tum:
1332 2813 1418 2893 «lpse
1444 2811 1500 2880 die,
1546 2812 1618 2868 assio
1641 2813 1714 2869 beati
1738 2816 1808 2871 iusti

1007 2890 1147 2952 martyris,
1192 2880 1221 2934 iii
1243 2882 1316 2950 apud
1336 2883 1505 2955 Trigesiuam
1528 2827 1599 2956 felic
1618 2884 1697 2939 editio
1721 2887 1808 2941 miuus

1006 2955 1075 3008 uteie
1088 2896 1373 3027 hubetqlrigestiuam]
1396 2954 1539 3010 civitatem
1554 2965 1703 3013 coronatus
1725 2966 1776 3014 est.
1793 2983 1802 3005 ι

1006 3024 1130 3106 lienique
1146 3023 1323 3079 Ambrosium
1338 3024 1482 3092 habet,sed
1495 3033 1600 3082 resecto
1613 3035 1671 3083 toto
1682 3025 1741 3099 ejus
1752 3028 1807 3084 elo·

1009 3112 1064 3167 gio.

153 3182 235 3231 autea
249 3171 378 3229 Placidus
388 3170 537 3240 dictusest,
554 3172 672 3298 quicum
684 3188 771 3228 uxore
785 3118 952 3245 Theospffi}
969 3172 990 3231 C
1041 3169 1166 3223 Gnatus.
1182 3186 1187 3222 :
1210 3192 1219 3213 «
1235 3166 1468 3223 Commemoratio
1481 3167 1608 3223 omnium
1624 3168 1748 3225 fidelium
1762 3169 1807 3227 de·

153 3253 180 3301 el
191 3243 306 3302 duobus
319 3242 386 3299 liliis
400 3241 504 3315 Agapio
518 3250 546 3298 et
582 3243 757 3315 eopisto,sub
768 3244 889 3299 Adriano
906 3260 954 3315 per

155 3315 246 3389 iguem
260 3330 358 3397 passus
370 3322 421 3370 est.
439 3314 519 3385 Apud
530 3315 697 3383 Laodiciam,
715 3316 801 3371 sancti
817 3314 954 3370 Theodori

155 3388 288 3460 episcopi,
307 3385 362 3442 riri
376 3401 432 3442 non
446 3386 535 3441 solum
552 3386 653 3454 verbis,
669 3387 716 3442 sed
731 3394 758 3442 et
773 3385 853 3441 rebus
863 3394 890 3441 et
898 3387 953 3441 vir·

155 3459 263 3516 tutibus
276 3456 412 3514 adornati.
429 3457 532 3512 Eodem
547 3458 602 3526 die,
614 3458 701 3513 sancti
710 3456 849 3512 Ambrosii
865 3457 953 3528 Agau-

156 3531 283 3587 neusinm
296 3528 413 3596 abbatis,
433 3528 578 3585 sanctitate
594 3528 722 3584 mirandi.
739 3552 749 3575 ι
770 3530 851 3583 Deest
865 3527 953 3600 prima

156 3600 345 3658 annuntiatio.

189 3674 372 3729 Duuuucsu.
384 3670 500 3741 incipit:
525 3695 535 3718 «
551 3670 783 3728 Commenioratio
797 3670 952 3725 animarum

149 3743 283 3800 omnium
298 3741 421 3799 fidelium
437 3741 664 3798 detunctorum.»
680 3744 712 3799 ln
729 3742 878 3797 Eustochio
895 3757 953 3795 mu-

158 3814 228 3870 tilus
238 3820 321 3881 estet
331 3812 468 3886 praeterito
481 3813 672 3881 Victorino,de
688 3830 741 3886 quo
756 3814 801 3868 die
816 3813 951 3884 sequenti,

160 3884 208 3941 hic
220 3899 271 3940 eos
283 3884 363 3940 relcrt
380 3900 449 3957 quos
468 3883 528 3939 heri
543 3885 681 3939 omiserat.
708 3885 863 3964 Imprimis:
896 3908 904 3930 «
919 3886 953 3938 Et

159 3955 252 4012 natale
264 3952 349 4012 mla
362 3955 455 4011 Mariae
470 3954 588 4026 virginis
603 3962 630 4009 et
647 3964 787 4025 martyris,
812 3970 953 4033 quacum

158 4035 228 4084 esset
235 4025 346 4089 ancilla,
354 4026 418 4083 etin
428 4026 473 4083 die
485 4028 583 4082 natalis
594 4025 658 4082 Filii
673 4024 784 4081 Domini
797 4025 838 4079 sui
847 4041 953 4095 jejuna-

159 4107 207 4166 ret,
222 4113 276 4155 nec
288 4098 348 4154 ullo
363 4098 444 4154 modo
457 4096 531 4153 ilecti
547 4098 689 4170 potuisset,
708 4103 739 4151 ut
750 4112 813 4152 cnm
833 4096 954 4167 ydolotis

162 4168 346 4237 manducaret,
375 4168 444 4225 diris
471 4168 644 4237 vulneribus,
670 4193 679 4216 ι
714 4176 767 4224 etc.
805 4167 951 4240 Sequitur:

167 4240 270 4325 «Apud
292 4239 438 4297 Coloniam
462 4240 655 4312 Agrippinam,
681 4240 768 4296 sancti
795 4239 953 4327 Evergisili,

158 4314 232 4368 tertii
245 4309 370 4383 ejusdem
386 4310 462 4367 urbis
476 4311 686 4383 archiepiscopi.
703 4337 712 4358 ·
737 4310 807 4365 Pum
820 4310 853 4365 de
868 4320 955 4364 beite-

154 4381 220 4439 sino
231 4382 392 4450 Tiburtino,
412 4398 447 4438 ex
466 4382 511 4438 die
530 4382 667 4439 hesterna.
682 4382 797 4448 Deinde,
813 4381 847 4437 de
861 4379 955 4435 Theo-

148 4450 233 4523 doto,
247 4454 317 4511 satis
327 4469 403 4582 qum.
418 4453 581 4526 DeGeorgio
592 4453 754 4520 Viennensi,
770 4467 834 4507 cum
846 4451 955 4507 codici-

143 4519 315 4599 liussupra.

355 4541 444 4592 ursus,
457 4524 491 4580 de
503 4527 641 4591 Marcello,
658 4524 759 4595 Vigore
769 4529 796 4577 et
806 4521 953 4588 Materiae,
970 4532 994 4589 Ι)

1007 3240 1177 3304 iunctorum,
1198 3254 1280 3310 quam
1297 3245 1408 3293 sanctus
1422 3238 1581 3294 Donilacius
1596 3239 1634 3294 lV
1653 3242 1807 3310 generalem

1009 3311 1038 3366 in
1052 3309 1176 3366 ecclesiis
1190 3309 1231 3380 agi
1249 3309 1380 3363 instituit.
1405 3309 1486 3380 Apud
1501 3309 1689 3379 Tergestinam
1703 3311 1808 3367 civita-

1007 3389 1061 3437 tem
1079 3380 1208 3451 llystrie,
1225 3380 1327 3435 natalis
1346 3380 1433 3434 sancti
1449 3379 1531 3446 iusti,
1548 3380 1661 3451 pretiosi
1677 3383 1807 3454 martyris

1007 3452 1055 3525 qui
1067 3451 1119 3507 sub
1134 3450 1305 3507 Diocletiano
1318 3458 1346 3505 et
1360 3450 1538 3519 Maximiano,
1564 3467 1612 3522 pro
1630 3451 1685 3507 lide
1702 3452 1807 3510 Christi

1008 3525 1035 3579 in
1051 3537 1186 3579 carcerem
1203 3520 1312 3587 missus,
1329 3522 1448 3594 indeque
1463 3522 1587 3589 eductus,
1604 3522 1698 3579 nervis
1713 3524 1807 3580 crudis

1007 3612 1104 3661 corsus,
1119 3592 1153 3647 ad
1166 3592 1297 3648 ultimum
1312 3592 1431 3663 alligatis
1446 3593 1541 3649 multis
1557 3593 1664 3664 plumbi
1680 3594 1807 3666 ponderi·

1007 3666 1069 3730 bus,
1087 3665 1114 3719 in
1124 3680 1197 3719 mare
1208 3663 1395 3735 praecipitatus
1406 3671 1455 3719 est.
1473 3667 1504 3721 hi
1515 3663 1636 3732 Perside,
1648 3675 1807 3722 sauctorum

1007 3735 1160 3799 Alenidiiii,
1175 3734 1287 3806 Pigasii,
1299 3735 1475 3807 Anepothisti
1488 3755 1495 3804 ;
1509 3735 1557 3809 qui
1569 3735 1621 3792 suh
1631 3753 1694 3807 rege
1705 3736 1806 3810 Sapore

1007 3808 1132 3866 vectibus
1142 3807 1289 3862 durissime
1299 3807 1372 3874 cesi,
1383 3806 1484 3878 ignem,
1496 3808 1580 3864 lectos
1593 3807 1695 3863 lerreos
1705 3824 1807 3881 super-

1007 3889 1094 3946 antes,
1109 3878 1220 3934 tandeni
1231 3894 1293 3935 cuni
1308 3879 1370 3934 aliis
1385 3895 1477 3934 xxviii
1491 3880 1539 3952 qni
1550 3877 1580 3934 iii
1591 3895 1685 3935 eorum
1700 3879 1805 3937 conles·

1008 3953 1085 4010 sione
1101 3948 1287 4016 crediderunt,
1305 3951 1333 4005 iu
1352 3951 1443 4022 ignem
1463 3951 1551 4018 missi,
1576 3951 1681 4007 animas
1695 3949 1807 4008 Christo

1008 4023 1162 4087 reddentes,
1189 4020 1223 4075 ab
1249 4021 1353 4090 angelis
1372 4022 1401 4074 in
1425 4021 1546 4078 nubibus
1567 4021 1699 4094 assumpti
1730 4030 1804 4079 sunt.

1008 4094 1133 4153 Credidit
1147 4091 1240 4170 etiam,
1256 4089 1388 4145 incorum
1401 4091 1584 4159 confessione,
1600 4093 1679 4148 miles
1693 4093 1806 4164 quidam

1008 4165 1121 4221 nomine
1137 4163 1304 4226 Antoninus,
1320 4161 1367 4230 qui
1383 4168 1475 4217 tentus
1490 4171 1571 4234 atque
1586 4163 1738 4219 decollatus
1754 4171 1805 4220 est.

1008 4234 1141 4294 Coeuobio
1154 4230 1277 4296 Dolonsi,
1294 4230 1380 4286 sancti
1393 4228 1462 4299 justi
1477 4231 1606 4288 monachi
1622 4241 1648 4287 et
1663 4235 1804 4303 martyris.

1008 4308 1134 4369 Viennae,
1165 4300 1250 4357 sancti
1268 4300 1386 4372 Georgii,
1411 4300 1532 4381 ejusdem
1548 4302 1625 4357 urbis
1639 4303 1760 4372 episcopi
1779 4312 1806 4359 et

1009 4373 1184 4434 confessoris.
1222 4371 1363 4426 Malachiae
1391 4372 1523 4451 episcopi,
1554 4371 1638 4428 totius
1666 4370 1805 4428 Hiberniae

1028 4445 1135 4504 rimatis
1148 4452 1175 4499 et
1184 4441 1358 4507 confessoris,
1369 4458 1449 4513 cuius
1461 4445 1573 4498 titania
1587 4458 1671 4513 puero
1687 4444 1805 4497 virtuti-

1009 4465 1061 4576 Eus
1072 4524 1098 4573 et
1108 4516 1194 4586 signis
1204 4513 1396 4581 clarissimatu,
1416 4523 1526 4569 sanctus
1542 4513 1696 4570 Bernartius
1710 4512 1803 4581 abbas,

145 4604 193 4651 lit
210 4612 260 4654 uos
278 4596 325 4653 die
346 4594 522 4667 praecedenti.
547 4598 687 4652 Denium:
721 4592 826 4665 «Apud
850 4592 956 4648 Montes
1011 4582 1737 4657 mellifluosuodioendicharacterediligenterdescii

141 4664 323 4736 llanuoniae,
352 4667 523 4723 canonizatio
552 4666 672 4740 [Morsu.
699 4665 775 4720 balet
800 4662 957 4737 translatio]

134 4747 259 4861 fincte
270 4737 484 4821 'Visuldetrudis
498 4737 602 4807 electe,
619 4746 646 4794 et
660 4737 753 4809 neptis
765 4736 850 4791 beatae
865 4735 957 4791 Guilu-

172 4823 234 4866 aeri
280 4826 360 4866 uis.»

197 4826 377 4938 Hizgelitomm.
389 4881 498 4940 orditur
511 4880 544 4936 ab
559 4877 719 4947 Eustachiu‚
733 4877 812 4950 cujus
825 4882 957 4935 Actorum

129 4951 227 5008 tatis
240 4954 287 5009 vul
307 4960 416 5008 aterum
427 4953 621 5025 compendium
634 4951 748 5022 profert,
765 4966 792 5005 so
803 4951 809 5003 l
821 4950 846 5004 ei
856 4949 956 5006 descri-

130 5010 251 5079 bendo
262 4968 400 5081 insshaerere
419 5024 466 5080 liic
482 5024 579 5079 nolim.
606 5021 736 5095 Sequitur
750 5021 783 5077 de
799 5021 955 5099 Victorino,

124 5096 226 5152 tatis
236 5094 317 5152 bene.
347 5095 437 5152 Tum:
469 5119 478 5141 «
494 5096 561 5151 Item
577 5093 664 5150 saneti
678 5090 816 5147 Naaniacii
836 5091 957 5164 episcopi

126 5168 189 5220 et
200 5166 376 5223 confessoris.
389 5192 398 5217 i
415 5169 454 5223 De
467 5167 608 5222 Theodoto
622 5164 704 5220 nihil.
717 5161 892 5218 Ambrosium
904 5161 957 5218 dil·

126 5224 214 5292 fert
228 5236 259 5293 in
272 5238 348 5295 diem
362 5244 531 5311 sequentem.
540 5238 572 5293 ln
585 5236 640 5291 sine
655 5234 738 5306 legit:
761 5234 884 5289 «Eodem
901 5233 955 5300 die,

131 5309 287 5366 omnium
303 5308 427 5365 lidelium
443 5309 636 5364 detunctorum
651 5305 887 5372 commemoratio,
896 5320 957 5376 quae

132 5378 264 5437 *tituta
276 5389 318 5436 est
334 5389 445 5452 propter
458 5379 602 5435 defunctos
618 5377 690 5445 illos,
715 5392 832 5449 quorum
848 5390 957 5430 mcuio-

137 5445 231 5507 riam
255 5467 338 5508 nemo
361 5452 431 5523 agit,
454 5458 482 5505 et
500 5451 565 5577 quia
577 5449 655 5516 tales,
681 5447 878 5528 subyentiones
903 5460 958 5500 uon

145 5506 282 5579 habeam
296 5523 440 5596 speciales,
464 5520 501 5577 ha
520 5528 582 5577 eant
598 5521 627 5575 in
641 5519 694 5575 isto
718 5518 762 5574 die
775 5518 926 5589 generales.
943 5539 952 5563 ι

151 5578 225 5659 {laec
237 5592 353 5667 quidem
368 5593 438 5649 ratio
450 5591 603 5649 tolerabilis
617 5599 668 5659 est,
680 5588 727 5646 sed
742 5589 806 5657 alia,
822 5603 882 5660 quie
897 5586 960 5642 sub·

153 5664 297 5738 limittit,
329 5663 515 5721 institutionis
538 5662 672 5721 consede
692 5667 775 5732 rapta
795 5659 909 5715 custodis
931 5658 959 5714 S.

167 5727 247 5805 Petri,
261 5735 384 5793 describi
398 5751 453 5791 non
468 5743 598 5792 meretur.

1011 4663 1077 4718 Erat
1091 4667 1182 4713 autem
1195 4656 1306 4712 natione
1320 4655 1499 4722 {liberasset
1512 4660 1631 4737 primum
1643 4594 1804 4725 monaoffi

1011 4731 1111 4789 deiude
1126 4730 1269 4800 episcopus
1283 4727 1382 4794 lactus,
1393 4743 1455 4782 cuni
1473 4744 1522 4799 pro
1539 4745 1628 4785 causis
1642 4728 1805 4784 ecclesiasti·

1011 4804 1051 4860 cis
1067 4804 1178 4860 Domain
1194 4798 1314 4857 secundo
1328 4797 1460 4867 tenderet,
1476 4800 1548 4870 apud
1564 4800 1804 4868 Claram-vallem,
1845 4826 1848 4831 ·

1012 4875 1083 4931 sicut
1097 4879 1247 4944 optaverat,
1264 4870 1320 4926 rita
1330 4869 1453 4938 iunctus,
1463 4871 1497 4926 ab
1507 4871 1601 4927 eodem
1614 4881 1708 4927 sancto
1718 4869 1805 4925 ubba-

1011 4953 1039 5001 te
1054 4946 1176 5016 sepultus
1191 4952 1241 4998 est.
1258 4940 1376 5012 Volgani
1391 4942 1510 5068 episcoqii
1525 4950 1550 4997 et
1561 4941 1736 5007 confessoris,
1752 4941 1804 5020 ira3

1011 5016 1062 5074 tris
1076 5016 1163 5071 sancti
1181 5012 1299 5069 Poillani
1315 5013 1454 5084 martyris.
1496 5030 1513 5068 n
1538 5013 1678 5079 hibernia,
1703 5012 1805 5066 Doraui

1012 5085 1142 5160 episcopi.
1154 5084 1279 5142 Odilonis
1289 5083 1577 5141 contessorisVitalis.
1589 5085 1618 5139 iu
1629 5081 1805 5149 Monasterio,

1011 5157 1154 5216 translatio
1165 5155 1301 5212 Victorini
1316 5163 1343 5210 et
1357 5155 1478 5209 Floriani
1490 5161 1653 5226 martyrum.
1671 5150 1806 5209 Florberti

1011 5229 1117 5286 abbatis
1133 5225 1337 5282 Blandinieusis
1352 5234 1378 5281 et
1392 5226 1566 5281 confessoris.
1584 5251 1593 5275 »
1809 5238 1811 5242 ·

1047 5302 1155 5357 Moiiu.
1174 5297 1496 5354 initiolitterisltalicis:
1515 5295 1805 5363 Commemoratio,etc.

1012 5372 1044 5428 ln
1060 5371 1129 5426 sine:
1150 5371 1232 5440 «Ipso
1247 5369 1299 5436 die,
1319 5367 1411 5439 possin
1424 5369 1491 5423 hecti
1505 5369 1585 5436 lusti,
1600 5390 1609 5414 ι
1631 5375 1683 5423 etc.
1698 5373 1729 5421 nt
1748 5365 1808 5422 Bir-

1014 5460 1069 5499 iiii.
1094 5440 1238 5497 Editiones
1251 5439 1311 5495 alie
1326 5439 1507 5506 conveniunt,
1531 5440 1578 5495 sed
1593 5445 1688 5494 carent
1702 5437 1808 5493 Eusta-

1015 5513 1088 5569 chio.
1106 5512 1213 5569 Habent
1226 5513 1260 5569 de
1275 5509 1393 5581 Georgio
1407 5517 1438 5565 ut
1450 5509 1608 5566 Guiiviruus.
1623 5510 1692 5565 Tum
1706 5525 1712 5563 :
1736 5508 1811 5566 «Die

1015 5583 1145 5653 secunda,
1168 5590 1325 5639 sanctorum
1343 5589 1495 5653 martyrum
1518 5580 1680 5653 Acindymi,
1705 5580 1742 5636 Pe
1760 5579 1811 5648 asi,

1016 5652 1347 5737 Aphtonii,Elpidephori
1358 5661 1385 5707 et
1393 5651 1594 5724 Auempodisti.
1606 5651 1748 5709 »Gaurum
1773 5649 1813 5731 eri

1017 5728 1072 5782 alia
1082 5724 1325 5782 notavituomiua:
1343 5723 1493 5780 «Montibus
1503 5722 1814 5792 liaunouiai,translatto

198 5808 363 5872 Adummim.
385 5806 416 5863 iu
431 5806 590 5880 principio:
628 5801 793 5864 «Generalis
816 5808 844 5858 et
865 5799 964 5856 festiva
1018 5793 1378 5856 castellionensium.»

104 5888 134 6080 κ
313 5906 436 5965 Parnoi..
455 5904 582 5967 CXXIV.

1654 5892 1699 5949 ‘ab
