3834 6136
72 203 129 264 tlt
562 201 564 207 ’
609 198 925 259 MARTYROLOGthl.
947 230 980 243 -·
1004 201 1108 259 MENS.
1129 203 1225 260 SEP'l'.
1682 199 1735 258 478

67 335 147 392 isset
167 329 287 404 triginta
301 343 351 384 seir
365 327 457 397 annis,
481 336 508 385 et
521 326 579 410 jain
602 344 637 385 ex
658 327 776 386 decursu
790 329 877 386 totins
893 329 917 387 A
932 329 1086 399 abbatissae,
1101 331 1165 388 filiai
1179 332 1280 404 Edgari
1292 332 1364 460 recghis
1376 331 1541 407 Anglorum.
1558 331 1625 401 Quae
1640 350 1657 389 a
1670 333 1732 390 reli·

48 406 139 465 vite
157 420 217 460 sua
231 401 397 473 complesset
419 407 591 472 septuaginta
609 400 730 474 quinque
748 416 880 469 annos,a
935 403 1018 473 giosis
1033 404 1202 476 parentibus,
1217 405 1291 461 bima
1353 403 1420 460 risto
1442 413 1600 460 consecrata
1622 413 1649 461 et
1671 421 1733 462 san·

45 476 130 537 filio
147 492 201 532 suo
222 475 315 544 Enpre
337 472 364 553 io
381 480 507 553 accusata
529 472 603 545 quod
618 472 774 530 Christiana
796 481 876 542 esset,
930 474 1054 532 ctissime
1064 493 1129 533 coni
1137 485 1235 545 ereata,
1250 476 1373 533 seculum
1390 476 1528 548 ignoravit
1542 477 1634 549 potius
1648 492 1730 550 quant

33 549 152 626 jussit
164 564 226 604 eam
247 488 434 626 Diocletianus
457 551 605 625 imperator
620 544 672 625 sihi
693 544 792 602 adduci
815 561 878 625 cum
934 546 1081 619 reliquit.»
1104 548 1313 606 Castellanusle
1333 546 1355 605 it
1369 549 1518 620 Eadgithu.

41 620 208 697 predicto
234 617 408 674 Geminiano.
435 615 509 682 Quos
530 617 577 672 ille
600 633 689 698 poenis
718 618 879 698 gravissime
1315 564 1390 677 hus:
1420 622 1470 676 «lu
1489 620 1600 694 Anglii,
1618 620 1728 679 Ediihae

40 694 190 752 afflictos
213 688 331 747 tradidit
352 685 461 744 cuidant
486 687 693 759 perversissimo
715 689 814 759 iudici,
830 689 878 762 qui
933 688 1217 762 virginisabhatisse,
1231 692 1295 749 sitia
1322 692 1457 765 Edgari,»
1479 701 1532 750 etc.
1549 699 1580 748 ut
1603 692 1731 751 Gnevsri.

38 766 118 824 diii
133 781 183 820 eos
197 760 346 841 cruciavit,
361 758 472 840 undem
487 768 548 839 post
571 759 735 840 laudabilem
752 768 822 816 iiiart
843 760 878 816 rii
932 778 1024 833 supra.
1047 788 1056 811 ι
1071 764 1101 819 ln
1117 764 1218 831 Scotia,
1234 765 1357 831 Niniani,
1369 772 1420 822 etc.
1433 766 1464 821 ln
1474 764 1616 821 territorio
1627 767 1732 837 Argen·

45 836 233 901 victoriam,
250 831 342 905 gladio
357 830 539 886 animadverti
554 831 629 888 lecit.
646 831 701 887 Hos
716 839 809 913 sancta
824 778 877 888 Aia-
932 832 1045 902 tinensi,
1063 843 1162 891 sanctae
1179 837 1312 893 Eintlietli
1327 837 1454 910 virginis,
1490 837 1731 895 iectaiasancii-

44 909 144 966 xima
160 904 267 965 Christi
281 903 382 959 devota
397 902 502 957 famula
523 902 651 959 decenter
666 904 827 984 sepelivit.3
847 904 877 959 ln
932 907 1005 984 tatis.
1028 908 1142 978 Agnetis
1162 907 1278 979 virginis
1301 910 1334 965 de
1357 919 1451 966 monte
1470 854 1625 977 hunuano,
1650 908 1730 982 cujus

48 978 227 1052 Euphemia
242 977 329 1056 terme
343 981 471 1055 puraest,
488 982 559 1045 post,
574 991 625 1056 pro
647 975 764 1042 Chi-isto,
779 974 877 1046 adjun·
932 987 1016 1034 vitam
1033 981 1161 1052 magister
1185 980 1374 1050 llaymundus,
1390 980 1496 1038 ordinis
1518 980 1730 1037 Praedicatorum

53 1069 135 1125 gens
146 1057 172 1106 et
191 1049 331 1121 compleuit
344 1051 513 1126 martyriam.
540 1046 687 1118 Sequitur:
713 1048 765 1103 ‘In
791 1062 876 1101 nion-
931 1049 1067 1120 scripsit»
1089 1053 1120 1107 ln
1128 1053 1326 1123 posterioribus
1336 1052 1728 1109 editionibusduorumlerma

53 1124 144 1180 tibiis
158 1122 300 1201 Alveriiae,
309 1124 430 1197 receptio
440 1124 597 1198 sanctorum
614 1117 775 1246 ρῑὶᾕιιιιῑιιι
786 1116 876 1174 sancti
931 1120 1038 1177 dierum
1049 1129 1143 1178 teitus
1156 1123 1262 1180 confusi
1274 1131 1354 1181 sunt:
1370 1141 1434 1182 nam
1450 1124 1554 1181 hoodie
1568 1125 1728 1180 referuntur

57 1193 209 1253 Francisci
227 1190 403 1270 confessoris,
430 1205 512 1270 primi
528 1190 635 1270 ordinis
679 1205 800 1245 morum.
820 1187 876 1270 Ce-
931 1191 1075 1249 Cornelius
1088 1202 1116 1250 et
1130 1194 1294 1266 Cyprianus,
1312 1212 1347 1250 ex
1365 1213 1414 1251 xiv
1429 1195 1607 1269 Septembris,
1624 1195 1726 1267 quibus

67 1265 229 1333 nomannis,
253 1270 342 1319 sancti
357 1260 490 1330 Principii
511 1277 631 1334 episcopi
646 1268 673 1316 et
695 1261 875 1318 contessoris.
930 1263 1107 1336 subjungitur
1117 1273 1191 1322 totus
1205 1274 1299 1322 textus
1313 1266 1473 1324 hodiernus.
1487 1267 1518 1323 ln
1533 1267 1587 1322 sine
1601 1266 1723 1322 additur:

67 1339 100 1394 ln
116 1336 229 1409 Anglia,
245 1341 346 1390 sancte
360 1329 610 1412 Edithae„iiirgiiiis.
628 1358 641 1413 ιι
769 1403 773 1414 Ι
937 1336 992 1390 «Ιιι
1016 1337 1126 1407 Anglia,
1140 1346 1240 1394 sancte
1263 1337 1372 1394 Edithae
1396 1338 1522 1410 virginis,
1539 1337 1602 1393 tiliae
1622 1336 1725 1408 Edgari

105 1408 234 1464 Giinven.
260 1405 420 1486 :cl'eattnn
440 1410 527 1458 sancti
549 1403 683 1484 leucham,
705 1412 790 1484 patris
813 1404 876 1476 glo·
932 1406 1021 1477 liegis.
1038 1409 1069 1463 lii
1088 1409 1228 1465 territurio
1253 1410 1459 1480 Argentinensi,
1474 1417 1576 1465 sanctie
1600 1407 1724 1464 Einheth

70 1480 153 1536 riosae
177 1478 227 1535 llei
258 1483 398 1549 genitricis
426 1490 533 1545 semper
566 1491 683 1546 virginis
709 1476 811 1549 hieriae.
840 1476 875 1531 Et
930 1477 1057 1549 virginis,
1074 1481 1210 1551 praeclarae
1231 1481 1393 1537 sanctitatis.
1420 1506 1428 1528 ι
1457 1481 1526 1536 Dein
1544 1488 1571 1551 ty
1595 1479 1617 1534 is
1641 1479 1727 1535 mino-

75 1549 302 1608 commemoratio
330 1552 431 1602 sanctai
449 1547 537 1628 Annae
558 1547 654 1627 matris
672 1545 741 1616 ejus.
770 1548 872 1627 llomau,
930 1549 1028 1605 ribus:
1052 1553 1107 1606 ‹ln
1123 1552 1223 1619 Soulia,
1243 1552 1354 1607 Niniani
1369 1552 1489 1624 episcopi
1506 1496 1636 1608 Candidas
1652 1550 1726 1607 Casas

76 1623 181 1679 Felicis
203 1636 284 1703 papa.
299 1619 367 1675 item
391 1625 484 1698 sancti·
498 1618 628 1674 Victoris.
655 1617 805 1698 lnScotia,
822 1618 875 1698 Ni·
930 1627 956 1675 et
971 1622 1145 1679 confessoris.
1160 1625 1228 1679 Item
1243 1622 1335 1678 obitus
1350 1625 1462 1696 Agnetis
1477 1623 1510 1678 de
1537 1629 1629 1677 monte
1650 1621 1725 1677 Poli-

76 1693 153 1749 niani
169 1709 185 1749 e
204 1691 323 1771 iscopiet
336 1689 501 1745 contessoris
528 1689 723 1756 Cenomannis,
735 1688 872 1761 depositio
888 1691 1012 1764 Boiano,
1038 1692 1117 1764 cujus
1136 1694 1227 1751 Vitam
1250 1695 1361 1766 scripsit
1383 1693 1563 1768 llaymnndus
1593 1693 1724 1765 magister

72 1764 161 1820 sancti
197 1764 264 1818 rinci
286 1761 304 1817 ii
316 1761 439 1833 episcopi
453 1768 480 1815 et
494 1760 667 1816 contessoris.
687 1760 753 1816 ltem
769 1768 869 1816 sanctae
925 1762 1031 1819 ordinis
1045 1764 1291 1821 Prmdicatorum.›
1319 1766 1389 1823 Vide
1403 1765 1547 1839 Martyrol.
1565 1766 1724 1823 lloinaiium

70 1835 207 1891 memoriae
221 1777 355 1890 ludovici
370 1832 569 1913 archiepiscopi
579 1832 759 1913 Arelatensis,
777 1831 871 1888 Cardi·
925 1843 952 1890 et
968 1837 1035 1892 Acta
1051 1853 1089 1891 xx
1103 1837 1169 1910 Apr.

69 1907 137 1964 nalis
153 1913 258 1964 sanctas
278 1904 405 1964 cecilie.
428 1906 459 1960 In
483 1904 592 1978 Anglia,
617 1902 727 1959 Edithae
754 1903 871 1976 virginis

798 2029 1006 2040 Ἣ

970 620 1078 676 lloiiirv.
1092 638 1098 675 :
1116 620 1200 693 Typis
1213 618 1314 677 iiiiiiori

71 2073 117 2131 lll'
136 2073 206 2129 Kal.
1611 2067 1662 2123 ilie
1683 2068 1727 2125 ll.

101 2162 196 2219 llome
208 2160 257 2217 via
270 2159 427 2228 Tiburtina,
443 2159 543 2216 natalis
557 2160 643 2216 sancti
660 2161 673 2216 J
677 2161 762 2217 ustini
778 2158 943 2233 presbyteri,
961 2159 1008 2231 qni
1022 2158 1212 2231 persecutione
1227 2157 1315 2226 Decii,
1327 2157 1399 2214 Galli
1414 2165 1441 2214 et
1455 2155 1600 2216 Volusiani
1615 2156 1728 2212 contes-

72 2253 152 2310 sionis
164 2252 256 2325 gloria
270 2251 476 2323 insignissimus
489 2249 553 2306 luit.
568 2250 636 2306 lteni
651 2251 755 2319 Rome,
770 2257 929 2307 sanctorum
946 2256 1099 2319 martyrum
1115 2247 1233 2303 Narcissi
1259 2255 1286 2302 et
1310 2246 1522 2304 Crescentionis.
1547 2244 1628 2317 Apud
1652 2245 1727 2301 Leo-

73 2341 155 2411 dium,
171 2341 247 2398 beati
262 2340 402 2398 Lamberti
418 2341 539 2413 episcopi
555 2341 734 2412 Tungrensis,
750 2342 796 2414 qni
808 2357 823 2397 a
836 2339 1001 2397 nocentibus
1015 2337 1178 2394 innocenter
1190 2337 1307 2404 occisus,
1323 2336 1413 2391 aulam
1428 2335 1546 2390 caelestis
1561 2334 1636 2406 regni
1661 2349 1728 2406 per-

72 2435 147 2501 petuo
162 2427 282 2484 intravit
296 2427 432 2483 victurus.
450 2427 480 2481 ln
495 2426 659 2495 Britanniis,
676 2436 833 2483 sanctornm
848 2427 968 2484 Socratis
995 2436 1022 2484 et
1046 2425 1189 2498 Stephani.
1210 2425 1367 2493 Nivediin0,
1393 2430 1551 2479 sanctorum
1571 2430 1726 2495 martyrum

73 2517 221 2587 l'aleriani,
236 2516 353 2574 Macrini
369 2524 396 2572 et
412 2515 555 2572 Gordiani.
575 2517 644 2572 ltem
660 2515 788 2573 Corduba
802 2517 891 2573 sancti
906 2515 1038 2572 Eiuiliani
1054 2515 1162 2572 diaconi
1177 2524 1204 2573 et
1219 2516 1364 2571 Hieremia
1376 2513 1585 2571 decollatorum.

840 2633 959 2691 NOTAE.

100 2749 146 2806 Sic
159 2747 266 2805 habent
280 2748 402 2815 Protea,
413 2745 561 2815 llerinieu,
576 2747 804 2820 Antuerpeltluj,
820 2751 970 2823 Roaioegii„
986 2754 1121 2826 Autiierpr
1134 2760 1161 2810 et
1179 2752 1383 2823 ulna-tntu,
1404 2752 1550 2817 Munerat,
1575 2751 1675 2807 (irenen
1700 2757 1727 2806 et

72 2842 168 2900 dolon.
183 2839 291 2910 Quibus
306 2836 435 2895 accedere
449 2845 565 2911 possunt
577 2840 849 2914 Amiternina-llus.
866 2852 892 2900 et
906 2845 1050 2901 Locuiiien.

676 2972 880 3030 vituli-,tvae
900 2973 1105 3033 LECTlONES.

98 3070 170 3128 Dixi
185 3069 314 3126 accedere
326 3087 406 3144 posse
421 3071 652 3144 Antuerp-Mnx.
663 3079 689 3127 et
705 3072 869 3142 Lovanieu.;
887 3076 908 3134 C
926 3074 1003 3143 linui,
1019 3083 1046 3130 et
1063 3073 1104 3130 sic
1118 3073 1200 3129 habet
1214 3073 1369 3130 Romanum
1386 3086 1519 3142 parvum;
1539 3068 1617 3143 pejus
1632 3069 1726 3125 Lova-

71 3158 129 3198 iiam
147 3142 191 3209 hi,
207 3142 270 3198 licet
284 3149 371 3197 totum
386 3149 493 3198 textum
519 3142 647 3212 referant,
674 3143 702 3198 iii
726 3161 758 3200 eo
781 3153 872 3201 tamen
927 3141 1561 3213 nien,Crescentis.Praten.videturscripsisse
1574 3141 1725 3208 Leodieum,

74 3214 102 3270 ab
115 3214 184 3270 aliis
195 3213 299 3269 diversi
314 3221 378 3269 sunt
393 3214 465 3285 quod
481 3213 513 3269 de
528 3215 672 3270 bainbeitn
687 3225 768 3286 agant
784 3218 872 3288 primo
928 3218 1000 3290 qnod
1016 3219 1045 3272 in
1060 3217 1138 3272 nullo
1153 3217 1208 3271 alio
1233 3215 1327 3271 codice
1349 3213 1465 3285 reperio.
1490 3213 1556 3268 ltem
1578 3212 1726 3279 huntberti,

71 3284 136 3354 loco,
154 3293 182 3342 et
212 3286 241 3341 in
270 3284 324 3342 hne
348 3286 453 3357 periodi
480 3287 569 3358 legant
595 3293 722 3358 perpetuo
749 3289 870 3342 victurii-s

72 3357 188 3426 introvit,
201 3365 300 3413 contra
314 3358 483 3484 antiquiores
498 3375 602 3414 omnes.
619 3359 705 3415 lidum
718 3376 781 3415 cuin
797 3360 869 3416 Pra-

73 3435 124 3486 ten.
139 3437 168 3486 et
189 3429 295 3487 Melan.
327 3446 378 3485 scri
402 3440 452 3486 unt
476 3430 635 3500 Tyburrinu,
650 3430 698 3487 sed
724 3433 873 3503 prevalent

72 3501 123 3556 ilii.
146 3503 255 3558 Rursus
275 3517 338 3556 cum
363 3502 463 3557 blotan.
488 3501 622 3557 oiiiittnnt
650 3519 751 3557 nonien
783 3503 869 3569 utun

72 3571 203 3628 llunerat.
220 3572 313 3644 posuit
324 3572 415 3628 (loidi.
431 3572 642 3645 Antuerp-llaj.
655 3580 715 3644 post
734 3574 871 3630 Volusiani

71 3643 363 3714 omittitconsessionis,
379 3651 406 3699 et
421 3661 484 3699 cuin
499 3648 645 3716 Antuerp.,
668 3646 869 3714 llam-buben,

71 3715 217 3788 Antuerp·
232 3716 305 3771 llaii.
322 3723 348 3771 et
363 3715 467 3771 Lovan.
484 3733 533 3789 pro
546 3716 751 3787 insignissimus,
762 3718 869 3786 scribit,

71 3787 120 3841 ins'
157 3788 192 3842 ie.
218 3787 353 3844 llunerat.
377 3796 467 3844 autem
491 3788 662 3858 consessionis
690 3789 808 3845 mutavit
841 3790 871 3845 in

72 3804 239 3927 comeaeris.
263 3860 295 3915 ln
319 3860 428 3915 l’raten.
462 3868 503 3916 est
535 3862 672 3932 Norcqssi,
704 3862 733 3916 in
766 3861 869 3918 Melan.

73 3929 206 3998 Narcisci,
222 3931 250 3986 iri
263 3933 397 4012 Antuerp.
408 3939 435 3986 ct
450 3932 639 3989 Max.-bubec.
656 3933 788 3989 Nuiuissoe
803 3951 809 3988 :
824 3932 871 3988 sed

73 4000 136 4072 quid
152 4001 183 4056 in
199 4000 313 4058 drevan.
330 4003 382 4058 sibi
396 4003 457 4058 vult
472 4003 623 4060 Murci'lle?
640 4005 870 4074 Antuerp-Max.

73 4080 97 4128 et
109 4072 247 4130 Munerat.
257 4091 358 4131 nomen
370 4075 560 4131 Ci'esceuta'oni's
575 4083 688 4132 vertunt
701 4077 729 4131 iii
747 4077 871 4132 Crescen-

927 3299 959 3344 ut
972 3305 1036 3344 cum
1052 3305 1083 3344 eo
1104 3287 1269 3343 habetsolus
1284 3285 1428 3357 llosweyd.
1447 3285 1502 3340 Nos
1517 3301 1551 3339 ex
1578 3283 1674 3339 Adone
1699 3291 1727 3339 et

928 3361 1042 3432 reliquis
1057 3359 1199 3415 codicibus
1212 3358 1385 3429 praetulimus
1407 3354 1633 3427 orthographiam
1652 3370 1725 3410 coni-

929 3431 1096 3496 muniorem,
1124 3447 1185 3486 sec.
1217 3446 1246 3484 ix
1274 3438 1348 3484 certo
1375 3428 1513 3495 usitatam,
1542 3427 1625 3482 etiam
1653 3422 1726 3497 apud

928 3500 1303 3573 ll'andalhertuniquidniet
1316 3499 1387 3572 apud
1399 3498 1510 3566 Bedam,
1522 3497 1587 3553 licet
1598 3497 1726 3577 Rabanus

927 3582 954 3630 et
968 3573 1016 3629 alii
1029 3581 1143 3629 utantur
1157 3573 1345 3629 landebertus.
1363 3573 1443 3626 Errat
1465 3569 1678 3641 Antuerp.·bleJ.
1696 3569 1726 3624 in

924 3646 1100 3714 innocentum,
1117 3646 1339 3718 proiciebantur,
1362 3643 1427 3699 item
1453 3643 1483 3697 in
1507 3641 1662 3708 Britonut'u,
1677 3656 1727 3711 pro

925 3717 1097 3785 Brittonniis,
1128 3724 1158 3772 ut
1192 3716 1292 3788 passim
1323 3714 1483 3786 reperimus.
1500 3712 1579 3769 Mitto
1614 3712 1722 3782 reliqua

926 3789 1024 3845 iiienda
1039 3789 1194 3859 scriptoria.
1210 3796 1240 3843 ut
1261 3786 1393 3843 Niueduni
1435 3802 1465 3840 ro
1492 3785 1639 3852 Niueduuo,
1662 3784 1727 3840 llu-

926 3862 992 3916 tri'ni
1007 3862 1051 3916 vel
1066 3860 1195 3918 Murtiiiu'
1206 3877 1254 3931 pro
1266 3859 1391 3925 ,lirini-iiii,
1410 3802 1549 3924 dordone,
1559 3855 1664 3938 'Elimia'
1678 3870 1727 3937 pro

925 3932 1068 4000 linitioni,
1094 3940 1125 3987 ut
1149 3941 1260 3988 servant
1287 3931 1417 3988 codices:
1443 3930 1563 4001 Dguconi
1587 3928 1725 3998 Hiremioe,

925 4006 1056 4070 Jereiui'tc,
1067 4005 1214 4060 Jhereiui'ur.

739 4198 1041 4257 OBSERVATIONES.

104 4297 221 4355 llomani
237 4297 315 4370 parvi
330 4306 426 4354 auctor
438 4297 477 4354 sic
492 4297 573 4354 hodie
587 4306 783 4354 textumsuum
796 4299 868 4354 ordi·
884 4302 908 4359 l)
925 4299 954 4352 in
968 4301 1061 4367 crupta
1073 4295 1211 4362 arenaria,
1225 4292 1376 4350 secundum
1391 4309 1493 4349 vocans
1509 4293 1725 4360 Cresceiitioiiem,

73 4375 113 4424 tur
145 4388 152 4425 :
184 4371 284 4437 Rome,
313 4370 413 4425 Justini
437 4370 594 4443 presbyteri,
619 4371 655 4426 eil
681 4387 756 4439 quent
781 4371 870 4424 beatus

73 4440 232 4496 Laurentius
248 4441 276 4495 in
289 4441 345 4497 uico
360 4443 473 4497 Putricii
487 4449 558 4496 nocte
573 4441 651 4497 venit.
675 4441 775 4497 Nullus
790 4441 868 4496 anti-

73 4513 150 4637 quior
163 4512 369 4585 Martyrologus
382 4513 415 4568 de
426 4530 468 4581 eo,
484 4514 580 4570 saltem
596 4513 649 4569 lioc
660 4512 716 4577 die,
730 4512 868 4568 meminit.

96 4583 130 4641 do
145 4583 239 4656 ipsum
256 4585 340 4640 refert
353 4585 434 4641 tertio
449 4585 521 4653 locu,
536 4585 616 4657 plura
629 4601 663 4640 ex
687 4583 763 4640 Actis
782 4582 868 4639 sancti

75 4653 211 4711 Laurentii
243 4672 409 4724 memorans,
442 4673 560 4730 quoruiii
588 4656 700 4712 initium
722 4663 748 4710 et
774 4654 869 4723 siiieiii,

73 4724 193 4783 ductoris
206 4727 308 4783 verbis.
325 4729 421 4784 Noster
430 4728 676 4784 connexuitlllum
688 4728 777 4799 ipsum
789 4727 871 4783 lusti·

74 4813 136 4854 niini
151 4800 227 4855 inter
240 4797 373 4855 Auctaria
389 4800 560 4870 signavimus
576 4817 605 4856 iv
619 4799 811 4872 Augustique
827 4798 871 4855 die

74 4885 131 4926 euni
151 4871 190 4926 ita
204 4871 282 4926 canit
298 4872 511 4929 wandalbertus
527 4889 533 4928 :

131 4950 255 5001 lustinus
274 4951 356 5015 pridie
368 4955 472 5015 proptio
489 4951 637 5002 celebratur
650 4953 748 5002 honore

130 5013 275 5074 Presbyter
288 5017 313 5062 in
332 5029 439 5064 numero
458 5023 617 5075 sanctorum,
632 5016 702 5065 canc
720 5023 871 5079 peremptus

131 5077 250 5135 Crudeli,
268 5079 408 5141 exquirens
419 5079 532 5126 tumulos
549 5079 592 5140 qui
608 5078 797 5128 condecoravit.

104 5159 234 5231 llartyrii
245 5159 355 5231 proprie
369 5159 438 5215 dicti
454 5160 574 5215 laureum
594 5160 646 5232 ipsi
668 5159 750 5216 etiam
773 5159 872 5215 tribuit

73 5229 226 5297 llaronius;
242 5231 293 5286 liac
308 5231 497 5288 Wandalberti
508 5231 680 5304 aliorumque
694 5233 871 5304 antiquorum

72 5309 328 5370 iiioiiuiuentoruiii,
353 5311 384 5358 ut
404 5303 453 5373 ait,
476 5305 637 5360 auctoritate
660 5302 769 5370 ductus,
796 5302 872 5358 inter

71 5390 129 5445 quae
143 5375 242 5446 procul
258 5374 344 5430 dubio
357 5383 560 5447 computatores
569 5375 627 5447 ejus
641 5381 734 5446 pestes,
754 5391 872 5428 seorsum

69 5447 168 5515 positus
195 5451 221 5502 et
247 5446 355 5502 uberius
388 5448 559 5518 conscriptus,
588 5464 623 5502 eir
651 5446 751 5526 quibus
781 5453 872 5517 pateat

71 5518 261 5590 supervixisse
270 5516 304 5573 ad
319 5526 442 5591 tempora
454 5518 576 5589 Claudii(
579 5518 872 5599 iiitelligeullltniicqiie

72 5591 208 5663 iuurtyrio
234 5599 397 5647 coronatum
421 5591 515 5647 laissi.
540 5591 606 5658 Quae
634 5605 728 5644 omnia
756 5605 868 5717 proquo

71 5661 129 5718 loco
143 5661 312 5732 diligentius
325 5670 407 5719 eruut
420 5662 614 5720 examinanda.
631 5663 661 5716 ln
677 5659 787 5716 laudato
835 5677 871 5715 o-

70 5750 151 5790 niaiio
186 5751 255 5789 arvo
265 5734 390 5806 sequitur
405 5754 411 5791 :
429 5737 493 5792 lieni
507 5733 627 5791 Narcisi's
640 5739 664 5787 et
680 5732 869 5798 Crescentinni',

70 5821 140 5879 qnos
153 5751 320 5865 thantianus
334 5807 488 5879 penultimo
504 5807 564 5867 loco
573 5805 635 5865 Ado
643 5806 733 5864 Rouiu
746 5803 869 5874 ascribit,

945 4367 1155 4424 ueiiiadinoilnm
1171 4382 1205 4421 eir
1221 4367 1280 4438 ipso
1297 4364 1436 4420 Usuardus
1448 4363 1685 4434 descripsit.Quid
1696 4366 1726 4420 iu

925 4387 1095 4496 Actissancti
1105 4438 1258 4504 Laurentii,
1268 4437 1399 4491 incoruni
1411 4435 1519 4491 laudeni
1539 4435 1723 4502 contineatur,

926 4512 1029 4594 patebit
1043 4528 1062 4565 x
1077 4510 1204 4581 Augusti.
1226 4508 1360 4575 Quintum
1385 4517 1411 4563 et
1436 4515 1606 4579 postremum
1634 4507 1724 4560 locum

926 4600 954 4638 in
970 4582 1065 4639 Adone
1079 4588 1154 4636 tenet
1168 4579 1371 4652 inclytissimus
1381 4579 1480 4651 praesul
1493 4584 1520 4632 et
1531 4584 1637 4648 martyr
1647 4577 1726 4632 Lum-

926 4657 1024 4722 bertus,
1039 4654 1072 4709 de
1088 4669 1143 4725 quo
1157 4653 1240 4708 etiam
1260 4650 1410 4706 meminere
1425 4649 1498 4705 Beda
1512 4657 1540 4704 et
1554 4649 1693 4716 ltahanus,
1709 4664 1726 4704 a

926 4727 1025 4800 quibus
1046 4725 1224 4782 landebertus
1245 4740 1259 4778 a
1282 4723 1409 4794 pellatur,
1434 4722 1457 4778 si
1480 4721 1624 4778 nonnullis
1645 4720 1726 4777 uada

926 4798 1068 4869 ecgraphis
1079 4797 1207 4855 assentiri
1223 4741 1354 4851 vofuerls.
1376 4797 1474 4851 Florus
1499 4794 1619 4865 elogium
1644 4794 1726 4865 plano

926 4874 1038 4943 vulgare
1052 4871 1077 4927 ei
1092 4870 1201 4926 tribuit.
1220 4869 1301 4925 Plura
1316 4883 1349 4923 ex
1364 4867 1446 4938 gestis
1461 4867 1564 4923 delibat
1586 4866 1724 4930 llabnnus,

927 4944 1055 5016 pauciora
1070 4943 1140 5011 Ado,
1156 4957 1236 5014 quem
1253 4939 1390 4996 contrahit
1411 4940 1562 5018 Notlrerus.
1584 4933 1724 4992 Usuardus

927 5032 976 5087 pro
998 5017 1037 5071 rio
1052 5023 1138 5071 marte
1152 5024 1179 5070 ct
1191 5028 1316 5068 serinoiie
1331 5011 1376 5068 liic
1397 5011 1471 5083 loqui
1487 5010 1587 5076 voluit,
1613 5021 1723 5084 sensum

927 5033 1037 5160 quidem
1054 5086 1159 5142 Adonis
1174 5092 1293 5151 secutus,
1309 5083 1356 5138 sed
1380 5084 1442 5138 aliis
1459 5081 1573 5136 omnino
1597 5078 1724 5132 formulis

927 5175 983 5214 reni
999 5157 1167 5228 exprimens.
1185 5157 1332 5227 Quousque
1347 5153 1380 5208 ad
1405 5151 1620 5222 llicioiiymiana
1645 5149 1723 5229 Laiai-

927 5231 1013 5284 liertiis
1028 5231 1070 5282 vel
1086 5229 1266 5284 Luiiitebertus
1281 5225 1427 5298 pertineat,
1439 5224 1527 5279 disces
1540 5238 1574 5276 ex
1590 5222 1724 5276 Florenti·

927 5302 973 5356 iiio
1007 5299 1154 5371 Complura
1181 5299 1250 5355 Acta
1277 5298 1310 5353 de
1338 5312 1370 5351 eo
1398 5295 1553 5366 conscripta
1582 5293 1723 5358 now'uius,

926 5380 1050 5427 auctores
1074 5371 1137 5426 iide
1161 5370 1234 5442 apud
1258 5368 1407 5423 Bnroiiiiiin
1431 5367 1460 5421 in
1484 5365 1625 5420 hodiernis
1639 5363 1724 5433 notis,

926 5442 1102 5499 hlnhilioiieni
1117 5459 1178 5497 saec.
1194 5458 1226 5496 iii
1240 5438 1382 5495 Benedict.
1399 5445 1474 5509 parte
1489 5455 1508 5504 i,
1522 5453 1538 5492 a
1552 5453 1614 5509 pag.
1629 5437 1673 5504 tili,
1696 5445 1724 5494 et

926 5515 1177 5571 nliosrcceiitiores.
1194 5513 1248 5568 Nec
1259 5510 1465 5583 praetereundus
1480 5517 1520 5566 est
1535 5508 1723 5566 Wandalber-

926 5597 979 5656 tiis,
996 5586 1043 5659 qui
1059 5586 1148 5643 solum
1164 5584 1342 5641 lambertum
1357 5582 1395 5640 ita
1412 5581 1494 5640 hodie
1508 5581 1627 5640 celebrat
1643 5599 1649 5638 :

988 5749 1140 5799 Liiuibertus
1151 5747 1270 5812 quintum
1288 5745 1383 5796 denum
1398 5748 1493 5797 virtute
1503 5752 1616 5803 coronat,

987 5811 1074 5864 Fectio
1089 5825 1167 5877 quein
1179 5824 1276 5863 cesum
1297 5823 1400 5876 temper
1416 5808 1585 5862 tremebunda
1598 5806 1712 5874 ρωποι*
