3834 6136
623 199 940 260 MARTYROLOGIUM.
961 230 996 244 -·
1013 202 1119 258 hetta.
1141 203 1214 261 JUN.

1692 205 1743 263 122

697 349 901 408 VAlllANTES
921 349 1128 408 LECTIONES.

110 467 252 539 illyricum
266 465 339 522 bene
355 465 421 593 leqit
435 465 560 522 llolanus
574 484 580 532 ;
597 465 644 521 sed
658 482 709 521 nos
730 483 793 522 cum
813 467 884 521 reli·
898 471 923 529 Α
938 466 1047 522 Titulus
1061 466 1200 537 iriertyris,
1217 484 1232 522 a
1245 467 1388 523 Munerato
1397 469 1549 539 appositus,
1561 469 1589 523 in
1601 471 1685 526 nullis
1697 489 1741 529 cu·

74 541 135 615 quis
144 538 292 595 ordinibus
302 538 381 593 anmi
404 545 486 604 us,ut
501 538 528 591 in
545 544 622 593 textu
639 539 781 594 illiricum.
800 539 884 595 Siscia

76 613 189 669 omnino
205 610 355 682 legendum
373 619 424 675 est,
440 626 503 665 cum
515 602 668 675 llerihien.,
685 610 805 675 ltlolano,
821 611 884 664 Pra-

75 685 156 749 tensi,
172 692 239 740 etc..
255 698 314 737 nun
332 682 413 748 Sitia,
429 688 459 736 ut
469 682 640 746 Tornacen.;
657 683 737 748 Sirio,
749 690 780 736 ut
791 682 883 736 Pulsa·

74 772 148 823 uen.;
167 754 277 822 Stiscic,
296 761 328 808 ut
342 753 501 809 Muneratus
516 771 523 819 ;
540 753 582 810 vel
606 753 693 824 Sicie)
714 761 744 808 ut
764 754 881 809 Greven.

937 537 1046 593 dinibus
1062 539 1233 605 Usuarilinis,
1251 556 1301 595 nec
1317 540 1344 594 in
1361 540 1420 610 ipso
1435 540 1529 595 Adone
1546 541 1655 610 legitur.
1676 544 1740 599 Fle-

937 610 1008 691 niem
1024 626 1072 691 pro
1087 613 1182 692 parmen
1194 611 1276 666 babet
1289 612 1364 666 sulus
1379 611 1564 667 pulsanensis.
1578 612 1699 681 Optineit
1711 615 1740 670 ni

938 681 1093 738 Herimeusr
1111 690 1138 739 et
1157 683 1323 740 lomacensi
1338 691 1446 740 aetatem
1461 700 1537 740 suam
1552 683 1668 740 redolet.

762 878 1064 939 OBSERVATIONES.

106 981 139 1036 le
155 976 277 1035 Sabaria
293 976 509 1048 (Epternacense
524 984 662 1047 corrupte,
681 975 751 1031 Sabe
766 976 879 1045 ciuitate,

24 1100 26 1103 .
75 1050 182 1119 Quirini
194 1056 355 1103 memorant
364 1048 520 1174 apographa
531 1046 758 1119 llieronymiaua,
771 1048 804 1102 ad
820 1064 880 1119 quae

74 1121 160 1178 rideri
191 1130 337 1176 merentur
357 1120 521 1175 Ferentinii
538 1119 702 1185 notationes,
718 1119 878 1190 exquibus,

74 1193 114 1250 sed
128 1192 255 1248 maxime
270 1208 306 1246 ex
320 1192 406 1259 Actia,
422 1191 602 1259 intelligetur,
617 1207 671 1263 quo
687 1198 765 1261 pactu
780 1191 880 1246 11181-

75 1265 177 1321 11111111
189 1273 217 1318 et
233 1263 266 1317 ad
276 1264 345 1318 alias
359 1262 486 1318 civitates
503 1263 630 1329 Qniiinns
646 1261 716 1317 idem
733 1264 877 1333 pertineat.

73 1339 228 1393 Romanum
249 1351 366 1406 parrum
382 1336 420 1389 ita
436 1335 575 1405 loquitur:
592 1334 672 1404 Apud
686 1335 826 1402 ltlpriceni
845 1333 879 1388 ci-

72 1410 149 1463 uitate
164 1408 264 1471 Siscia,
280 1407 366 1460 sericti
381 1406 489 1473 Quirini
504 1406 617 1475 episcopi
631 1411 655 1459 et
670 1406 806 1474 martyris.
823 1406 880 1460 lte-

72 1480 143 1535 clius
157 1478 327 1549 scripsisset,
342 1479 369 1530 in
384 1477 536 1544 Paratonio,
554 1479 595 1531 rel
612 1476 685 1546 apnd
699 1477 877 1531 Parinontan.

72 1551 224 1607 Adoniana
246 1557 309 1604 sunt
330 1565 392 1620 qua
416 1549 444 1603 in
469 1556 546 1603 textu
563 1547 744 1617 adjiciuntur,
768 1555 879 1618 accepta

72 1622 208 1695 primitus
222 1637 254 1676 ex
271 1619 489 1691 lliereuymiano
504 1619 615 1674 Eusebii
630 1618 770 1676 Chronico
783 1619 816 1674 ad
833 1636 878 1674 en-

71 1711 138 1749 num
164 1693 229 1747 ele.
255 1694 363 1759 Noster,
387 1692 510 1763 iuquam,
534 1707 568 1745 ex
590 1691 686 1746 Adone
710 1706 759 1744 sua
786 1691 879 1745 onmia

71 1764 201 1836 sumpsit,
219 1764 360 1835 preterito
370 1763 459 1818 solum
470 1761 595 1834 tyranni,
610 1761 661 1817 sub
675 1778 730 1834 quo
744 1760 879 1828 Quirinus

1014 979 1111 1044 Murtyr
1120 987 1145 1028 et
1160 981 1267 1029 antistes
1279 981 1362 1042 pridie
1375 995 1448 1032 saera
1464 992 1522 1033 vota
1535 985 1660 1045 Quirinus

966 1042 1150 1107 Accurnnlms‚
1164 1046 1266 1106 proprio
1280 1045 1411 1095 Christum
1425 1046 1456 1096 de
1468 1051 1595 1110 sangnine
1613 1053 1706 1112 placat.

974 1121 1158 1179 Usuardinum
1184 1124 1317 1181 hactenus
1346 1127 1508 1184 laterculum
1537 1147 1595 1186 esse
1623 1134 1739 1191 omnino

934 1203 1051 1255 constat.
1069 1195 1162 1251 Codex
1185 1198 1321 1253 Pratensis
1336 1208 1512 1269 augmentum
1533 1204 1611 1257 allert
1635 1203 1739 1275 liujus-

935 1268 1024 1326 modi:
1043 1267 1155 1322 Ciuitate
1169 1269 1317 1336 Niveduno,
1333 1279 1484 1325 selectorum
1499 1275 1594 1339 Zalici,
1613 1276 1701 1330 Athrli
1716 1283 1740 1331 et

933 1339 1034 1398 Entici.
1052 1340 1213 1409 Repugnant
1229 1340 1337 1396 cedices
1353 1343 1463 1414 reliqui,
1479 1344 1501 1397 si
1519 1347 1650 1415 pauculos
1664 1349 1739 1404 exci-

935 1415 1004 1484 pias,
1022 1413 1160 1465 exerranh
1177 1411 1299 1466 l'ratensi
1316 1412 1382 1466 alibi
1403 1430 1457 1467 hon
1473 1417 1555 1469 sernel
1570 1418 1738 1485 auriformes,

935 1499 1031 1552 rrerrrpe
1042 1481 1200 1551 ltnsweyd,
1216 1485 1350 1552 Antuerp.
1367 1483 1430 1551 maj.
1446 1492 1473 1539 et
1483 1487 1654 1556 Aquicinct.,
1667 1498 1697 1544 ut
1708 1489 1738 1545 in

934 1552 1073 1610 Auctariis
1090 1552 1192 1606 clarius
1206 1552 1319 1623 patebit.
1336 1555 1378 1607 Ex
1391 1554 1739 1630 Hieronymianlsapugra·

935 1627 998 1696 piris
1022 1623 1116 1679 selecti
1138 1631 1164 1676 et
1188 1639 1204 1676 a
1226 1624 1309 1677 sociis
1333 1624 1422 1679 avulsi
1448 1634 1512 1680 suut
1533 1636 1669 1699 martyres
1693 1631 1737 1686 illi

934 1697 1138 1759 Nicedenenses,
1154 1709 1208 1746 nnn
1226 1695 1387 1762 Ninireteni,
1404 1704 1434 1749 ut
1448 1696 1536 1752 codex
1560 1699 1661 1770 aliquis
1684 1718 1738 1772 pe-

934 1770 1000 1832 suit,
1027 1780 1163 1839 quemque
1187 1763 1315 1820 Rabanus
1340 1769 1521 1835 praecaeteris
1545 1769 1670 1826 imitatus
1685 1779 1736 1828 est.

72 1853 167 1909 passus
183 1843 237 1902 est,
254 1835 380 1902 nomine,
395 1842 422 1889 et
437 1834 617 1905 reliquiarum
640 1833 674 1888 ad
698 1833 879 1890 Catecumbas
893 1829 916 1888 B
940 1836 1157 1920 Cujusrepionis
1170 1835 1226 1890 sint
1241 1837 1347 1907 prefati
1367 1845 1511 1909 martyres,
1528 1841 1570 1895 111
1586 1843 1679 1912 potius
1691 1858 1741 1899 cur

70 1908 266 1963 translatione.
283 1907 336 1962 Sed
352 1906 410 1961 haec
423 1904 560 1961 Netkerus
582 1921 644 1960 cum
662 1906 711 1959 reli
732 1905 777 1960 uis
797 1913 878 1960 tran-

68 1980 119 2034 scri
159 1979 192 2046 it,
211 1980 284 2034 male
300 1995 350 2049 pro
366 1978 436 2034 Sicia
448 1978 538 2048 legens
550 1979 646 2032 Fiscia.
659 1922 767 2043 Quiirie
777 1977 879 2032 citatur

69 1996 216 2106 Pruffintii
238 2051 372 2122 hymnus,
395 2049 424 2104 in
448 2049 527 2104 Actis
543 2056 643 2115 exstat,
660 2048 707 2103 ubi
724 2047 833 2103 notalris
848 2048 877 2103 in

69 2122 280 2178 Commentario
290 2120 405 2192 prasio,
419 2120 541 2176 Usuardo
552 2129 679 2191 tanquam
696 2119 766 2174 fonti
780 2119 875 2187 tribui,

70 2210 128 2265 quae
144 2193 206 2264 ipse
222 2210 258 2248 ex
272 2192 369 2248 Adone
384 2192 541 2262 planissime
562 2191 662 2258 hausit,
680 2201 710 2247 ut
724 2190 877 2248 conterenti

71 2267 249 2336 perspicuum
272 2272 322 2319 est.
346 2265 439 2335 ltaque
454 2271 480 2319 et
495 2265 596 2318 nrolere
609 2280 706 2318 sucum
719 2264 755 2317 ed
769 2279 878 2317 erenum

70 2337 196 2406 lippiam,
213 2335 335 2406 primurn
351 2335 385 2389 ab
400 2338 459 2406 ipso
473 2334 569 2389 Adone
584 2351 618 2388 ex
630 2334 714 2390 citato
727 2333 877 2401 Chronico,

69 2408 113 2462 rel
126 2424 162 2461 ex
174 2408 254 2462 Actis
266 2408 337 2461 male
348 2414 489 2477 acceptum
501 2416 551 2462 est.
564 2405 603 2461 lbi
617 2405 744 2469 babetur,
755 2405 877 2461 mannuli

69 2480 141 2533 reela
157 2479 194 2533 ad
209 2480 307 2533 collam
324 2478 405 2547 lipeta
414 2495 424 2542 ;
439 2477 467 2531 in
483 2476 559 2532 bisce
580 2478 652 2532 clare
678 2479 800 2548 ponitur,
815 2495 877 2532 reo-

69 2551 124 2604 lam
132 2550 171 2604 ad
181 2551 281 2604 cottam
290 2549 407 2618 liyctem.
421 2548 505 2603 Porro
515 2548 584 2604 Acta
594 2548 643 2602 illa
652 2555 679 2604 et
690 2548 876 2604 vetustissima

67 2628 95 2676 ct
121 2620 259 2675 omnibus
279 2619 469 2691 probatissima
492 2626 567 2687 sunt,
588 2620 671 2674 etiam
695 2637 710 2675 a
730 2619 876 2676 Ruinartio

66 2691 212 2747 recensita
236 2708 252 2746 a
274 2707 332 2763 pag.
356 2692 420 2757 551,
439 2700 466 2746 at
488 2708 520 2747 ue
534 2691 639 2747 Gallice
654 2690 744 2746 reddit
759 2691 876 2747 a'lille-

67 2764 180 2818 montio
197 2770 274 2818 tomo
290 2762 323 2830 V,
341 2778 356 2816 a
374 2779 433 2833 pag.
451 2707 521 2826 lg&
538 2779 553 2816 a
568 2761 706 2835 quibuset
717 2779 732 2817 a
743 2762 876 2834 Papebro·

67 2833 133 2890 chio
160 2835 187 2889 in
209 2834 288 2889 Actis
312 2834 424 2900 nostris,
445 2834 585 2889 nonnulla
607 2834 784 2889 difficultates
804 2835 878 2890 circa

70 2905 164 2961 locum
181 2922 214 2961 ac
230 2913 341 2976 tempus
352 2906 489 2976 martyrii.
501 2907 575 2962 circa
586 2905 727 2976 praesidem
742 2921 773 2961 ac
784 2913 877 2976 tyran-

69 2992 149 3045 uum,
163 2978 279 3034 demum
296 2977 370 3032 aire-a
384 2978 507 3049 corporis
518 2987 565 3032 ant
580 2975 639 3048 ejus
653 2977 772 3045 partium
788 2985 877 3033 trans·

68 3049 189 3176 qatipues
217 3050 416 3120 explanantur.
445 3048 733 3106 SicaWandalberto
762 3050 877 3105 metrice

78 3135 114 3175 au
133 3129 272 3177 atusest:

932 1927 1037 1982 regrum
1053 1906 1245 1963 ascribendum
1260 1909 1296 1962 sit
1310 1909 1488 1975 Nicaea-nem,
1505 1911 1601 1967 Gallie
1621 1915 1736 1970 111111-

932 1981 1034 2049 noniae,
1050 1978 1157 2034 erudite
1173 1979 1314 2034 exanimat
1329 1981 1520 2037 llenschenius
1543 1992 1570 2040 et
1593 1991 1654 2055 post
1673 2002 1736 2041 eum

933 2054 1085 2122 Janningus
1100 2050 1128 2104 in
1144 2050 1342 2121 Supplemento
1357 2051 1444 2119 lunii,
1460 2069 1520 2124 pag.
1539 2055 1581 2109 17.
1600 2054 1735 2112 Caeterum

933 2121 1264 2179 nihildubiterevidetur
1284 2122 1474 2178 llenscbenius
1489 2125 1556 2196 quin
1575 2127 1661 2182 sancti
1684 2126 1736 2199 ipsi

934 2195 1057 2252 Usuardo
1077 2194 1133 2248 siut
1152 2192 1317 2249 ascribendi.
1335 2196 1390 2249 Nos
1406 2195 1432 2248 id
1446 2194 1503 2266 jam
1519 2198 1679 2266 (querneus,
1701 2215 1736 2253 11

932 2283 995 2322 vere
1006 2284 1052 2321 eos
1063 2264 1203 2321 Usuardus
1213 2265 1242 2319 in
1254 2265 1341 2320 Fastis
1355 2267 1570 2337 consignaverit.
1587 2268 1737 2325 Consultus

932 2338 1024 2418 itaque
1039 2336 1212 2393 Castellenus
1226 2343 1321 2391 utrum
1333 2352 1364 2391 ea
1377 2339 1553 2393 annuntiatio
1568 2340 1658 2394 textui
1674 2341 1736 2396 Pra-

931 2419 1016 2465 tensrs
1030 2407 1133 2463 codicis
1154 2407 1265 2472 inserta,
1281 2423 1314 2461 an
1330 2407 1364 2461 ad
1381 2409 1530 2478 marginem
1549 2420 1619 2465 esset
1633 2413 1733 2491 posita,
1827 2454 1834 2468 .

932 2480 1056 2552 inspecte
1071 2478 1218 2548 diligenter
1239 2477 1343 2544 codice,
1360 2478 1448 2533 lassus
1462 2488 1504 2533 est
1519 2482 1643 2535 laterculi
1667 2498 1736 2552 per-

932 2559 987 2607 tem
1003 2549 1102 2616 tacere,
1117 2557 1211 2629 utpote
1225 2547 1311 2618 priori
1332 2548 1491 2604 immediate
1514 2550 1683 2621 adjunctam,
1707 2561 1735 2609 at

931 2630 1064 2695 quantum
1084 2626 1243 2689 conjiceret,
1261 2620 1407 2674 recentiori
1427 2620 1561 2690 1111111111
1584 2638 1678 2688 manu,
1703 2638 1735 2680 aa

932 2693 1047 2765 proinde
1059 2691 1166 2762 judicio
1181 2706 1230 2745 suo
1247 2690 1427 2745 nrihimeesse
1438 2691 1631 2746 Usuardinam.
1654 2694 1688 2749 Ut
1704 2701 1735 2749 ut

932 2772 982 2831 est,
1007 2762 1168 2835 praedictum
1191 2761 1313 2817 codicem
1330 2762 1485 2817 l’ratensem
1502 2770 1635 2832 pratense
1650 2771 1734 2819 auto-

931 2836 1077 2908 graphum,
1101 2850 1136 2889 ex
1158 2848 1290 2913 purorum
1313 2848 1430 2886 rruurero
1451 2832 1532 2888 hodie
1554 2834 1733 2902 exclusimus,

932 2916 1035 2962 resecto
1055 2923 1087 2962 eo
1114 2904 1232 2960 articulo
1276 2919 1338 2958 uem
1361 2903 1470 2959 codices
1495 2904 1607 2975 reliqui,
1635 2907 1733 2960 saltem

932 2979 1057 3106 puriores
1076 2993 1181 3044 omnes,
1198 2975 1233 3032 ad
1247 2920 1403 3032 lisiardum
1418 2975 1490 3030 nihil
1504 2984 1626 3049 spectare
1640 2975 1734 3031 mani-

944 3058 1001 3106 este
1015 3050 1216 3106 demonstrant.

801 3246 992 3303 AUCTAlllA.

103 3342 227 3398 Pharas.
253 3342 351 3399 addit:
375 3366 384 3388 »
399 3339 517 3400 Ciuitate
535 3341 692 3411 Niveduno,
712 3351 870 3399 sanctorum
887 3344 908 3405 C
959 3344 1135 3406 haerenae:
1161 3365 1170 3388 ι
1187 3340 1307 3397 Civitate
1321 3340 1485 3411 Niveduno,
1502 3352 1662 3402 sanctorum
1676 3347 1733 3401 Zo-

66 3413 167 3482 Zutici,
184 3413 270 3470 Attali
287 3423 315 3470 et
329 3412 445 3469 Eutici.»

101 3484 872 3552 1111111.111-11111.111111111111111111

64 3556 172 3683 quma,
187 3558 283 3614 Arecii
298 3566 325 3614 et
339 3556 475 3613 Deciani.»
496 3556 609 3627 Prahge
623 3557 702 3625 Picti,
725 3563 757 3611 ut
779 3566 820 3613 est
843 3556 872 3612 in

95 3630 158 3683 ctis.

103 3700 257 3756 ltoswsru.
273 3700 385 3772 incipit:
411 3723 420 3745 ·
436 3700 467 3755 ln
481 3698 619 3771 Aquileia,
636 3698 733 3772 Cyrini
748 3699 871 3825 episcopi

66 3775 98 3824 et
113 3773 247 3841 martyris
261 3779 286 3827 et
299 3772 417 3828 aliorum
427 3788 458 3826 cc
470 3778 644 3841 martyrum.»
662 3770 836 3827 Nasciturun
857 3786 872 3826 e

70 3848 215 3912 martyres
224 3843 393 3899 illuseruerit
405 3860 411 3896 :
421 3842 485 3897 ride
497 3857 557 3913 qua
570 3842 701 3898 dicuntur
711 3843 739 3896 in
752 3843 871 3898 l’raeter-

68 3911 174 3968 missis.
193 3914 322 3984 Sequitur
335 3922 436 3979 textus,
453 3912 498 3968 ubi
514 3929 563 3984 pro
579 3914 663 3968 Siscia
685 3923 726 3969 cst
746 3915 869 3983 Scythia,

68 3983 95 4036 in
111 3984 169 4039 irne
184 3984 282 4055 adjicit
299 4002 359 4042 cum
380 3983 522 4040 Pratensi:
547 4006 556 4030 ι
578 3984 690 4039 civitate
712 3984 870 4055 Niveduno,

69 4064 227 4133 sanctorum
240 4057 339 4126 Zotici,
354 4057 442 4114 Attali
455 4065 483 4114 et
497 4055 611 4113 Euticii.
627 4081 636 4103 »
657 4055 729 4113 Vide
738 4056 871 4112 Observa·

71 4133 169 4183 trenes.

109 4200 334 4256 Ameana-blac.
351 4200 433 4256 etiarn
445 4200 544 4257 habet:
568 4199 702 4258 »Ciuitate
711 4199 869 4269 Niveduno,

74 4287 225 4330 auctorum
239 4273 340 4340 Zotici,
357 4272 443 4327 Attali
459 4280 485 4327 et
500 4271 615 4330 Eutici.»
818 4287 822 4295 ·

109 4345 350 4411 Assume-blas,
362 4343 544 4412 1111111111,
559 4344 694 4410 Lernam,
703 4342 870 4410 Lavinius,

76 4417 204 4481 Arausa,
220 4417 318 4471 Deme.
333 4423 361 4470 et
376 4417 454 4470 Enrr.
467 4416 683 4471 Uurusr.-Bsue.
701 4415 790 4469 textui
802 4430 870 4486 puro

75 4487 205 4543 subdunt:
230 4512 239 4533 »
255 4485 344 4557 liujus
355 4487 477 4560 reliquie
491 4485 870 4543 11111111111111111111111

77 4557 259 4614 Catacumbas.
286 4558 390 4614 Eodem
414 4556 468 4625 die,
485 4569 642 4615 sanctorum
664 4556 755 4610 Arecii
770 4564 796 4611 et
813 4557 870 4611 Da-

77 4630 176 4685 11111.»
199 4630 240 4684 111
253 4629 381 4685 scribunt
396 4629 535 4702 plerique3
551 4638 578 4685 at
594 4630 717 4684 Annene.
729 4635 756 4682 et
770 4629 867 4684 Deme.

78 4702 167 4755 melius
184 4701 310 4756 Deciani.

107 4772 274 4827 teneres:
299 4795 307 4817 ι
326 4771 406 4842 Apud
417 4770 793 4836 illiricumcivitateScissia,
810 4785 871 4825 san·

81 4842 111 4895 cti
123 4844 227 4908 Quirini
244 4843 367 4915 episcopi
382 4851 408 4898 et
424 4845 562 4915 irrartyris,
579 4841 686 4924 quisub
700 4842 870 4898 Maximiano

80 4927 170 5039 passqs,
186 4916 339 4970 translatus
352 4921 394 4970 est
413 4916 527 4972 llorrram
544 4925 570 4971 et
588 4923 671 4986 Juxta
689 4913 870 4971 catacumbas

79 4998 134 5054 seph
148 4994 212 5041 tus.»

106 5056 282 5113 1111111111.
309 5056 390 5112 etiam
415 5056 515 5113 babet:
542 5056 653 5127 »Hujus
672 5055 795 5127 reliquiae
811 5056 870 5111 Ro-

76 5140 175 5193 niam»
197 5139 253 5185 etc.
273 5128 379 5183 'sumn
403 5129 505 5185 Eodem
521 5129 565 5184 die
585 5130 688 5194 Roma,
709 5133 867 5181 sanctorum

75 5199 155 5255 Arecii
171 5208 197 5255 et
215 5200 340 5255 Deciani.
357 5200 616 5257 Civitateb'umedia
627 5197 796 5326 quvcdune]
809 5212 870 5252 san·

73 5275 170 5326 clerum
193 5272 294 5339 Zotici,
321 5271 406 5327 Attali
431 5279 458 5326 et
482 5271 606 5328 Eutbici.
647 5281 699 5326 tem
725 5269 869 5325 translatio

72 5344 150 5397 sancti
172 5343 286 5398 Poctoci
309 5343 508 5398 confessoris.»
534 5345 614 5399 Forte
636 5342 740 5397 Petraei
762 5340 869 5396 abbatis

71 5410 94 5466 11
107 5413 260 5481 Cernubia,
275 5414 310 5469 de
324 5430 380 5486 quo
396 5414 423 5467 in
440 5414 515 5469 Actis
530 5414 581 5470 hac
596 5413 651 5468 dic.

98 5485 282 5541 Hacesoren.
299 5485 334 5540 de
349 5485 465 5552 Quirino
477 5485 569 5541 addit:
595 5482 702 5554 »llujus
715 5482 861 5564 reliquiae»

67 5563 124 5623 etc,
141 5565 281 5629 utsupra.
296 5557 428 5630 Sequitur
442 5557 475 5611 de
492 5555 660 5638 martyribus
674 5554 797 5610 Aretims
807 5555 868 5609 Per·

65 5630 174 5699 yentino
197 5636 224 5683 et
247 5628 428 5696 Laurentino,
444 5644 513 5701 quos
532 5628 621 5700 pridie
645 5627 784 5682 omiserat.
810 5628 868 5682 De-

65 5715 135 5755 umm
145 5719 171 5756 :‹
187 5701 251 5772 Ipso
265 5699 312 5757 die
323 5700 417 5757 Rornae
432 5707 591 5758 sauctorum
604 5698 696 5756 Arccii
712 5705 739 5755 et
753 5697 865 5755 Deciani

64 5781 242 5829 chartarum.»

928 3414 989 3478 tici,
1004 3414 1090 3469 Attali
1106 3421 1132 3468 et
1147 3412 1263 3468 Eutici.»

963 3483 1431 3541 llsrnrc.Charus-Uareniana:‹
1446 3483 1556 3549 Quirini
1571 3487 1693 3558 episcopi
1705 3496 1732 3544 et

928 3557 1059 3628 martyris
1073 3554 1147 3626 apud
1160 3554 1317 3625 illyricum,
1333 3555 1367 3609 de
1377 3570 1431 3625 quo
1444 3554 1541 3609 scribit
1552 3557 1729 3627 Prudentius,

926 3627 1000 3701 quod
1015 3627 1098 3698 ligate
1113 3626 1147 3681 ad
1163 3642 1275 3680 manum
1290 3641 1357 3680 saxo
1367 3626 1527 3681 submersus
1539 3627 1576 3682 sit
1591 3653 1599 3675 »

962 3699 1134 3756 Cannenses.
1160 3705 1260 3753 saneta
1283 3698 1406 3753 blaciae«
1437 3699 1541 3766 Ruina,
1570 3708 1729 3757 sanctorum

911 3771 1009 3835 riori,
1027 3769 1119 3825 Aretis
1138 3778 1165 3824 et
1181 3768 1318 3824 Deciani.»

961 3843 1097 3898 11111111.
1114 3841 1238 3912 signatus
1252 3857 1329 3896 num.
1354 3841 1441 3899 ceta:
1459 3868 1475 3891 «
1490 3844 1594 3912 limnas,
1614 3852 1730 3900 sancto·

925 3930 986 3969 rum
1003 3913 1086 3979 Picti,
1104 3912 1197 3984 Aregii
1212 3919 1239 3967 et
1254 3912 1392 3968 Deciani.»
1711 3978 1728 3988 ..

961 3987 1130 4041 Froeenrm.
1145 4003 1150 4039 :
1163 4010 1171 4030 ι
1182 3984 1284 4049 lloniae,
1297 3993 1456 4040 sanctorum
1473 3994 1625 4057 martyrum
1641 3985 1729 4038 Aratu

926 4063 952 4111 et
966 4056 1086 4112 Datiani.
1102 4057 1171 4111 ltem
1186 4056 1274 4110 sancti
1289 4055 1410 4112 Udalrici
1425 4057 1546 4129 episcopi
1569 4065 1595 4112 et
1616 4056 1729 4111 contes-

925 4126 1025 4183 ioris.»
1048 4128 1098 4183 Est
1118 4127 1141 4182 is
1155 4127 1351 4183 celeberrimus
1375 4130 1521 4201 episcopus
1541 4132 1727 4200 Augustanus

925 4200 973 4273 qui
988 4199 1090 4255 colitur
1101 4215 1128 4254 rv
1143 4199 1220 4253 iulii.

961 4272 1147 4326 Lascutana
1166 4269 1285 4326 Ciuitate
1307 4270 1465 4338 Niveduno,
1491 4278 1650 4326 sanctorum
1671 4269 1729 4323 Zo-

925 4342 984 4408 tici,
1000 4342 1075 4397 Atali
1091 4348 1119 4395 et
1134 4341 1250 4397 Eutici.»
1272 4343 1311 4396 De
1325 4341 1426 4412 quibus
1438 4341 1495 4413 jam
1516 4342 1606 4397 toties.

957 4414 1054 4467 Eorrro
1071 4412 1301 4469 Lucane.·Cne.:·
1326 4412 1458 4468 ltlernoria
1476 4413 1598 4484 quinque
1623 4410 1728 4487 vulne-

925 4494 986 4537 t'um
1002 4481 1113 4537 Domini
1131 4481 1217 4535 rriistri
1232 4484 1296 4537 iesu
1315 4483 1457 4540 Christi.»
1491 4484 1553 4537 llas
1576 4491 1617 4536 est
1639 4494 1729 4549 prima

923 4553 1108 4613 annuntiatio,
1120 4568 1200 4622 quarn
1212 4560 1238 4606 et
1247 4551 1496 4618 habethevesus,
1509 4552 1555 4605 sed
1566 4551 1599 4604 de
1614 4566 1644 4603 ea
1655 4546 1727 4603 nibil

925 4624 1002 4679 alibi.
1019 4622 1149 4695 Sequitur
1163 4621 1196 4677 dc
1212 4622 1338 4690 Quirine,
1355 4640 1417 4678 curn
1433 4630 1580 4693 augmento
1595 4621 1628 4676 de
1642 4628 1728 4675 traus-

887 4696 1026 4754 Dlatione
1041 4693 1221 4765 reliquiarum
1241 4711 1275 4749 ex
1299 4694 1405 4756 Adone,
1428 4704 1458 4748 ut
1481 4710 1573 4765 supra.
1599 4694 1630 4749 ln
1654 4691 1725 4749 ime:

932 4769 1046 4836 «Romae,
1063 4773 1220 4822 sanctarum
1236 4766 1327 4822 Arecii
1347 4775 1373 4823 et
1388 4767 1500 4822 Deciani
1517 4774 1680 4838 martyrum.
1697 4765 1728 4819 lu

925 4839 1029 4907 Sicilia,
1041 4848 1199 4895 sanctorum
1214 4839 1391 4910 Expergenti‚
1409 4839 1541 4920 Philippi,
1557 4836 1728 4914 1111111181·
1792 4851 1796 4859 “

925 4912 1036 4975 turine,
1063 4920 1089 4966 et
1118 4910 1198 4966 Jnhae
1224 4920 1386 4983 martyrum.
1409 4912 1440 4966 ln
1465 4912 1578 4966 onitate
1604 4908 1726 4970 Sabaria,

925 4982 996 5037 beati
1030 4982 1115 5039 lluiili
1147 4980 1254 5053 [liutuli
1278 4985 1316 5037 cet
1338 4981 1458 5054 llustuli]
1493 4979 1631 5049 martyris.
1663 4991 1725 5055 curn

927 5055 1021 5109 multis
1038 5054 1110 5108 aliis.
1131 5054 1250 5110 Ciuitate
1273 5055 1429 5116 Niveduno,
1451 5059 1608 5105 sanctorum
1627 5047 1725 5126 Zotrcr,

924 5125 1010 5179 Attali
1024 5135 1050 5180 et
1066 5126 1191 5180 Euticii.»
1214 5126 1247 5181 lli
1261 5133 1395 5195 martyres
1409 5129 1540 5176 omnesct
1550 5133 1644 5172 corum
1658 5133 1725 5172 secu

924 5197 953 5250 in
970 5197 1045 5250 Actis
1060 5195 1220 5252 distinctius
1236 5202 1443 5251 enumerantur.

960 5268 1056 5321 111111.
1074 5276 1134 5338 post
1148 5275 1254 5322 textmn
1271 5286 1276 5321 :
1299 5268 1387 5320 »ltem
1405 5264 1508 5325 Rornae,
1524 5257 1611 5314 Aretii
1627 5262 1727 5316 11111-

923 5339 1004 5393 tinni.
1021 5339 1087 5392 item
1102 5339 1189 5395 sancti
1207 5336 1325 5393 Udalrici
1340 5331 1460 5404 episcopi
1479 5338 1505 5384 ct
1520 5332 1695 5388 confessoris.
1710 5358 1718 5378 »

923 5408 993 5466 tina
1007 5426 1091 5480 supra
1104 5410 1132 5464 11
1150 5412 1342 5464 Fienrnrrsrs.
1361 5402 1473 5458 Nntahis
1488 5401 1534 5458 hic
1549 5420 1564 5457 a
1584 5404 1726 5458 nonnullis

926 5481 1079 5538 Udalricum
1123 5495 1245 5551 euperem
1264 5475 1408 5544 nerninem,
1433 5475 1557 5549 eoquod
1578 5475 1725 5531 llediolani

922 5553 1038 5610 colatur.
1062 5497 1122 5609 Sed)
1138 5551 1190 5604 viri
1212 5546 1313 5602 eruditi
1329 5562 1384 5601 non
1400 5546 1485 5603 aliurn
1506 5547 1544 5604 ibi
1566 5547 1724 5604 Udalricum

922 5632 1083 5695 agnoscunt,
1100 5629 1197 5695 prater
1211 5619 1413 5689 Auyustannm.

957 5689 1718 5761 Gneisse·QuinquevulnerumChristisolenmitas»

921 5765 1028 5839 Opinor
1041 5780 1076 5820 ex
1092 5760 1240 5818 devehens
1252 5760 1473 5821 Coloniensium.
1492 5764 1546 5818 ‹ln
1562 5759 1723 5832 (1111111151-
