3840 6136
515 224 831 285 nnetl'notoontlt.
852 256 887 271 ···
906 226 1010 284 MENS.
1029 228 1110 286 DEC.

1589 228 1645 289 lte

108 346 234 434 agelium
258 346 369 402 facessit
383 348 514 428 Proculas
533 349 700 430 Narnimsis,
717 350 787 431 nulli
802 355 828 413 Α
844 351 979 409 Boionius
997 350 1049 406 hoo
1062 329 1138 407 tlie'a
1152 352 1250 407 tlolhis
1264 353 1430 407 decollatum
1446 361 1547 409 asserat
1558 356 1643 417 :unde

108 426 199 499 tttqtto
214 417 399 489 Martyrologo
414 427 549 490 eogiittus.
575 419 684 477 Proculi
709 421 789 476 mulli

108 506 158 551 ism
178 505 207 545 in
227 489 371 548 codicibus
400 490 624 562 Hieronyniianis
645 502 789 551 recurrunt

108 576 149 621 ιιι
164 559 306 625 tredecim,
324 561 363 617 sic
379 570 469 619 tamen
486 570 516 617 ut
539 560 591 622 soli
611 562 735 623 duodies
749 581 789 621 re·

108 649 143 701 ir,
162 631 265 713 quibus
284 632 417 691 Proculus
440 634 541 706 aliquis
560 636 719 696 litteraturae
733 637 790 693 tri-

115 719 215 775 uempe
229 703 275 784 dte
288 720 337 762 iiiii
352 711 379 761 et
393 720 464 764 iiiiii
487 706 601 777 Aprilis,
623 706 670 764 ubi
683 715 789 768 certum

108 775 213 837 imdetn
237 775 281 831 bis
298 776 466 845 mneigueri.
487 778 531 839 itu
550 777 651 838 ilerum
668 786 791 839 recurrat

108 862 161 909 uuit
176 863 255 919 teque
269 847 341 906 clare
357 848 512 920 perspicio;
527 866 634 916 vertitu,
645 849 698 906 nisi
709 850 790 907 velte·

108 918 200 986 isiloi,
216 919 251 976 de
264 934 319 975 uuo
334 919 430 980 eodeni
450 936 484 979 ne
497 921 595 992 igitur,
605 921 791 993 quemadmo-

108 990 183 1064 spud
197 989 324 1071 Adonem
340 1007 389 1048 xiv
402 937 543 1050 Fchrnarii
560 1008 595 1049 cx
608 1009 657 1051 iiie
671 993 787 1065 Aprilis,

108 1070 197 1123 tremo
212 1061 257 1117 dte
274 1078 324 1119 nos
336 1078 399 1117 cuin
414 1063 538 1120 Usnaido
552 1063 586 1122 de
603 1064 720 1123 Proculo
735 1065 790 1135 egi·

108 1134 149 1195 bii
164 1150 248 1205 supra
264 1133 468 1190 Heusohcuium
483 1134 638 1206 conjectare
653 1136 724 1203 ausi,
747 1136 789 1193 uti

108 1206 148 1267 do
167 1206 310 1264 audemus.
340 1205 454 1262 Interim
479 1206 610 1264 Proculus
635 1208 704 1263 elios
723 1209 789 1265 setis

108 1278 230 1339 ovinius,
247 1278 460 1344 Bononiensem,
478 1278 676 1347 veronensem,
692 1280 788 1335 Puteo·

110 1349 401 1423 Augusmdoneitsetit,
417 1358 469 1406 eto.
487 1351 517 1407 ln
532 1350 657 1407 Proculis
667 1351 789 1407 Umbriae

108 1436 168 1505 qus.
184 1421 252 1488 Quis
267 1421 304 1476 sit
319 1421 534 1480 luteratiiuettsis
556 1421 602 1479 ille
647 1422 751 1493 incapte
765 1429 789 1478 el

112 1508 144 1551 ιιι
153 1495 340 1564 manuscripto
353 1493 441 1548 sancti
451 1493 559 1565 Cyriaci
568 1509 620 1550 oou
634 1495 789 1551 userelatus

108 1580 143 1625 ns
164 1565 216 1622 sias
233 1564 358 1629 Nostin
385 1581 440 1637 qua
458 1581 523 1621 sero
550 1580 632 1623 cause
660 1566 788 1623 eumdem

845 440 909 478 vero
925 422 1088 479 hodiernum
1112 425 1292 493 presbyteratu
1318 424 1489 478 illut-trieteris
1507 428 1644 497 acceperit

843 493 983 553 Ueiiardue
994 512 1001 559 ;
1014 493 1199 550 iticerilslnia
1208 495 1339 551 videntur
1348 497 1452 550 oittttia.
1464 496 1523 550 Noti
1541 501 1642 555 tti'trttnt

843 566 1025 635 indistinete,
1038 566 1061 620 si
1071 574 1152 633 erret,
1164 568 1230 622 ditm
1242 567 1324 623 duces
1334 583 1397 622 suos
1410 568 1546 635 deserens,
1566 579 1645 627 extra

844 637 939 695 Gallias
950 646 997 692 aut
1008 638 1146 709 Hispaniae
1163 639 1265 695 limites
1279 646 1418 709 evagatur.
1426 640 1463 694 llt
1472 640 1646 712 quiscunque

844 708 996 771 hodiernus
1005 709 1140 765 Proculus
1149 711 1196 777 sit,
1207 726 1263 765 noti
1278 720 1309 766 ut
1323 717 1428 780 tnortpr
1438 719 1485 765 aut
1497 711 1643 782 episcopiis,

844 782 891 838 sed
902 789 933 837 ot
941 781 1076 851 presbyter
1089 782 1234 848 duntaxat,
1247 782 1281 836 ab
1294 782 1417 838 Usuardo
1426 782 1579 838 clarissime
1591 783 1646 839 de-

844 852 984 908 scribitur.
1000 853 1066 908 Rem
1080 869 1191 923 prorsus
1205 853 1384 925 implicarunt
1393 853 1502 909 codices
1511 855 1644 910 recentia·

844 939 898 991 res,
912 933 943 978 ut
951 923 1097 979 ostendent
1107 925 1246 985 ductans.
1258 926 1295 980 At
1303 942 1368 980 vero
1379 924 1569 997 labyrinthum
1579 942 1642 982 cou-

843 1012 933 1052 serete
949 995 1081 1051 videntur
1095 995 1295 1066 philopatrides
1310 996 1365 1063 illi,
1381 996 1512 1052 Proculus
1523 1013 1600 1068 atque
1612 1012 1644 1052 ac

844 1074 952 1123 sanctos
964 1067 1033 1123 alios
1050 1067 1149 1121 mirum
1167 1067 1196 1121 in
1209 1068 1321 1123 modurn
1336 1068 1553 1139 multiplicantes
1566 1085 1572 1127 ;
1585 1069 1645 1139 qui·

844 1138 895 1194 hus
911 1138 943 1193 td
959 1139 1113 1205 veritatem,
1126 1146 1260 1210 quantum
1272 1139 1332 1194 lieri
1343 1141 1455 1210 polerit,
1469 1138 1644 1206 rediscendis,

844 1210 980 1281 insignem
995 1209 1227 1277 dissertationem,
1245 1226 1326 1280 supra
1346 1227 1362 1265 a
1377 1211 1457 1265 nobis
1472 1226 1511 1264 vii
1526 1210 1644 1265 Novem·

843 1280 901 1337 brie
917 1281 1064 1348 laudatam,
1082 1282 1190 1352 paravit
1204 1290 1298 1336 emtor
1311 1281 1475 1351 iatiningns.
1488 1280 1554 1335 alibi
1563 1281 1646 1335 eden-

843 1353 917 1419 dam,
940 1353 1072 1425 adquam
1088 1354 1174 1408 satius
1188 1361 1230 1429 qsl
1245 1353 1359 1408 lestines
1384 1361 1535 1419 remittere,
1561 1368 1644 1432 quain

844 1424 957 1480 incertis
980 1423 1171 1496 intricatisque
1194 1423 1434 1481 observationibus
1460 1440 1505 1478 eos
1531 1422 1648 1494 fatigare

843 1495 1059 1551 diutiusvidori
1070 1496 1183 1551 iuterim
1191 1502 1306 1569 possunt
1315 1495 1484 1552 detenentia
1493 1493 1528 1549 sd
1538 1493 1644 1562 itunli,

843 1584 903 1641 pag.
920 1566 955 1623 llll
969 1575 996 1624 el
1014 1568 1057 1624 79.

719 1689 910 1752 addianis.

108 1804 186 1847 sente
216 1788 311 1845 defluit
340 1789 371 1844 in
408 1789 529 1845 secunda
556 1789 767 1848 ennuntiatione
782 1808 789 1861 3
805 1793 828 1853 D
844 1791 1035 1849 admirandam
1045 1792 1187 1864 signorum
1198 1798 1263 1847 ante
1273 1800 1391 1849 mortem
1402 1799 1429 1848 et
1443 1799 1505 1864 post
1515 1799 1644 1857 mortem,

108 1875 172 1935 pers
185 1869 260 1917 suut.

108 1933 259 1990 siin-idai.
290 1939 365 1989 caret
388 1931 510 1988 secundo
538 1941 566 1989 et
592 1932 675 1990 tertio
698 1941 791 1991 textus

108 2090 173 2133 no.
194 2075 271 2132 deest
309 2076 389 2143 rime,
412 2076 532 2132 secunda
552 2093 621 2149 pura
635 2083 685 2132 est.
699 2077 788 2134 Turn:

108 2148 204 2216 mma,
222 2092 353 2204 Candide
368 2147 517 2227 virginis)
534 2151 573 2204 De
587 2149 694 2206 Albano
706 2147 788 2204 nihil.

108 2219 174 2275 ime
189 2220 256 2275 salis
290 2237 345 2274 llrat
359 2226 434 2273 sunt.
450 2219 569 2289 Adjicit:
593 2220 789 2288 ‹Mediolanis,

108 2290 133 2346 io
151 2290 240 2371 sancti
265 2236 404 2346 hmbrosii
425 2291 546 2371 episcopi
567 2300 593 2347 at
611 2290 787 2348 confessoris.

118 2376 241 2433 episcopt
257 2362 469 2418 elconlosserts.
487 2387 495 2407 ·

108 2450 178 2497 ιιιιι.
198 2441 273 2491 cares
286 2432 394 2493 duabus
432 2432 521 2493 tiaris.
551 2434 582 2493 In
601 2434 661 2490 solo
679 2432 789 2495 Albano

108 2510 136 2561 tt.
151 2505 240 2567 Tum:
263 2527 273 2551 ι
289 2504 393 2560 Eodem
410 2450 464 2569 die,
491 2504 575 2577 Eligii
594 2504 789 2561 Noviomensis

111 2619 118 2633 .
136 2575 219 2648 Apud
238 2576 408 2642 Bitaiicium,
429 2574 616 2643 Nicomediae,
638 2576 740 2631 natalis
757 2576 785 2633 S.

108 2648 267 2775 adibimus
295 2648 322 2704 S.
343 2647 460 2704 Adriani
481 2649 621 2719 martyris.
642 2650 703 2719 Ipso
723 2647 787 2717 die,

108 2734 147 2775 au
167 2738 176 2776 i
199 2736 239 2775 t.-

108 2806 179 2859 ιιι,
194 2791 402 2860 Mae-Leone,
418 2794 603 2858 lidentonam,
619 2793 788 2846 discutiet

119 2863 218 2925 inediae
232 2870 303 2920 uotae
328 2864 414 2923 lerino
429 2879 524 2920 omnes
541 2863 657 2925 Proculo
681 2861 789 2921 addunt

128 2948 185 2991 nott
201 2935 367 3006 presbytcri,
397 2938 444 2993 sed
466 2934 603 3015 niorlgrt's.
633 2934 666 2987 Hi
694 2940 786 2989 eutem

115 3004 145 3061 iu
161 3006 215 3061 fine
230 3005 383 3075 adjiciunt:
408 3010 494 3077 ‹lpso
518 3006 573 3073 die,
596 3004 682 3060 hianti
709 3021 788 3058 ittar-

111 3074 183 3133 vide
200 3077 322 3132 Floreat.
338 3095 417 3133 xxix.
435 3080 505 3135 h'ov.

846 1863 995 1934 multiplex
1009 1880 1141 1919 numerus
1156 1864 1342 1920 commendat.
1362 1888 1372 1910 ·

881 1936 1047 1991 Devenere:
1067 1935 1203 1992 -civitate
1213 1934 1409 2002 Cenomannis,
1419 1935 1506 1990 sancti
1516 1934 1647 1990 Domnoli

846 2006 966 2080 episcopi
983 2013 1010 2061 et
1021 2007 1219 2063 contessoris.»
1239 2006 1311 2062 Vide
1326 2007 1523 2064 Castellenum.

882 2079 1057 2135 Auctarium:
1075 2103 1084 2124 ι
1100 2078 1204 2134 Eodem
1217 2077 1273 2145 die,
1286 2079 1374 2134 sancti
1392 2075 1584 2135 Constantiani
1600 2075 1645 2130 ab·

844 2150 917 2206 hatis
933 2156 959 2205 et
972 2149 1148 2217 confessoris,
1165 2149 1212 2221 qui
1228 2159 1283 2205 tres
1300 2157 1423 2205 mortuos
1436 2147 1591 2204 suscitavit.
1607 2171 1617 2194 t

880 2221 1337 2278 hlasein.·Caerus.-Utre.tieur.:
1364 2220 1484 2276 «Albani
1506 2218 1645 2289 martyriS,

844 2291 917 2363 apud
935 2293 1114 2363 Meguntiam.
1133 2291 1262 2349 Candidis
1284 2293 1402 2361 virginis
1436 2289 1595 2347 Chrisattlhi
1620 2297 1647 2343 et

844 2363 943 2418 Daritis.
956 2364 1085 2418 Arnisani
1097 2371 1124 2418 et
1133 2364 1270 2418 llaxnna.
1283 2361 1371 2417 ›l'ldo
1383 2362 1509 2417 Gaeven.
1520 2361 1560 2415 «Α
1580 2359 1647 2415 erici

844 2434 1029 2496 virdunensis
1038 2434 1170 2507 episcopi.
1182 2433 1305 2500 Natalia,
1318 2434 1414 2489 nitoris
1429 2431 1517 2491 sancti
1529 2376 1647 2485 Adriani

844 2513 916 2562 mart
938 2506 1013 2562 ris.»

879 2522 1015 2634 Vtyrtcte.
1028 2593 1093 2632 num
1105 2574 1176 2633 eale
1186 2575 1283 2648 egilde
1293 2574 1359 2631 solis
1368 2573 1460 2645 Eligio
1472 2579 1500 2629 et
1516 2571 1645 2639 Proculo,

843 2648 1038 2721 pretermissis
1052 2647 1102 2703 reli
1124 2648 1177 2703 uis.

879 2724 1067 2777 Dionaeam:
1090 2719 1208 2775 «letale
1233 2717 1318 2774 sancti
1346 2715 1440 2772 Evasit
1468 2716 1590 2796 episcopi
1619 2723 1646 2771 et
1733 2781 1738 2788 ¹

843 2794 1019 2850 confessoris.
1036 2818 1045 2839 ι
1063 2790 1133 2846 Vide
1149 2791 1301 2847 Romanuin
1313 2788 1358 2843 die
1369 2794 1505 2868 sequenti.
1517 2813 1526 2834 ι
1537 2789 1566 2842 ln
1577 2788 1646 2842 civi-

842 2872 899 2925 lale
920 2864 1035 2932 Keraia,
1059 2861 1146 2921 sancti
1169 2861 1279 2918 Proculi
1296 2867 1435 2930 martyris.
1463 2858 1541 2925 ltetn,
1558 2859 1647 2915 sancti

843 2935 930 2992 Mauri
954 2934 1093 3005 martyris.
1116 2935 1219 3000 Demea,
1243 2929 1373 2993 Candidas
1392 2929 1511 3001 virginis
1525 2937 1552 2985 et
1568 2946 1647 2987 mar-

842 3007 922 3078 tyris.
940 3007 971 3062 Iit
988 3005 1128 3061 territorio
1143 3004 1255 3059 civitate
1270 3004 1415 3069 Senatum,
1431 3002 1517 3056 sancti
1539 3000 1645 3056 desani

842 3078 983 3149 martyris.
1008 3077 1088 3147 Apud
1113 3077 1281 3140 Ravennam,
1299 3073 1385 3129 sancti
1404 3073 1477 3126 Petri
1501 3073 1645 3144 archiepi-

108 3148 264 3216 tee.·hi.ix.,
277 3149 458 3215 Uareniana,
473 3151 621 3204 {ineenset
631 3148 783 3204 Loviintee.
803 3153 824 3212 C
840 3148 916 3220 scopi
932 3157 959 3203 et
973 3146 1149 3204 contessoris.
1169 3172 1177 3191 ·
1201 3145 1272 3200 Vide
1286 3145 1332 3198 die
1347 3144 1482 3223 sequenti.

108 3216 203 3277 lictum
220 3219 255 3274 de
279 3221 406 3287 Proculo,
422 3221 451 3276 ln
470 3221 523 3275 line
547 3220 666 3275 liabent:
690 3221 785 3275 «Vir-

108 3292 207 3349 unius
218 3293 305 3348 saneti
317 3293 500 3364 Aggerioi,vel
514 3292 622 3363 ligerici
632 3291 777 3363 episcopi.»

108 3396 144 3437 te.
172 3381 309 3436 elDtrttc.
339 3380 432 3435 eadem
456 3381 567 3447 habent,
595 3379 642 3434 sed
668 3379 783 3451 primani

124 3467 183 3534 xxa·
205 3451 344 3533 Octobris.
373 3454 454 3507 Deest
479 3452 562 3506 eliani
589 3450 722 3505 Albanus.
752 3451 783 3506 ln

110 3531 178 3580 setis
190 3539 252 3595 puri
268 3530 343 3578 sunl.

108 3630 176 3679 usit.
199 3616 254 3672 inci
277 3616 298 3670 it
321 3615 355 3670 ab
377 3615 496 3679 Albano,
512 3630 588 3687 pure.
606 3613 695 3673 Tum:
719 3636 728 3658 ι
751 3613 782 3675 ln

108 3734 110 3745 .
125 3688 239 3745 civitate
252 3632 400 3753 horione,
417 3686 550 3743 transitus
570 3684 721 3764 beatissimi
736 3691 783 3739 at-

108 3758 309 3832 liseimiEligii,
321 3757 455 3813 antistitis
466 3756 593 3828 preciosi,
605 3772 684 3828 cupis
695 3757 782 3815 vitain

108 3836 154 3895 sle
168 3830 263 3887 beatus
275 3829 424 3887 audoenus
438 3830 583 3901 episcopus
596 3827 688 3884 veraci
707 3834 732 3882 st
755 3828 782 3881 lu

108 3902 256 3969 pcipitete
270 3902 405 3967 Dizatitio,
421 3900 552 3961 dormitio
568 3906 668 3963 sauctae
682 3843 781 3961 Natha-

108 3972 157 4045 ιιι,
173 3997 183 4021 i
202 3981 255 4031 etc.
272 3975 376 4033 Desunt
392 3972 508 4043 reliqua.

108 4078 196 4127 ιιιιι.
225 4061 324 4134 incipit
359 4061 392 4117 ab
407 4060 506 4185 'limam
523 4101 531 4128 ,
550 4074 638 4140 ..pure
659 4074 666 4124 ;
694 4063 779 4136 tum:

108 4127 783 4278 t,illiditiiili'ltiitllai.illiti

108 4276 315 4349 liemoyinisnts
329 4274 499 4334 commiscet.
516 4273 646 4352 Sequitur
661 4270 695 4333 de
711 4272 783 4327 nic

116 4346 250 4415 ιιιιιιιιο,
275 4348 342 4407 satis
365 4362 442 4417 pure.
465 4347 504 4401 De
528 4345 644 4410 Natalia,
661 4349 691 4403 ιι
705 4342 783 4401 Pus*

113 4418 238 4483 Deinde:
270 4443 278 4467 ι
304 4419 339 4475 Ει
367 4415 594 4475 commemoratio
623 4421 781 4473 sanctoruni

876 3222 1049 3277 bononien:
1069 3243 1078 3265 ‹
1091 3216 1220 3283 iltioni,
1236 3231 1296 3287 quae
1311 3223 1351 3269 est
1363 3214 1461 3269 civitas
1474 3213 1570 3268 Galliae
1583 3231 1643 3295 pro·

840 3291 951 3358 vincla,
968 3293 1100 3346 traiieilus
1119 3287 1191 3343 beati
1218 3286 1326 3357 Agerici
1343 3283 1508 3340 confessoris
1527 3284 1642 3353 Christi,

840 3364 886 3435 qui
901 3361 1027 3417 decimus
1040 3359 1162 3417 civitatis
1177 3357 1254 3419 illius
1264 3356 1359 3410 etlilil
1371 3355 1526 3427 episeopus,
1538 3364 1565 3410 el
1575 3356 1643 3410 adeo

840 3435 936 3488 mullis
950 3433 1040 3487 clarus
1056 3427 1207 3484 virtutibus
1220 3426 1331 3493 enituit,
1348 3433 1379 3480 ut
1393 3425 1415 3481 ei
1438 3424 1500 3495 quis
1515 3424 1644 3481 indimus

839 3504 873 3561 de
899 3520 981 3561 inanit
1000 3501 1059 3572 ejus
1084 3500 1205 3569 eulogias
1229 3497 1389 3567 susciperet,
1414 3497 1541 3567 protinus
1564 3497 1644 3551 sani-

838 3581 923 3630 tatem
940 3573 1083 3643 reciperet.
1100 3594 1109 3615 ι
1131 3570 1180 3625 Est
1194 3569 1223 3623 in
1239 3569 1373 3624 Romano.

874 3640 1171 3701 Editio-Lustco-Cot.
1188 3639 1222 3695 de
1237 3637 1414 3710 Chrysanlbo
1428 3644 1455 3692 et
1474 3636 1556 3692 Daris
1570 3637 1642 3692 sub-

839 3708 1585 3787 nectit-siequemigraverunladChristum,etnunc
1612 3724 1641 3764 er

839 3787 1047 3846 translationem
1059 3784 1093 3840 ab
1105 3784 1173 3839 urhe
1192 3784 1324 3849 Romana,
1347 3779 1514 3837 monasterie
1533 3780 1575 3850 ιιι
1609 3780 1641 3835 ite

838 3859 1038 3933 requiescunt.»
1055 3857 1086 3912 Iu
1103 3853 1233 3923 secunde,
1247 3853 1314 3909 satie
1332 3868 1400 3934 pura
1420 3859 1471 3907 est.
1488 3850 1638 3922 Sequitur:

844 3933 931 3986 illem
947 3932 1048 3997 Rome,
1073 3934 1230 3984 sanctorum
1248 3924 1349 3991 iahini,
1375 3922 1477 3989 Latini,
1493 3920 1639 4002 Superest,

833 4002 927 4069 Lucii,
950 4000 1091 4065 Candida,
1112 3998 1235 4064 Marinae,
1259 3994 1395 4051 Atnhonis
1408 4003 1434 4050 et
1450 3993 1551 4049 Philati
1567 4008 1639 4072 oon-

837 4073 1008 4129 iessorum.·
1029 4070 1132 4137 Quidni
1156 4069 1328 4137 iiiorlprisnti
1348 4063 1454 4136 ihpnd
1478 4064 1638 4119 Bizanctum

836 4145 1062 4215 civitatemque
1077 4140 1180 4196 dicitur
1194 4138 1458 4206 Cttnstaulinopolit,
1476 4137 1566 4191 natale
1577 4150 1638 4189 etu-

837 4225 887 4271 clte
902 4216 1015 4269 Natalia
1028 4211 1129 4273 iidem,
1142 4210 1322 4274 uxoris-etc.
1335 4209 1367 4262 ln
1383 4208 1483 4273 eripio,
1496 4223 1564 4276 pura
1585 4213 1636 4261 est.

837 4288 876 4341 De
900 4284 1027 4351 Proculo,
1052 4291 1198 4351 utsupra.
1223 4281 1260 4334 De
1275 4278 1400 4347 agerico,
1426 4286 1456 4330 ut
1480 4277 1636 4333 [lexovien.

843 4381 852 4403 ·
868 4354 1004 4420 Treveris,
1020 4352 1137 4408 reclusio
1152 4351 1179 4405 S.
1196 4348 1333 4403 Simeonis
1347 4347 1522 4401 confessoris.
1539 4370 1548 4391 ι

871 4428 967 4482 Datin.
980 4422 1165 4496 priinaposita
1175 4427 1215 4475 est
1226 4436 1283 4473 titis
1292 4417 1435 4473 Octobris:
1448 4416 1495 4471 hic
1505 4417 1634 4485 secunda,

108 4506 134 4553 ιι
148 4490 245 4561 pipini
256 4498 284 4547 θι
296 4489 430 4546 Mallium
445 4489 649 4558 ⁰Di⁵⁰0ll⁰s⁰¹¹⁸2
681 4500 779 4543 ullium
796 4506 983 4568 Dulottnque.
1005 4494 1108 4561 Tertia,
1129 4500 1212 4547 recte.
1236 4489 1348 4556 Quinte,
1374 4495 1404 4544 ut
1421 4503 1513 4558 supra.
1538 4489 1633 4555 Sexta,

108 4560 194 4621 adies
205 4562 259 4619 luit
270 4557 297 4616 iv
314 4561 376 4618 llal.
392 4557 559 4617 Decembris.
576 4555 657 4628 apud
696 4572 779 4627 eguit·

108 4633 428 4704 transmarinasque.»
444 4633 483 4689 De
500 4629 653 4692 t‘roouloet
663 4627 779 4699 agerico

108 4720 137 4767 es
146 4705 244 4765 mediae
258 4713 330 4765 notat
343 4720 425 4775 supra
440 4702 527 4759 citati.

108 4808 196 4850 mnu.
228 4792 262 4848 de
290 4792 465 4864 Chrysatitbo
501 4797 528 4845 et
555 4788 638 4843 Deris
665 4786 778 4858 longum

112 4865 195 4921 inodo
210 4881 260 4920 suo
272 4864 402 4929 coniecit,
418 4862 491 4934 quod
507 4861 553 4916 hio
567 4875 622 4916 uon
637 4858 714 4914 lubet
725 4857 779 4913 tls·-

120 4935 247 4992 Secundo
259 4936 319 4992 luco
329 4935 384 5006 agit
394 4933 428 4989 de
443 4933 561 4996 Natalia,
574 4947 650 5002 pure.
665 4930 734 4985 Tum
744 4929 777 4984 de

108 5014 137 5064 et
145 5007 278 5073 idatiano,
290 5014 430 5077 utcunque
447 5005 523 5058 bene.
534 5003 681 5084 Sequitur:
705 5024 713 5048 ι
726 5000 778 5056 Ci-

108 5079 220 5146 otieua,
242 5078 378 5158 depositio
398 5075 485 5131 sancti
507 5074 591 5143 Eligit
614 5072 735 5199 egissem
750 5079 777 5152 el

108 5150 153 5219 ris,
170 5152 218 5222 qui
234 5150 268 5204 ah
279 5159 391 5205 ineunte
405 5155 485 5202 telate
498 5162 513 5200 a
528 5153 632 5226 parenti
654 5160 687 5198 iis
697 5159 778 5199 auri·

108 5229 133 5291 ι,
148 5229 176 5278 et
190 5221 376 5276 nihilominus
391 5216 638 5291 propterdivinuiii
658 5214 776 5279 cultum,

108 5310 116 5350 t
144 5293 226 5349 eorde
253 5308 302 5347 sno
329 5291 420 5363 gessit,
447 5289 577 5346 fabricam
600 5300 678 5342 suain
705 5286 778 5340 rexit

108 5363 215 5439 Lmsgis]
225 5380 305 5436 quum
315 5363 483 5435 operatione.
497 5361 547 5415 Hie
558 5374 605 5430 per
612 5354 776 5412 iniracuium

108 5444 251 5501 lsteusum,
274 5436 421 5506 episcopus
445 5441 485 5489 est
509 5432 630 5486 eliecttts.
661 5426 778 5494 Quantis

108 5508 210 5564 tutibus
225 5507 336 5573 claruit,
353 5515 460 5561 nonest
476 5505 700 5581 laclleenerrare,
712 5513 776 5553 eniti

108 5578 187 5635 nibus
208 5579 302 5634 ouinia
325 5579 413 5634 iactus
426 5578 471 5632 sil.
500 5575 549 5630 llic
573 5586 704 5636 metricus,
720 5584 776 5624 nnn

108 5650 177 5707 ebat
193 5651 342 5705 Dominum
357 5667 405 5721 pro
415 5648 491 5720 plebe
502 5646 554 5700 eilii
566 5639 776 5708 cotiimissa,sed

108 5722 257 5779 Dominum
280 5721 397 5793 rogasit,
415 5730 445 5775 ut
462 5719 576 5789 dignum
603 5715 645 5795 illi
671 5720 732 5794 post
748 5727 777 5768 se

108 5810 112 5849 i
132 5792 303 5867 pontificem,
328 5802 356 5848 et
370 5791 440 5848 obiit
456 5791 485 5846 in
500 5804 573 5861 pace.
589 5787 674 5857 Cuius
688 5791 776 5840 vitam

833 4569 899 4626 salis
914 4584 991 4638 pure.
1009 4567 1096 4621 ilino:
1122 4563 1249 4618 «liudem
1264 4560 1320 4627 die,
1343 4560 1430 4614 sancti
1455 4557 1636 4637 lliurilmar-

833 4642 914 4714 tyris.
931 4640 1000 4695 Item
1013 4637 1127 4694 eititate
1143 4632 1286 4703 blesiensi,
1302 4630 1389 4687 sancti
1408 4630 1490 4700 Eligii
1512 4629 1634 4700 episcopi

833 4720 861 4770 et
875 4709 1049 4768 coiiiessoris.
1072 4709 1174 4772 Romae,
1193 4706 1282 4759 natale
1298 4710 1455 4758 sanctorum
1480 4708 1634 4771 ntarlyrum

833 4783 956 4839 Grisanti
971 4788 999 4837 et
1012 4779 1111 4843 Dariie.
1124 4778 1186 4848 Ipso
1196 4776 1251 4843 dte,
1263 4773 1350 4831 sancti
1361 4773 1454 4829 Evasii
1472 4771 1592 4847 episcopi
1606 4779 1632 4827 et

832 4852 1008 4911 confessoris.
1025 4875 1033 4897 ι
1056 4851 1087 4905 ln
1102 4849 1187 4904 altera
1201 4845 1331 4902 additur:
1356 4845 1504 4900 ‹Floriaco
1531 4860 1633 4898 insina-

832 4927 927 4992 sterio,
948 4922 1085 4994 susceptio
1109 4919 1289 4992 reliquiarum
1314 4917 1399 4973 sencti
1414 4915 1549 4973 Martialis
1568 4914 1632 4985 epi-

832 5015 879 5059 edo
900 5014 942 5055 t.t

868 5014 1003 5126 ὓριιιιιιιῑ
1027 5065 1155 5128 «Rome,
1171 5061 1269 5118 natalis
1280 5065 1438 5115 sanctorum
1455 5056 1558 5137 Jehini,
1575 5055 1632 5110 La-

834 5140 896 5207 tini,
920 5148 973 5195 eto.
996 5139 1027 5197 ln
1049 5134 1180 5205 aphilea,
1199 5132 1329 5194 lictoris,
1351 5129 1447 5197 llopati
1471 5136 1498 5183 et
1512 5128 1631 5183 aliorum

833 5228 892 5269 iiix.
905 5212 965 5292 lpse
984 5208 1039 5274 die,
1051 5214 1208 5267 saltatorum
1218 5210 1371 5272 tnatlyruiit
1383 5199 1496 5281 hnisani
1508 5207 1535 5254 el
1544 5198 1632 5254 Matti-

833 5298 883 5337 mas
898 5280 1159 5351 virginissimae
1177 5275 1323 5335 diiieatiiis,
1339 5271 1442 5327 tiolitlis
1457 5271 1631 5335 Rottianusa

832 5346 975 5409 Protbasio
998 5349 1160 5432 presbytero
1184 5345 1264 5407 iidem
1292 5343 1395 5399 Christi
1416 5341 1540 5407 edoctus,
1562 5348 1589 5395 et
1616 5356 1632 5395 a

831 5432 926 5480 sancta
940 5424 1046 5493 virgine
1057 5420 1187 5479 Martiana,
1204 5416 1236 5470 de
1252 5432 1328 5470 sacro
1346 5414 1421 5468 lente
1437 5414 1553 5476 letatus,
1568 5428 1630 5467 unm

831 5496 925 5551 eadem
934 5493 1119 5566 postmodum,
1131 5487 1320 5560 persecutione
1331 5483 1494 5563 Diocletiani
1506 5491 1533 5538 et
1544 5483 1630 5538 ilasi-

831 5567 928 5632 miani,
943 5565 978 5621 ab
992 5563 1114 5621 eaittdcm
1130 5561 1211 5619 sidem
1228 5557 1344 5623 siccisne,
1364 5554 1490 5627 ittarlyrii
1512 5557 1631 5634 politiam

831 5638 945 5708 accepit.
957 5635 1085 5700 Inllelie,
1102 5633 1130 5690 iu
1147 5629 1280 5686 sititurbio
1296 5627 1409 5686 Cassali.
1427 5626 1526 5683 natalis
1543 5634 1631 5706 saneti

831 5708 925 5764 Evasit
940 5706 1060 5778 episcopi
1077 5713 1103 5761 el
1117 5701 1247 5774 ntarlyrie
1274 5699 1403 5764 Virduiti,
1415 5699 1502 5756 sancti
1521 5697 1632 5776 Agerict

830 5778 951 5851 episcopi
973 5785 1001 5837 et
1024 5775 1200 5841 cenimsoris.
1224 5772 1279 5839 Qui
1300 5771 1425 5833 decimus
1446 5770 1489 5828 illi
1509 5769 1632 5825 ecclesiae
