3834 6136
130 182 188 243 ἥδ

667 190 988 253 Manrlnoieelttn.
1013 225 1048 237 -
1067 194 1170 256 MENS.
1191 197 1261 254 th.

1743 205 1796 268 ²26

128 312 337 385 Polychronius
350 321 377 368 et
390 329 479 368 nouus
489 313 594 383 Simon,
607 316 653 387 qui
669 334 749 373 uiiain
763 319 972 383 volunlatemA
992 323 1091 390 tertia,
1114 324 1201 379 salicti
1227 326 1357 397 martyris
1383 325 1542 399 lliacynlhi,
1558 336 1585 384 et
1599 333 1685 388 sancti
1710 343 1792 405 pain.

128 396 154 442 et
177 385 371 458 operationem
391 385 421 439 in
444 385 562 440 Hemina
584 386 646 442 Jesa
669 387 778 444 Christo
799 392 934 461 praedica-

128 457 206 513 bant,
225 483 234 504 ι
256 457 326 512 [lein
342 456 417 528 typis
433 456 596 513 mineribus.
620 483 629 504 ι
646 460 748 515 Eodem
764 462 818 525 ilie,
835 465 936 521 natalis

127 528 216 586 sancti
241 528 367 583 Sidrenii
393 528 532 598 martyris,
558 530 607 585 snb
627 532 777 588 Aureliane
800 534 933 606 principe,

128 601 208 672 cujas
234 617 337 670 cerpus
361 616 376 653 e
400 601 485 655 lloina
514 600 647 656 Messenis
669 607 811 661 transtulit
839 608 932 676 ildela,

127 690 200 727 uriir
217 671 350 726 Baldnini
367 671 416 742 pii,
439 672 549 727 comitis
572 673 716 730 lliinlria.
733 677 818 746 Prope
834 679 934 747 lhngas

128 745 156 799 in
170 743 338 810 Oosllierck,
350 743 488 814 Gutageni
499 745 672 801 confessoris.
690 772 698 793 ι
720 748 748 802 ln
764 750 934 808 editionibus

127 817 190 871 aliis
204 816 358 888 Gregorius
371 814 406 868 nd
430 815 530 870 calcein
548 816 680 885 rejicitur,
697 820 786 887 elogio
806 839 855 875 sno
871 823 933 892 pri-

128 895 220 944 uatus.
236 887 369 943 Auctaris
386 895 452 942 sunt
468 903 474 940 :
498 888 547 941 «ln
561 887 729 945 (lostkercka
743 892 830 962 burgo
846 894 933 948 Flan-

127 960 207 1024 dria,
231 959 319 1014 saneti
345 957 504 1028 Guthagcni
524 959 699 1028 corilesscris,
728 964 798 1033 regis
821 965 930 1032 Scotiie,

127 1031 176 1104 qni
191 1031 231 1087 ibi
247 1029 410 1103 peregrinus
422 1047 471 1102 pre
483 1030 595 1087 Christo
610 1033 637 1086 in
659 1049 723 1104 pace
737 1035 864 1106 quiescit.
880 1037 930 1092 Die

988 395 1131 450 Anatholii
1141 396 1260 523 episcopi
1273 396 1538 470 Constantinopolis,
1549 400 1652 457 Eodem
1664 404 1718 469 die,
1731 407 1795 464 Wis

991 466 1104 522 brindis
1119 474 1146 522 et
1171 468 1229 524 Mac
1252 470 1345 525 tundis
1372 470 1604 543 virginumque
1631 474 1658 529 in
1683 476 1793 534 Eischel

990 539 1172 610 quiescunt.»
1197 540 1248 595 Hic
1268 541 1325 612 jain
1350 542 1455 597 locatur
1478 542 1636 615 Gregorius,
1661 546 1709 601 nbi
1732 557 1794 619 post

997 635 1005 655 ι
1019 610 1150 682 episcopi,
1169 636 1177 656 ·
1200 613 1275 684 typis
1291 613 1445 670 minorihus
1460 614 1572 669 additur
1589 634 1594 671 :
1614 616 1723 684 «Quem
1738 622 1793 676 no-

990 697 1069 736 mana
1099 683 1220 738 ldcclesia
1248 692 1275 739 et
1303 686 1459 741 Graecanica
1485 695 1592 758 ponunt
1618 705 1710 744 mense
1733 691 1793 747 No-

988 753 1105 808 roniliri.
1125 755 1202 821 item,
1217 755 1289 811 beati
1307 757 1446 812 Heliodori
1462 759 1581 829 episcopi
1597 759 1758 818 Altincasis'.
1776 790 1785 811 ·

987 824 1099 879 Neratio
1112 826 1223 882 baronii
1235 828 1386 884 conterinis
1395 836 1435 885 est
1444 830 1536 884 sensui
1546 830 1792 890 GnrrrrnnVerum

987 895 1096 951 dubitat
1112 899 1284 954 Castellanus
1303 916 1338 955 aa
1364 900 1410 957 hic
1432 901 1643 958 «Heliodorus»
1667 903 1793 962 diversus

987 982 1044 1022 nen
1060 968 1096 1023 sit
1110 970 1144 1024 ab
1160 985 1192 1024 eo
1209 971 1242 1025 dc
1258 987 1318 1044 quae
1333 974 1433 1045 sapius
1454 974 1590 1043 meminit,
1607 982 1634 1031 et
1654 975 1688 1031 ad
1709 993 1790 1049 quein

988 1040 1101 1112 scripsit
1117 1041 1312 1116 Hieronymus,
1329 1051 1381 1102 etc.

845 1168 1054 1182 mffl—-—

126 1215 163 1273 ii*
176 1214 252 1271 Νοιι.

1697 1227 1750 1284 Dia
1764 1223 1790 1284 h.

159 1304 237 1359 Oscae
252 1302 404 1376 prophete.
421 1301 549 1371 Turonis,
570 1305 714 1361 translatio
725 1305 797 1363 beati
817 1307 929 1363 Martini
943 1309 1068 1383 episcopi
1096 1320 1122 1367 et
1144 1313 1322 1381 confessoris,
1338 1323 1365 1370 et
1380 1312 1518 1371 ordinatio
1533 1315 1705 1389 episcopatus
1719 1316 1789 1388 ejus.

127 1397 155 1452 ln
170 1396 277 1464 Africa,
293 1395 395 1451 natalis
406 1397 493 1452 sancti
504 1396 669 1453 Joeuniliani
688 1400 828 1472 martyris,
850 1401 879 1456 in
894 1418 968 1458 mare
993 1403 1087 1458 mersi.
1100 1405 1181 1475 Apud
1198 1405 1341 1474 Sinnium,
1358 1414 1515 1463 sanctornm
1531 1416 1685 1480 inartyrnm
1700 1409 1791 1464 lone-

124 1486 209 1541 centii
224 1495 252 1542 et
266 1485 407 1552 Sebastiae,
423 1502 485 1541 cuin
499 1486 561 1542 aliis
576 1486 702 1559 triginta.
715 1490 745 1545 ln
757 1490 896 1547 territoria
912 1490 1052 1548 Bituricae
1067 1492 1200 1562 ciuitatis,
1216 1494 1303 1551 sancti
1315 1495 1446 1551 Lauriani
1460 1496 1600 1568 martyris,
1614 1497 1693 1570 cujas
1708 1504 1791 1571 capnt

127 1575 268 1648 Hispalim
285 1576 317 1631 ad
331 1575 477 1649 Hispanias
498 1576 673 1649 deportatum
694 1587 744 1636 est.

895 1681 1013 1739 NO'l'AE.

158 1774 288 1831 Sumitur
301 1791 335 1830 cx
350 1775 471 1842 Praten.,
486 1774 636 1846 Heriai‘eii,
660 1778 930 1852 dietaerp.-illejore,
945 1780 1086 1841 Miiaeiatc
1101 1787 1128 1837 et
1144 1781 1262 1841 lllalaiio.
1279 1780 1398 1838 Puritali
1419 1780 1539 1854 proximi
1554 1789 1619 1839 suat
1635 1781 1788 1856 Antaeiqu-

126 1869 200 1924 Μαι.
217 1876 245 1923 et
260 1868 408 1924 Lcaamea.

737 1967 939 2028 laniantes
959 1967 1164 2027 LEC'HONES.

156 2061 257 2121 Nescio
271 2080 323 2120 car
344 2064 470 2122 Holanus
492 2063 656 2138 simpliciter
675 2066 777 2125 scribat
801 2070 871 2139 Osee,
895 2069 960 2131 idB
977 2066 1041 2140 Haj.
1057 2075 1084 2123 ct
1111 2067 1236 2138 Sprmiim
1251 2064 1281 2121 in
1305 2066 1441 2123 Hunerat.
1466 2067 1613 2141 scriptoria
1634 2068 1789 2143 sphalmata

125 2136 233 2209 quidem
254 2136 354 2192 mediae
376 2139 465 2193 aetatis
489 2138 631 2195 codicibus
649 2139 866 2208 concedendum,
895 2140 923 2198 iu
978 2148 1052 2197 sunt.
1070 2139 1194 2196 sebastiae
1214 2138 1317 2194 hahent
1332 2138 1440 2195 codices
1457 2141 1546 2195 nostri
1563 2157 1669 2197 omnes.
1685 2142 1787 2199 Hiram

126 2209 222 2280 quihus
246 2207 415 2279 diphthongi
438 2210 523 2264 leriae
539 2218 611 2265 note
627 2227 682 2266 non
701 2221 787 2280 sunt;
808 2223 834 2269 at
857 2229 923 2269 vcro
978 2228 1028 2269 cur
1041 2210 1075 2268 ab
1089 2210 1295 2283 antiquioribus
1312 2211 1457 2268 recesserit
1474 2211 1624 2281 Usnardus,
1642 2213 1788 2287 inquibus

125 2296 182 2335 eam
198 2281 258 2352 ipse
273 2295 320 2335 eas
335 2280 436 2350 passim
451 2282 536 2336 soleat
555 2282 708 2351 restituere,
721 2285 925 2340 nonvideocur
978 2282 1130 2339 clarissime
1148 2282 1279 2338 Sabbaliie
1293 2281 1427 2338 scribitur
1444 2301 1449 2338 :
1473 2284 1600 2340 Holanus
1614 2285 1660 2341 lon
1680 2285 1724 2341 ius
1734 2286 1788 2342 de-

128 2349 167 2406 hic
182 2351 306 2418 omittat,
321 2351 375 2406 uisi
390 2367 491 2408 nomen
503 2352 699 2409 indeclinabile
711 2363 821 2411 statuat.
839 2356 922 2414 Caie-
978 2354 1101 2420 llectens,
1117 2354 1196 2425 ponit
1213 2353 1334 2420 Sebaste,
1351 2361 1378 2410 et
1393 2355 1610 2427 antuerp-lllaj.
1629 2303 1741 2425 Seiasta
1759 2357 1787 2412 in

128 2439 181 2478 rum
201 2431 278 2478 recte
295 2424 390 2494 legunt
405 2424 513 2479 Praten.
529 2433 556 2480 et
570 2425 723 2494 llerinieni,
739 2445 807 2500 quos
823 2428 868 2482 hic
883 2443 923 2482 se·
978 2442 1033 2499 quo
1048 2424 1075 2480 di
1099 2425 1286 2495 hthongorum
1303 2424 1380 2479 nulla
1395 2424 1513 2480 habetur
1534 2427 1613 2482 ratic.
1631 2427 1706 2482 ldem
1722 2427 1786 2483 An-

127 2495 242 2566 quimar.
258 2495 425 2550 Jccandiani
439 2496 522 2551 estin
541 2497 683 2552 codicibus
698 2498 924 2570 hieronymianis
978 2506 1080 2568 tuerp.·
1111 2494 1148 2552 a'.
1165 2496 1235 2550 male
1249 2495 1343 2568 posuit
1353 2497 1387 2551 ab
1397 2497 1532 2568 Hispalim
1544 2515 1555 2564 ;
1569 2497 1704 2555 Munerat.
1719 2499 1785 2570 Hys-

128 2566 287 2622 et‘llomano
298 2583 394 2638 parvo,
409 2567 438 2622 in
451 2567 546 2624 Adone
556 2569 728 2637 discendisti,
744 2571 842 2626 Noster
852 2569 923 2625 anti·
975 2569 1063 2641 palim
1079 2575 1107 2624 et
1120 2513 1300 2640 idpspaaiaia.

127 2652 202 2708 qaam
219 2638 366 2694 lectionem
389 2639 521 2695 restituit.
547 2641 707 2711 Smpriaiam
723 2642 752 2697 iii
767 2643 924 2714 Antuerp.-

780 2764 1084 2824 OBSERVATIONES.

154 2860 231 2918 Nihil
249 2861 357 2919 hacdie
371 2861 405 2919 de
419 2879 470 2918 suo
485 2864 577 2935 posuit
591 2864 739 2932 Usnardns,
753 2867 800 2923 sed
816 2875 923 2922 teritum
979 2872 1011 2921 ut
1035 2882 1085 2937 pra
1109 2864 1249 2932 Sabbatie,
1274 2862 1455 2922 substitueret
1479 2863 1612 2933 sebastia,
1641 2866 1681 2922 sic
1707 2865 1782 2924 enim

128 2932 274 3004 integrum,
289 2942 322 2988 ut
334 2934 415 3005 jacet,
431 2952 465 2991 eii
479 2936 575 2992 Adane
587 2940 768 3010 transcripsit,
781 2940 924 2993 nonnullis
979 2944 1135 2993 constanter
1158 2935 1261 2992 hahent
1282 2935 1392 2992 codices
1409 2936 1496 2992 nostri
1513 2953 1619 3004 omues,
1635 2937 1655 2991 ii
1670 2953 1780 3010 nempe,

128 3004 188 3060 binc
204 3006 276 3061 inde
291 3006 437 3062 truncatis.
451 3007 496 3063 Sic
514 3008 544 3063 in
564 3009 624 3079 ipso
648 3010 785 3082 principio
800 3013 925 3081 Appianae
981 3008 1009 3064 in
1025 3008 1125 3080 quibus
1140 3023 1171 3062 ea
1186 3008 1361 3063 annuntiatio
1377 3024 1433 3063 non
1452 3008 1601 3065 omittitur.

128 3077 290 3148 prophetam
307 3077 380 3132 osee
392 3077 493 3134 sociam
511 3081 634 3147 sustulit,
651 3098 732 3153 quein
747 3099 782 3137 en
802 3084 924 3138 Raiiianc
1017 3082 1060 3135 An
1071 3079 1105 3134 de
1116 3079 1190 3135 hisce
1204 3079 1621 3135 Sirmiensihasetlucundiano
1632 3078 1783 3152 quidquam

127 3164 217 3275 pirro,
243 3148 439 3220 prophetarum
457 3151 663 3219 annuntiatore,
685 3154 764 3209 alteri
778 3155 923 3220 sociatum,
980 3151 1108 3223 supersit,
1126 3159 1223 3223 preter
1239 3151 1325 3206 sclam
1343 3152 1372 3206 in
1389 3151 1595 3223 Hartyrelogiis
1610 3153 1784 3221 memoriam,

149 3221 296 3275 leunensis
303 3229 453 3301 acceperat.
465 3223 569 3279 Rursus
585 3224 669 3291 iniis,
685 3241 745 3297 qne
761 3225 794 3281 de
807 3226 925 3282 liertiae
982 3222 1116 3278 hactenus
1131 3239 1173 3277 me
1189 3222 1262 3278 latet.
1278 3221 1354 3293 Ejus,

126 3293 288 3359 referuntur,
306 3293 449 3350 mutilavit
464 3295 589 3367 aliquid;
608 3313 671 3351 nam
686 3296 734 3352 uhi
750 3298 809 3354 ilde
826 3305 960 3370 praeteri}
981 3311 1045 3350 niss
1072 3311 1134 3350 cuin
1158 3293 1292 3348 Bollando
1316 3294 1360 3365 pri

126 3364 331 3421 translationem
347 3373 375 3419 et
390 3365 593 3423 ordinationem
610 3367 727 3436 addidit,
749 3375 773 3422 el
798 3369 922 3423 dealitati-
978 3366 1102 3421 Andreas
1119 3365 1156 3419 da
1175 3364 1292 3430 Chesne,
1310 3365 1411 3436 quibus
1430 3365 1533 3419 similia
1548 3365 1636 3420 edidit
1660 3364 1783 3420 Labheas

124 3433 232 3490 basilice
247 3436 343 3506 ipsias,
357 3436 429 3492 hanc
441 3447 544 3509 partein
560 3440 657 3494 Noster
673 3440 793 3507 rescidit,
813 3440 923 3496 tametsi
978 3445 1053 3492 tonia
1064 3437 1099 3498 H,
1111 3435 1245 3490 Biblioth.
1259 3453 1336 3502 mss,
1348 3452 1364 3490 a
1374 3453 1434 3516 pag.
1446 3435 1508 3490 til.
1521 3436 1615 3491 Libuit
1629 3436 1687 3516 ipsa
1701 3435 1783 3516 evol-

125 3513 146 3560 et
159 3507 198 3561 ita
214 3506 328 3578 legisset
338 3508 367 3562 in
378 3509 574 3582 Martyrolcgio
589 3510 678 3566 Beda.
691 3511 786 3566 Hediae
797 3519 868 3566 nole
879 3528 922 3567 co·
978 3524 1051 3574 rere,
1071 3507 1117 3562 sed
1132 3523 1187 3578 quo
1211 3506 1385 3562 consideravi
1400 3507 1543 3574 attentius,
1559 3524 1591 3562 co
1606 3523 1699 3563 minus
1712 3507 1782 3563 mihi

124 3576 191 3634 dices
203 3579 336 3634 enostris
345 3579 443 3652 aliqui,
453 3589 484 3637 ut
494 3581 524 3636 in
533 3584 672 3638 Auctariis
683 3583 799 3649 dicetur,
812 3583 924 3654 propria
978 3581 1085 3652 placere
1096 3579 1256 3658 fateor,·nec
1266 3577 1323 3658 scio
1332 3586 1425 3659 utrum
1435 3577 1783 3634 difficultatibusomnihus

124 3664 165 3704 sua
177 3652 347 3707 auctoritate
360 3652 484 3708 avulsam
497 3653 625 3709 laciniam
637 3653 835 3710 restituendam
847 3663 923 3726 puta·
978 3651 1043 3707 satis
1058 3667 1087 3706 se
1104 3650 1232 3721 expediat
1247 3649 1386 3715 Ccintius,
1400 3649 1435 3704 ad
1450 3665 1553 3704 annum
1567 3667 1656 3716 oxvn,
1673 3667 1689 3705 a
1703 3666 1781 3706 num.

124 3730 230 3777 rerunt.
246 3723 343 3779 litium
369 3723 403 3777 ad
429 3724 654 3796 llierenymiana,
671 3726 699 3780 in
715 3726 812 3781 Galliis
831 3735 921 3793 ancta,
979 3723 1023 3789 lli,
1037 3730 1065 3777 ut
1078 3738 1129 3777 suo
1145 3723 1205 3776 loco
1218 3721 1358 3793 copiosius
1373 3736 1554 3792 exponemus.
1572 3721 1697 3801 Interim,
1709 3720 1783 3802 qnod

123 3801 244 3862 spectare
261 3794 343 3864 possit
358 3795 490 3867 praedicta
512 3798 699 3864 annuntiatia,
720 3797 829 3854 docebit
854 3798 923 3853 Flo·
977 3794 1011 3849 ad
1025 3810 1142 3865 presens
1152 3792 1238 3864 magis
1248 3794 1357 3860 attinet,
1370 3792 1549 3860 Lauriacum,
1560 3793 1783 3865 Hieronymianis

124 3862 272 3918 rentinius.
296 3866 348 3920 Nos
368 3868 463 3922 oninia
483 3884 543 3940 quae
558 3867 592 3923 ad
608 3870 756 3925 llartinnrn
773 3869 922 3940 pertinent,
978 3882 1031 3937 apo
1041 3864 1144 3937 naphis
1155 3863 1296 3936 abjudicat
1306 3863 1664 3932 Florentinius,immerito,
1672 3871 1702 3919 ut
1713 3863 1783 3918 inihi

123 3934 154 3989 ad
171 3935 316 4006 propriam
330 3935 386 4007 ejus
401 3940 519 3995 natalem
536 3956 564 3994 xi
576 3941 740 3995 Novembris
752 3941 921 3996 dillcrenius.
978 3883 1091 4010 qaiiem
1112 3935 1235 4003 videtui,
1251 3936 1362 4009 quando
1385 3935 1413 3991 in
1429 3952 1507 3991 exem
1530 3935 1563 3991 lis
1578 3935 1660 3992 editis
1673 3951 1783 3991 meino-

122 4005 310 4062 iecuadihiaai
323 4009 510 4081 (typographi,
523 4011 631 4082 opinor,
648 4028 748 4079 errore,
766 4029 813 4083 pro
828 4013 923 4067 locuit·
978 4017 1065 4076 ratur,
1079 4007 1217 4082 quidquid
1230 4007 1343 4088 interim
1354 4008 1383 4063 in
1399 4009 1490 4089 laurea
1505 3952 1671 4089 iiscrepent.
1687 4007 1782 4095 Epter-

125 4076 205 4146 diaiii)
224 4082 350 4149 aaarlprii
368 4082 497 4136 meminit
517 4085 671 4138 Romanuin
688 4100 813 4154 parvum,
839 4084 922 4139 tacita
978 4096 1093 4136 nacense
1109 4090 1181 4136 recte
1196 4080 1297 4136 scribat
1317 4079 1450 4135 Murum
1470 4087 1608 4149 martyris,
1626 4079 1695 4134 male
1709 4083 1783 4135 bor-

125 4147 214 4205 lumel
230 4166 330 4222 genere
345 4154 484 4224 martyrii,
498 4154 638 4226 inquibus
653 4156 735 4210 cliain
752 4154 845 4212 delicit
858 4171 921 4226 apo·
976 4151 1097 4218 belense,
1124 4151 1239 4223 episcopi
1260 4157 1283 4204 el
1306 4151 1472 4231 coalesscris
1499 4150 1542 4205 Ab
1562 4151 1678 4231 episcopi
1701 4149 1783 4206 titulo

127 4222 252 4292 graphum
271 4223 521 4295 hieronymianum
533 4227 664 4295 Lucensc,
678 4228 725 4282 uhi
740 4229 829 4282 solum
845 4228 922 4298 poni·
977 4222 1138 4350 praescindit
1158 4223 1228 4288 Ado,
1246 4237 1328 4293 quem
1343 4237 1369 4276 ei
1390 4223 1488 4277 tribuit
1502 4222 1693 4292 Hagiologium
1708 4220 1783 4276 Lab-

128 4298 173 4360 tur,
195 4295 282 4349 sanati
305 4295 477 4351 decandiani.
504 4298 706 4369 Epternacense
730 4298 849 4370 prefixit
865 4317 871 4353 ;
889 4301 923 4354 la
997 4310 1108 4360 canum,
1125 4293 1249 4349 debiturn
1265 4309 1340 4361 sane,
1367 4293 1401 4360 si,
1417 4300 1449 4348 ut
1470 4290 1538 4347 Acta
1553 4294 1660 4359 volunt,
1677 4299 1783 4348 constet

131 4363 213 4431 Africa
224 4366 398 4422 docendiani.
413 4367 576 4424 Corbeiense
589 4378 680 4426 antem
691 4371 852 4426 distinctius
865 4387 921 4424 oin·
977 4367 1162 4437 Hispaleaseia
1177 4365 1326 4444 episcop-uia
1340 4363 1425 4420 luisse
1440 4383 1445 4419 :
1458 4379 1518 4444 quae
1529 4379 1611 4444 causa
1625 4362 1718 4442 luerit,
1734 4378 1784 4442 ciii

132 4434 344 4507 niaexprimens,
357 4438 424 4510 legit
436 4458 441 4494 :
455 4442 486 4495 la
498 4440 604 4509 Africa,
616 4441 787 4508 decurrebant,
799 4442 827 4495 ia
837 4443 922 4496 altura
977 4445 1004 4492 el
1017 4438 1046 4490 in
1061 4437 1146 4492 citato
1161 4436 1332 4506 llagiologi0‚
1344 4444 1427 4506 caput
1440 4435 1574 4514 Hispalim
1589 4432 1622 4488 ad
1639 4432 1783 4504 Hispanias

133 4506 192 4560 nissi
205 4515 228 4561 el
242 4511 383 4579 iiiartpiis.
394 4511 502 4579 Noster,
515 4511 608 4582 etjam
623 4513 693 4578 dixi,
706 4513 830 4568 Allonem
843 4512 921 4583 plane
977 4509 1150 4578 deportatum
1174 4506 1291 4560 dicatur.
1316 4505 1414 4560 Noster
1437 4504 1508 4584 nihil
1533 4504 1673 4585 dubitans,
1694 4518 1745 4557 nec
1767 4517 1784 4555 a

133 4587 226 4634 ecatus
243 4589 295 4646 est,
321 4581 375 4636 nisi
400 4582 473 4654 qaod
496 4583 668 4651 laceiuliaai,
686 4593 715 4639 ut
730 4583 827 4639 ductor
848 4584 922 4639 scri·
977 4578 1101 4634 ductoris
1119 4576 1244 4647 vestigiis
1270 4575 1431 4655 dedectens,
1457 4584 1539 4630 etiam
1565 4574 1611 4630 luc
1627 4571 1711 4628 verba
1734 4587 1783 4626 sua

136 4648 185 4717 psit,
197 4651 224 4706 in
234 4652 409 4720 locandum,
421 4670 483 4709 eum
494 4665 623 4721 mutasse,
635 4672 669 4710 ex
680 4655 806 4712 codicum
817 4663 921 4710 nostro·
936 4677 960 4736 D
977 4650 1071 4705 oiiinia
1083 4664 1118 4703 en
1133 4648 1192 4729 ipsc
1209 4645 1372 4729 desumpsit.
1389 4649 1428 4703 De
1449 4647 1507 4727 solo
1534 4645 1586 4701 hac
1607 4652 1678 4728 mart
1700 4661 1738 4713 re,
1756 4651 1783 4699 ct

140 4732 184 4774 nin
206 4723 332 4779 unaniini
355 4741 501 4793 consensu,
527 4727 727 4783 existimemus.
744 4728 789 4783 Sic
810 4728 837 4782 in
856 4727 920 4783 Sir·
976 4720 1190 4794 inagnihlartini
1203 4720 1383 4775 translatione
1396 4717 1639 4791 loquiturhacdie
1688 4716 1782 4775 andal-

140 4794 259 4877 uiauibas
274 4795 378 4852 diserte
392 4796 505 4868 scripsit
518 4799 578 4853 ilde
592 4800 730 4867 Sabbatie,
747 4816 781 4854 ex
797 4800 919 4855 llamano
975 4794 1081 4862 bertus,
1102 4790 1220 4865 geminis
1240 4790 1316 4847 hisce
1331 4792 1478 4850 versibus:

139 4872 214 4930 miso,
224 4883 251 4920 ιιι
268 4884 324 4938 qno
340 4874 367 4922 et
381 4870 517 4924 socierum
533 4870 645 4940 triginta
660 4887 792 4927 numerus
806 4871 917 4943 apponi·

140 4934 181 4999 tar,
198 4939 366 4995 variantibus
392 4940 483 4995 denuo
508 4942 731 5014 llierenymianis
755 4943 917 5015 apographis

140 5005 194 5072 apud
206 5009 419 5068 Florentinium.
431 5011 529 5069 Nescio
542 5014 608 5087 quid
621 5015 776 5071 Usnardnm
787 5016 914 5084 miii'erit,

853 5120 1044 5181 andraian.

164 5202 312 5269 Taurices.
336 5228 400 5270 raro
420 5213 538 5284 auctior,
554 5212 637 5272 hodie
657 5214 818 5288 superaddit
835 5234 841 5272 :
865 5219 918 5273 «ln
974 5216 1089 5290 pi.ltem
1101 5213 1271 5272 Constantia
1284 5208 1645 5286 (quidaibngustaellsancti
1659 5208 1781 5267 Odalrici

137 5279 323 5341 illtarillarensi
340 5290 519 5356 monasterio,
539 5297 636 5345 octavo
654 5288 784 5342 milliario
803 5288 837 5343 ah
853 5289 919 5343 urbe
974 5287 1104 5360 episcopi.
1126 5312 1134 5332 ι
1155 5286 1260 5343 Caetera
1275 5303 1359 5358 purus
1374 5293 1424 5341 est.
1561 5354 1566 5363 Ι

137 5347 253 5424 lenensi,
269 5357 406 5414 adrentus
422 5367 447 5413 et
462 5363 588 5432 exceptio
601 5361 723 5432 corperis
736 5360 823 5415 sancti
839 5360 918 5432 Pcly·
1009 5360 1164 5413 Puasaueu.
1182 5366 1256 5413 caret
1280 5356 1494 5413 annuntiatione
1516 5355 1615 5410 ultima
1633 5354 1667 5412 de
1686 5362 1781 5411 sancto

134 5426 191 5497 carpi
205 5429 359 5502 presbyteri
371 5439 398 5486 et
413 5433 553 5503 martyris,
570 5442 651 5503 atque
667 5431 846 5505 reliquiarum
860 5448 919 5487 san·
976 5430 1126 5485 lauriano.

132 5503 223 5576 elerum
248 5510 404 5574 martyrum
427 5503 591 5571 sebastiani,
619 5503 730 5570 Urbani,
756 5503 877 5569 Quirini.
903 5528 912 5551 ι
1009 5500 1398 5569 Αιιιιιειιι.-Μιιιι.,1ιιιιιιιο.;ι
1413 5498 1781 5580 Oseeetilggeipropheta-

132 5563 187 5626 Hinc
205 5572 367 5646 conjectura
385 5583 426 5631 est
445 5591 478 5630 eii
502 5591 533 5631 eo
556 5573 681 5632 cenubio
699 5575 774 5631 hunc
796 5574 917 5631 codicem
973 5591 1071 5630 runi.»
1094 5576 1131 5629 lle
1147 5573 1265 5628 Hartino
1293 5587 1326 5625 er
1356 5570 1453 5627 Adane
1480 5574 1590 5702 supplet
1617 5592 1623 5630 :
1651 5572 1725 5653 quod
1752 5586 1781 5625 ιιι

127 5653 255 5716 acceptum
272 5653 321 5701 aut
335 5646 506 5718 descriptum
521 5648 615 5704 luisse.
974 5645 1097 5702 Usnardo
1111 5645 1299 5724 desideratur:
1319 5644 1374 5700 «Et
1387 5644 1523 5702 dedicatio
1550 5645 1653 5704 asilicis
1666 5647 1776 5716 ipsias.»

155 5715 298 5774 Rosuera.
327 5719 432 5775 omisso
453 5719 557 5788 «Osca,
587 5721 703 5793 »incipit
733 5738 739 5776 :
776 5719 919 5775 «Turonis
973 5720 1064 5781 Deest,
1087 5716 1185 5788 «apud
1206 5716 1378 5786 Sirmium»
1400 5726 1452 5775 etc.
1739 5783 1744 5794 ,

122 5789 258 5848 translatio
271 5790 331 5848 sire
350 5790 491 5849 ordinatio
505 5792 594 5850 sancti
610 5791 721 5849 Martini
736 5791 918 5864 archiepisco·
1008 5790 1133 5846 Gnavsu.
1150 5793 1212 5862 post
1236 5787 1411 5862 secundiani,
1429 5798 1528 5866 quarte
1547 5790 1783 5849 leco-annuntia·

1386 3222 1413 3276 ui
1425 3222 1560 3295 sequitur,
1573 3224 1705 3279 lauriani
1714 3224 1784 3280 Acta

1363 3239 1425 3349 iem
1450 3295 1669 3350 communicavit
1690 3295 1725 3351 V.
1751 3293 1781 3351 C.

1034 4932 1168 4988 lauriane,
1186 4942 1257 4983 tenes
1271 4933 1424 4984 meritorum
1444 4936 1547 4985 nomiae
1565 4937 1690 4997 quartass

1033 4997 1151 5061 Ossaque
1164 4998 1268 5048 Martini
1288 4998 1390 5047 tumulo
1409 5006 1505 5047 mutata
1524 4999 1670 5046 venustant.
