3834 6136
700 188 1018 248 nauriuonoeimi.
1037 216 1069 233 ·-
1091 190 1195 248 MENS.
1218 192 1297 248 DEC.

1764 193 1817 253 83⁰

163 325 233 376 erat.
250 318 288 374 At
304 317 353 372 illa
378 316 418 370 ait
435 331 440 371 :
457 316 548 372 Vadat
560 325 650 372 tecum
662 312 737 370 tilius
750 321 866 384 noster;
884 320 912 368 et
926 315 966 371 stc
982 318 1006 377 A
1022 316 1230 387 Tusciaepassio
1249 317 1336 373 sancti
1359 317 1649 443 Gregoriiffiresbyteri
1663 328 1691 376 et
1705 328 1816 393 marty-¹

163 396 359 466 perrexerunt.
386 388 567 443 Venientibus
581 382 667 457 igitur
680 385 802 458 paganis,
836 393 894 439 ater
908 384 967 442 a'ns

162 459 312 518 abscondit
326 474 365 526 se,
382 474 452 531 puer
464 468 555 514 autem
574 459 667 513 iustus
680 456 791 512 obuiam
825 456 883 510 edit
897 456 917 511 il
931 457 965 513 ie.

161 533 219 601 Qut
234 532 387 588 dixerunt:
404 528 611 595 cucumerum
626 526 840 591 viriehristiani
852 525 908 597 jani
920 535 966 582 te-

161 618 227 661 cum
242 600 367 658 enema?
381 601 418 655 At
432 600 525 655 iustus
539 601 596 655 ait:
617 600 680 655 Scio
693 615 749 665 ecs,
770 597 817 653 sed
832 597 966 655 vobiseos

161 691 219 730 non
236 672 356 754 pandam
368 690 375 738 ;
388 680 414 726 et
429 671 522 726 statim
539 670 722 742 praeciderunt
742 676 823 739 caput
843 668 912 739 ejus,
938 677 965 725 et

159 746 301 816 accipiens
315 744 410 799 laetus
423 750 506 813 caput
517 757 597 796 suum
613 741 685 796 inter
699 756 796 795 manus
810 755 872 795 suas
886 749 912 795 et
925 758 963 796 se·

159 817 229 871 dens
253 813 355 871 orauit.
380 812 448 869 Cum
471 829 504 868 ue
526 822 601 884 pater
623 810 772 877 dubitaret,
791 810 858 881 quid
871 828 963 867 secum

158 893 264 960 ageret,
281 886 376 941 Iustus
386 884 425 939 ait
437 903 442 938 :
452 829 561 955 ίἓοιριιε
576 897 667 938 meum
678 881 788 936 Delnaci
804 882 926 952 sepelite,
936 891 963 938 et

156 963 243 1029 caput
255 971 348 1013 meum
365 955 400 1010 ad
414 955 544 1010 Feliciain
557 963 670 1009 matrem
685 967 771 1007 nieain
789 951 866 1007 lecte.
883 952 962 1020 Quod

158 1029 210 1083 illa
219 1026 331 1095 videns,
347 1027 405 1083 Deo
420 1026 520 1097 gratias
535 1026 600 1096 egit,
621 1033 648 1079 et
662 1030 739 1078 tanta
750 1023 862 1079 claritas
880 1041 962 1097 super

156 1099 275 1155 domum
293 1098 395 1155 tustini
406 1097 495 1164 fulsit,
507 1095 580 1168 quod
597 1103 708 1151 sanetus
728 1096 841 1149 Amator
857 1096 960 1166 episco-

158 1186 210 1252 pus
222 1177 358 1242 quaereret
374 1167 441 1242 qnid
453 1168 492 1223 ibi
507 1177 587 1235 esset,
602 1175 630 1222 et
645 1165 738 1222 andita
751 1164 809 1235 ejus
823 1167 959 1236 passione,

160 1241 233 1298 illud
248 1242 278 1296 iii
293 1258 343 1297 suo
356 1239 502 1321 sepulchro
526 1239 684 1310 sepelienta
707 1235 860 1293 lliclustus
870 1239 958 1307 est,ni

159 1312 254 1380 lallor,
271 1313 319 1385 qui
334 1314 438 1369 colitur
451 1325 522 1366 iiviii
536 1310 674 1366 Octobris.

194 1384 359 1446 Aumeiuer.
376 1388 441 1454 post
457 1397 513 1436 uem
524 1380 642 1435 traditur
654 1381 806 1453 interjicit:
820 1406 829 1431 s
845 1383 876 1437 ln
890 1381 958 1436 civi·

156 1461 215 1510 tate
226 1454 385 1521 Antiochia,
401 1453 488 1508 sancti
504 1451 633 1507 Basileia

194 1523 642 1582 llarmc.·Ciarus.·Uiraaiecr.:
664 1546 673 1569 ι
692 1521 852 1578 Theodosias
867 1523 957 1594 virgi-

160 1595 217 1676 nis.
231 1595 375 1652 Frontonis
389 1595 510 1667 episcopi
533 1601 560 1649 et
584 1594 759 1649 contessoris.
781 1596 883 1660 Remea,
900 1595 956 1649 tri-

201 1753 345 1794 eeremonis
359 1738 393 1812 i]
410 1739 477 1793 ltem
493 1737 610 1791 aliorum
626 1736 711 1790 trium
732 1743 912 1806 martyrum·

190 1809 222 1863 lii
235 1809 382 1878 Varium,
398 1825 474 1865 num.
487 1807 567 1875 oeta,
582 1808 657 1862 deest
670 1807 825 1862 Demetrius
837 1822 899 1862 cum
913 1822 955 1862 so·

152 1878 215 1936 ciis.
233 1879 389 1952 Adjicitur:
424 1905 433 1927 ι
448 1879 552 1934 Eodem
571 1877 626 1944 dia,
644 1878 828 1948 plurimorum
845 1886 955 1948 marty-

153 1966 227 2019 rum,
245 1977 254 1999 ·
274 1960 344 2020 etc,
362 1968 397 2006 ex
409 1952 514 2006 Adone.

188 2023 329 2080 Aureum.
344 2023 426 2078 habet
441 2029 472 2076 ut
487 2023 639 2082 nannenten
658 2036 675 2074 .:
697 2042 706 2065 .
721 2019 752 2073 ln
765 2017 880 2076 civitate
891 2024 954 2076 An-

152 2091 268 2163 tiochia,
284 2094 372 2150 saneti
392 2089 502 2148 Dasilei.
520 2116 529 2137 ι

187 2163 337 2226 emanas:
356 2166 444 2220 «item
455 2164 573 2219 aliorum
586 2176 668 2233 qnam
690 2161 876 2228 lurimornm,»
885 2171 949 2230 etc,

152 2233 237 2290 etiam
248 2248 283 2291 ex
298 2236 407 2293 Adone.
428 2236 529 2301 «ltem,
546 2240 646 2288 sancta
662 2176 822 2288 luccensis
833 2232 950 2303 virginis

150 2309 177 2357 et
190 2309 330 2379 martyris.
343 2309 373 2362 ln
384 2307 498 2363 civitate
511 2305 598 2372 Ostia,
611 2303 697 2358 sancti
709 2303 836 2358 Flauiani
848 2312 949 2384 marty-

151 2374 257 2443 ris,snb
272 2379 382 2434 Iuliano
393 2386 515 2450 apostata
530 2377 704 2447 imperatore.
720 2398 729 2419 »
749 2374 856 2430 Positus
870 2383 949 2429 estin

150 2445 349 2522 llariyrotogio
365 2452 498 2507 Romano.
972 2489 977 2496 ,

186 2519 464 2577 Densus.SS.Tim.et
482 2520 574 2591 Apoll.
599 2520 647 2574 «ln
663 2517 795 2573 suburbio
811 2515 946 2584 ilamensi,

150 2594 241 2648 natale
260 2593 348 2650 sancti
360 2591 453 2648 lorini
468 2591 667 2648 confessoris·

187 2665 283 2721 Editio
301 2663 489 2722 huenen-Coi.
507 2678 513 2716 :
533 2661 638 2734 «Apud
653 2659 947 2735 Spoletumeivitatem

1022 389 1070 455 ris,
1084 387 1254 456 temporibus
1266 388 1430 444 Diocletiani
1446 396 1473 442 et
1514 389 1648 443 eximiani
1662 391 1700 444 im
1721 401 1814 448 erato-

1022 476 1093 516 rnm.
1109 458 1162 526 Qui
1177 459 1330 530 primo,sub
1344 460 1443 516 Flacco
1457 459 1558 515 comite
1571 460 1683 515 nodosis
1695 408 1814 519 llistibua

1020 546 1116 596 casus,
1131 545 1164 586 ac
1178 530 1349 602 deindepost
1363 529 1524 586 craticulam
1538 536 1565 584 et
1574 546 1719 596 carcerem,
1734 533 1813 589 chor·

1019 601 1063 656 dis
1078 601 1173 657 lerrais
1194 601 1223 657 in
1243 601 1358 671 genibus
1381 617 1535 673 percussus,
1550 601 1598 657 sed
1614 610 1641 657 et
1653 601 1813 660 ardentibus

1019 672 1192 745 lampadibus
1242 689 1255 727 r
1269 674 1354 728 latera
1368 673 1506 738 incensus,
1522 679 1548 728 et
1561 688 1624 728 euni
1636 671 1694 744 jam
1708 689 1724 728 a
1739 673 1814 745 Tyr-

1018 759 1087 799 cano
1119 745 1234 816 praesie
1262 743 1374 814 capitali
1396 743 1532 800 sententia
1561 742 1707 800 damnatus
1732 751 1812 813 esset,

1017 814 1126 894 audivit
1135 831 1230 871 vocem
1244 813 1278 870 ile
1290 816 1360 871 cmlo
1371 813 1508 870 dicentem
1519 814 1572 871 sibi
1584 832 1590 868 :
1603 814 1811 885 Eece,Gregori,

1015 901 1072 956 jam
1087 893 1235 943 coronatus
1249 901 1287 949 es,
1301 895 1328 942 et
1343 886 1371 941 iii
1388 902 1502 941 numero
1515 893 1672 941 sanctorum
1688 901 1812 943 meorum

1017 955 1170 1028 ascriptus:
1188 957 1329 1038 ingredere
1344 973 1407 1027 ergo
1421 956 1455 1012 ad
1470 955 1673 1024 me,benedicte
1687 956 1810 1025 Domini,

1016 1028 1081 1099 quia
1095 1044 1155 1084 mea
1165 1027 1300 1084 habitatio
1311 1035 1460 1099 preparata
1472 1027 1585 1084 esttibi.
1604 1027 1702 1082 Adbuc
1714 1028 1811 1097 angelo

1016 1099 1155 1179 loquente,
1172 1099 1206 1155 ab
1217 1100 1352 1171 Aquilino
1367 1099 1486 1170 spatario
1496 1099 1585 1169 capite
1602 1106 1744 1154 truncatus
1757 1105 1809 1164 est;

1014 1185 1093 1241 cnjus
1109 1187 1208 1243 corpus
1221 1170 1368 1242 requiescit
1379 1185 1452 1226 nunc
1466 1170 1588 1227 Coloniae
1601 1169 1769 1293 Agripffinae’
1781 1169 1810 1222 in

1014 1241 1234 1313 eeclesiamajoii
1245 1257 1292 1312 per
1306 1241 1542 1307 translationem,a
1554 1239 1671 1296 Domino
1703 1254 1810 1294 runone

1014 1311 1221 1369 Colonienaium
1231 1311 1400 1384 archiepisco
1442 1312 1564 1368 laetam·
1583 1310 1653 1366 Vide
1664 1309 1747 1365 etiam
1755 1310 1809 1363 An-

1012 1384 1097 1438 ctaria
1111 1382 1167 1438 diei
1185 1385 1333 1455 sequentis.
1346 1386 1376 1439 ln
1419 1383 1519 1439 suardo
1534 1381 1646 1454 ponitur
1661 1395 1739 1436 xxiv.
1756 1381 1809 1435 Se-

1011 1463 1134 1579 quuntur
1144 1456 1234 1526 prima
1252 1463 1278 1509 et
1285 1454 1414 1520 secunda,
1426 1455 1491 1509 satis
1498 1469 1586 1525 puras:
1605 1451 1705 1507 deiude
1721 1451 1808 1506 multa

1030 1540 1044 1580 e
1073 1526 1250 1582 Chaeremone
1266 1533 1293 1580 et
1317 1526 1467 1597 AEgyptiis,
1493 1533 1629 1595 utsupra.
1643 1524 1760 1579 Domum
1774 1520 1808 1578 da

1011 1596 1194 1664 Ostiensibus,
1210 1605 1293 1652 recte.

156 1675 239 1795 ὃξιιι
250 1665 538 1749 martyrumsserionis
549 1665 679 1736 martyris
695 1663 704 1736 j
719 1681 755 1719 uu
768 1681 821 1718 nou
831 1663 953 1733 fortusse,
971 1672 993 1732 Β
1045 1668 1182 1723 (laevemz
1199 1692 1208 1716 ι
1220 1670 1339 1740 inportu
1351 1669 1485 1734 Romano,
1497 1667 1692 1724 nataliesancti
1702 1664 1807 1720 Aristo-

1010 1737 1061 1792 nii.
1078 1740 1112 1793 lit
1125 1740 1262 1810 depositio
1271 1739 1359 1794 sancti
1376 1740 1475 1794 Felicis
1489 1739 1660 1811 episcopiilt
1669 1735 1806 1808 depositio

1010 1807 1080 1863 beati
1093 1809 1216 1880 Gregorii
1229 1809 1368 1882 Spoletini
1379 1811 1532 1880 presbyteri
1543 1818 1570 1865 et
1582 1810 1721 1880 martyris,
1733 1805 1805 1878 apud

1009 1877 1153 1935 Coloniam
1162 1882 1341 1953 Agrippinam
1352 1881 1380 1935 in
1394 1880 1490 1951 majori
1500 1881 1615 1936 ecclesia
1627 1878 1803 1952 quiescentis.

1009 1951 1148 2006 Usuardus
1174 1959 1265 2006 tamen
1292 1960 1319 2006 et
1347 1951 1408 2007 Ado
1432 1952 1609 2007 habenteum
1624 1968 1654 2005 ix
1668 1949 1805 2005 Kalendas

1007 2020 1139 2076 ianuarii.
1158 2023 1218 2093 lpso
1232 2023 1287 2090 die,
1312 2023 1402 2094 passio
1426 2029 1584 2077 sanctorum
1604 2019 1762 2076 Theodosia
1778 2024 1806 2072 et

1007 2092 1122 2147 Dimidii
1138 2108 1186 2147 seu
1201 2092 1315 2148 Didimi.
1326 2094 1394 2148 ltem
1405 2091 1555 2148 secundum
1568 2093 1704 2158 Adonem,
1719 2088 1804 2160 pluri·

1007 2178 1115 2217 morum
1131 2165 1350 2236 martyrnni,qui
1360 2164 1390 2217 in
1407 2163 1523 2219 desertis
1537 2171 1564 2218 et
1582 2162 1723 2218 montibus
1731 2158 1804 2230 apud

1005 2234 1144 2313 Egyptum
1163 2234 1349 2299 oberrantes»
1367 2234 1494 2290 etc.Vide
1507 2235 1628 2289 Adonem
1646 2234 1746 2303 ipsum.
1759 2230 1803 2286 Se·
1899 2229 1908 2251 ¹

1005 2313 1100 2375 quitur
1117 2323 1122 2359 :
1147 2327 1156 2351 i
1177 2304 1335 2360 Ethernasii
1351 2304 1525 2360 confessoris.
1542 2304 1702 2359 Theodosias
1719 2300 1802 2370 virgi·

1004 2375 1056 2430 nis.
1076 2377 1153 2442 item,
1170 2383 1271 2430 sancte
1290 2375 1520 2430 niemcriaeluttae
1536 2376 1680 2429 inclusae.»

1039 2447 1147 2500 Moneri.
1173 2446 1202 2500 iu
1229 2448 1327 2516 prima,
1355 2462 1386 2501 ac
1411 2447 1440 2500 in
1464 2446 1526 2499 aliis
1541 2443 1710 2500 editionibus
1724 2439 1800 2495 aliud

1002 2527 1178 2588 augmentum
1208 2516 1368 2584 nonhabet,
1389 2523 1487 2587 praeter
1501 2532 1571 2587 saepe
1589 2516 1704 2570 citatum
1721 2512 1800 2566 Ado-

1002 2588 1045 2643 nis
1072 2588 1220 2644 articulnm
1243 2590 1277 2642 de
1297 2596 1368 2643 mart
1390 2587 1467 2642 ribus
1481 2585 1693 2660 quamplurimis
1709 2583 1800 2652 AEgy-

1002 2658 1076 2730 pilis,
1093 2667 1157 2727 etc,
1173 2654 1319 2732 dequibus
1333 2604 1397 2714 vide
1416 2673 1506 2729 supra.

872 2814 1072 2824 ——ae-

146 2874 173 2930 X
189 2874 257 2929 isat.

180 2961 265 3032 Apud
284 2957 482 3028 Nicomediam,
502 2966 661 3014 sanctorum
685 2965 841 3029 martyrum
869 2956 980 3028 viginti,

1604 2872 1606 2877 ’
1690 2862 1741 2918 Die
1754 2860 1799 2918 23.

1006 2974 1074 3029 qnos
1102 2956 1275 3012 Diocletiana
1307 2955 1462 3029 persecutio
1479 2952 1649 3027 gravissimis
1663 2951 1801 3008 cruciatos

145 3049 309 3114 tormentis,
334 3053 469 3118 martyres
490 3047 598 3104 Christo
624 3047 700 3115 iecit,
716 3053 742 3101 et
758 3045 851 3101 beatos
866 3053 1022 3101 sanctorum
1039 3061 1154 3101 numero
1168 3045 1198 3100 in
1212 3043 1290 3101 cuelin
1304 3043 1568 3115 conjunxitllomae,
1585 3041 1685 3096 natalis
1699 3047 1799 3096 sancte

144 3134 285 3194 Victoriae
296 3135 421 3207 virginis,
438 3135 488 3193 sub
502 3137 693 3209 persecutione
708 3134 785 3192 Decii
801 3134 987 3207 imperatoris,
1003 3152 1063 3210 quae
1079 3152 1142 3193 eum
1158 3145 1227 3191 esset
1241 3135 1404 3206 desponsata
1418 3150 1433 3188 a
1449 3132 1568 3204 quodam
1583 3145 1698 3202 pagano,
1708 3136 1736 3183 et
1749 3145 1799 3184 nec

141 3229 251 3284 nubere
267 3228 359 3297 vellet,
375 3243 424 3285 neo
445 3228 608 3298 sacrificare,
640 3235 701 3300 post
717 3228 807 3283 multa
822 3226 893 3283 lacta
908 3227 1052 3294 miracula,
1070 3227 1141 3281 iuter
1156 3242 1216 3297 quae
1230 3223 1364 3296 plurimas
1380 3222 1501 3294 virgines
1515 3227 1716 3294 aggregaverat,
1731 3233 1798 3290 per-

140 3334 223 3375 cussa
235 3326 277 3374 est
294 3317 385 3391 gladio
408 3319 437 3373 in
461 3319 544 3375 corde
559 3335 575 3375 a
590 3318 731 3384 carnifice,
743 3325 840 3387 rogatu
855 3317 897 3370 sui
913 3315 1017 3388 sponsi.
1032 3317 1100 3372 ltem
1113 3316 1216 3383 Romae,
1229 3313 1316 3370 sancti
1329 3312 1447 3380 Servuli,
1464 3312 1498 3368 de
1513 3327 1567 3384 quo
1581 3310 1675 3365 beatus
1690 3307 1797 3379 Grego-

141 3407 201 3464 rius
214 3407 311 3464 scribit
336 3407 400 3480 qnia
422 3425 438 3463 a
463 3409 595 3479 primaeva
624 3414 704 3462 aetate
725 3403 861 3477 usquead
877 3404 962 3459 linem
983 3404 1047 3459 vitai
1062 3403 1223 3476 paraliticus
1234 3397 1362 3474 jacebat3
1378 3401 1412 3457 ad
1427 3399 1505 3471 cnjus
1519 3397 1643 3480 tumbam
1663 3395 1797 3451 miracula

141 3496 307 3558 ereberrime
320 3499 401 3557 liunt.
411 3500 542 3568 Parisios,
551 3495 690 3557 dedicatio
704 3497 829 3555 basilica
838 3497 869 3554 in
883 3495 988 3552 bonore
998 3497 1098 3548 sancte
1112 3490 1203 3548 crucis
1218 3497 1245 3545 et
1254 3489 1343 3546 sancti
1360 3487 1501 3548 Vincentii
1513 3484 1653 3558 martyris,
1670 3488 1697 3539 et
1714 3481 1795 3556 depo·

141 3588 330 3647 iitioDomiiii
344 3587 613 3659 childebertiregis.
1029 3580 1034 3592 '

908 3707 1026 3768 NOTAE.

175 3808 262 3867 Poros
280 3821 379 3868 censeo
396 3812 469 3867 solos
484 3819 602 3884 quatuor
618 3813 740 3881 Pruna,
757 3814 907 3883 Heriuieu,
923 3807 1137 3883 Aetnam-hlei.
1153 3816 1181 3866 et
1193 3807 1302 3862 dumea.

748 3955 949 4013 VARIANTES
977 3949 1183 4012 anemonas,

172 4067 277 4126 Omnes
303 4071 398 4140 legunt
424 4069 510 4124 beans
533 4075 685 4125 sumturum
707 4086 827 4140 sumere,
849 4080 880 4127 nt
894 4080 934 4127 est
948 4073 970 4133 c
986 4087 1035 4145 pro
1067 4069 1112 4124 uic
1130 4084 1147 4122 e
1164 4067 1309 4138 primaeuo,
1336 4067 1420 4137 paulo
1440 4063 1539 4119 melius
1553 4060 1674 4118 correxit
1689 4057 1791 4116 hlolan.

136 4140 220 4195 etiain
235 4140 266 4196 iii
280 4140 394 4207 Adune;
408 4141 477 4195 lorte
491 4140 607 4196 nitidius
620 4141 700 4197 habet
711 4142 932 4215 Antuerp.-hlaj,
987 4086 1090 4213 quoda
1103 4138 1245 4210 primiano.
1263 4137 1371 4208 lleliqui
1387 4137 1420 4214 in
1431 4141 1515 4214 teiitu¹
1525 4134 1658 4215 articulos
1669 4131 1738 4212 duos
1751 4129 1792 4185 ul·

135 4209 503 4277 bentnmaclcrumiiumero,
520 4211 809 4270 sednonUsuariline.
825 4214 933 4270 Greven
989 4213 1085 4275 timos,
1116 4209 1163 4263 uia
1178 4224 1225 4263 eos
1241 4208 1270 4261 iii
1291 4207 1436 4278 praecipuis
1455 4203 1598 4259 codicibus
1612 4217 1729 4273 reperio,
1746 4207 1793 4255 ta—

134 4288 163 4336 et
177 4281 266 4353 aliqui
278 4282 326 4338 alii
342 4292 457 4362 ponunt,
475 4290 604 4353 martyres
621 4283 721 4339 Christi
736 4283 797 4354 jecit
814 4303 819 4340 :
838 4285 933 4356 praele·
989 4281 1071 4337 metsi
1086 4225 1120 4335 aq
1134 4285 1255 4358 sanctos¹
1266 4292 1321 4331 non
1341 4282 1473 4401 qqectent,
1491 4286 1544 4352 qua
1565 4288 1647 4327 causa
1668 4272 1792 4350 suspicor

135 4351 373 4409 rendaestlectm
393 4361 484 4408 nostra
507 4352 657 4410 Aconteus
684 4354 845 4411 conformis.
870 4355 934 4410 Aii-
988 4351 1173 4408 aiionnullis
1195 4348 1321 4405 codicum
1367 4343 1565 4416 escriptoribus
1593 4348 1792 4414 praetermissos

134 4423 306 4495 mern-blm.
327 4425 448 4481 Victoria
462 4441 562 4480 nomen
578 4427 775 4482 transmutavit
794 4427 825 4482 in
843 4427 933 4484 Victo·
988 4423 1091 4488 inisse;
1109 4420 1143 4476 ab
1157 4419 1222 4476 aliis
1236 4416 1412 4491 postmodum
1428 4414 1581 4480 restitutos,
1596 4419 1627 4469 ut
1640 4427 1675 4466 eii
1690 4412 1791 4465 Aucta·

133 4492 228 4548 mnia:
249 4501 277 4550 et
290 4511 340 4567 pro
358 4496 473 4566 uirginea
491 4513 508 4551 a
525 4497 801 4579 preponeret,scripsit
819 4497 933 4567 nirpiues
988 4494 1038 4550 riis
1052 4491 1134 4550 facile
1148 4489 1272 4561 colliges.

134 4571 300 4636 aggregatos.
316 4567 376 4623 llcn
395 4573 467 4623 reete
479 4514 561 4623 bilici
575 4567 694 4624 Greven.
707 4585 753 4639 qus
762 4586 780 4624 a
790 4569 932 4640 primaeua,

817 4710 1111 4770 OBSERVATIDNES

985 4834 1135 4910 martyrum
1150 4841 1229 4882 xxxv
1243 4843 1250 4892 ;
1267 4823 1315 4879 nbi
1330 4822 1579 4888 Rabanna,servato
1593 4817 1651 4900 hoc·
1661 4833 1788 4899 numero,
1855 4853 1862 4870 ,

985 4900 1015 4954 iu
1029 4898 1181 4957 Nicomedia
1197 4893 1404 4952 restituitvide
1421 4892 1455 4948 de
1470 4891 1515 4946 his
1528 4891 1746 4955 Florentinium,
1762 4896 1789 4942 et

129 4962 492 5045 mediu,auhtlissuactcrum
506 4966 594 5022 cexir
608 4975 758 5049 martyrum
769 4971 931 5042 simulque·
986 4987 1049 5027 cuni
1077 4986 1121 5039 eo,
1143 4970 1167 5025 si
1189 4969 1274 5035 lubet,
1292 4967 1405 5032 iubare,
1422 4959 1788 5040 tcmiullartyrolopinllo·

128 5042 192 5115 ram
201 5035 460 5113 nnmiuchmiuus
475 5039 531 5091 seit.
544 5036 707 5094 Communis
721 5041 815 5111 opinio
830 5043 930 5108 est,in·
985 5059 1078 5110 muno,
1094 5057 1175 5111 quum
1196 5039 1327 5105 Usuurdo,
1343 5036 1444 5101 Adnue,
1461 5041 1486 5088 et
1506 5034 1571 5088 attia
1589 5027 1789 5110 recentioribus,

127 5105 235 5182 sinuati
247 5102 297 5185 liic
315 5107 543 5162 immanissimam
555 5111 772 5181 persecutionem
786 5128 802 5166 a
817 5113 932 5169 Diocle·
987 5112 1196 5169 Nieuinedieuaes
1219 5111 1315 5182 ignotis
1329 5107 1479 5162 homiuibus
1496 5109 1627 5183 martyres
1646 5099 1682 5180 nd
1695 5104 1788 5168 capiuli

127 5181 207 5232 bano
219 5175 389 5232 Nicomedia
411 5177 527 5233 barbaro
542 5180 634 5235 lurore
650 5181 817 5250 inchoatam,
830 5183 863 5238 de
897 5200 932 5239 na
988 5190 1089 5238 tautum
1101 5182 1352 5236 scanderentur
1362 5179 1478 5233 fortasse
1488 5174 1680 5229 admirationis
1693 5183 1786 5249 causa,
1872 5238 1876 5245 Ι

127 5253 184 5300 tion
195 5248 280 5326 semel
289 5246 355 5301 alibi
365 5247 449 5303 locuti
460 5199 927 5324 sumuspraeserumxxviinprtlts.
944 5255 968 5313 D
983 5254 1005 5309 si
1016 5252 1175 5309 memineris
1185 5258 1319 5322 martyres
1329 5248 1393 5304 illos
1403 5259 1507 5311 omnes,
1514 5244 1568 5325 sub
1579 5256 1633 5321 una
1642 5239 1787 5321 celebrita-

126 5314 188 5382 Qua
202 5333 347 5384 nimirum,
362 5326 430 5374 teste
445 5320 575 5388 Eusebio,
591 5324 680 5394 iuqeus
697 5340 848 5394 maripruui
861 5325 928 5379 mul·
984 5332 1081 5380 tecum
1090 5320 1417 5387 Anthimoracoli‚citata
1430 5329 1555 5387 superius
1565 5313 1609 5368 die
1620 5311 1786 5381 xxviiApri·

125 5387 225 5454 titudo,
241 5388 385 5444 occasione
397 5390 503 5445 incensi
520 5392 626 5463 palatii,
640 5393 715 5449 omni
727 5401 929 5451 tormentorum
984 5395 1029 5451 lis.
1043 5395 1155 5450 Frustra
1181 5408 1285 5463 quaeres
1316 5406 1365 5445 cur
1388 5389 1433 5442 hic
1448 5384 1550 5456 viginti
1567 5388 1735 5454 repetantur.
1754 5381 1785 5437 ld

123 5472 226 5530 genere
240 5467 402 5540 consumpta
417 5468 466 5516 est.
489 5462 524 5517 At
540 5480 594 5518 nnn
606 5463 755 5536 videoquis
773 5465 818 5521 hic
834 5481 927 5520 nume·
983 5465 1080 5521 videor
1099 5463 1164 5519 satis
1179 5470 1254 5519 certo
1271 5476 1347 5534 posse
1362 5457 1508 5536 conjicere,
1536 5468 1682 5536 numerum
1704 5453 1783 5534 illum

123 5544 172 5584 rus
187 5529 367 5584 determinari
394 5533 513 5602 potuerit
526 5552 532 5600 ;
549 5534 622 5590 unde
637 5536 752 5590 fortasse
765 5536 877 5603 accidit,
896 5545 927 5593 ut
983 5536 1160 5602 hodiernum,
1172 5533 1206 5588 ab
1218 5540 1329 5588 auctore
1342 5531 1458 5586 lioniani
1471 5542 1547 5597 parvi
1560 5542 1609 5596 pro
1621 5523 1785 5579 meioltbttu

123 5598 155 5681 in
170 5615 204 5654 eo
219 5600 927 5680 plancuarientHieronymianaapographaEtenim

124 5670 313 5752 inBlnmiano
322 5673 444 5728 solorum
452 5691 508 5730 iiix
519 5685 671 5750 martyrum
683 5677 924 5750 memoriaagitnr:

123 5754 154 5797 in
165 5746 455 5801 vetustissimoautem
468 5745 584 5803 habetur
597 5766 602 5804 :
624 5750 656 5803 la
669 5747 925 5817 Antiochic,uututis

147 4888 153 4900 ⁵
167 4816 264 4878 Codex
270 4821 716 4898 Hieronymianushucensisapud
727 4828 931 4884 Florentininm

130 4898 171 4948 sic
190 4891 276 4946 hodie
285 4891 441 4949 indiculum
456 4910 536 4950 snum
550 4896 669 4969 incipit:
688 4900 834 4956 incivitate
849 4901 928 4956 Nico·

982 5615 1155 5664 contractum
1172 5602 1333 5660 inisseAdo
1348 5600 1382 5655 de
1394 5613 1468 5653 more
1481 5597 1602 5724 eloqinm
1617 5595 1784 5666 composuit,

981 5694 997 5734 a
1011 5679 1111 5734 Nostro
1120 5676 1154 5732 ad
1164 5675 1279 5731 verbum
1290 5671 1458 5742 descriptum
1472 5687 1477 5724 :
1494 5684 1522 5724 se
1555 5670 1608 5723 hec
1618 5666 1783 5721 istiusmodi

980 5755 1032 5819 est,
1048 5756 1149 5804 utnon
1175 5746 1262 5819 magis
1276 5743 1311 5800 ed
1327 5742 1439 5798 ederam
1456 5740 1535 5796 illam
1548 5737 1715 5796 Diocletiani
1735 5752 1785 5791 ra-
