3834 6136
133 162 184 221 775

781 156 933 213 USUARDI
951 154 1113 213 MONACHI

1741 154 1793 211 776

166 287 292 341 Genius.
307 301 313 339 z
328 282 462 338 «Nomina
471 280 557 337 trium
570 288 734 353 martyrum,
745 281 817 353 apud
830 280 930 353 Aphri-
944 293 971 351 Α
1021 281 1130 339 Maian.
1146 280 1176 336 in
1186 280 1276 352 prima
1286 277 1407 336 editione
1416 278 1517 335 litteris
1527 276 1688 335 minorihus
1700 278 1792 336 solum

131 374 191 413 cam
206 373 269 411 cuin
284 372 316 409 su
338 371 366 409 ra
380 354 531 409 nominatis
547 369 698 425 passorum,
722 361 787 408 sunt
805 353 928 420 Servius,
985 351 1096 424 adjicit:
1120 353 1243 408 ‹Asellae
1258 351 1386 422 virginis,
1403 351 1430 406 in
1447 358 1525 406 utero
1542 349 1649 416 matris,
1666 357 1700 404 ut
1710 357 1792 406 testa-

132 428 242 484 Vietriii
261 434 287 480 et
333 425 452 497 aj0ricus
467 425 635 492 adolescens,
651 425 697 496 qui
713 426 841 496 exemplo
855 425 930 479 alio-

131 516 205 566 rum,
220 497 384 552 matrissuae
403 496 534 553 Dionisiae
553 495 794 551 exhortationibus
818 496 931 551 robora·

131 577 186 637 tus,
207 569 258 624 sub
273 568 411 624 liunerico
434 584 505 639 rege,
529 567 557 621 in
576 567 727 622 certamine
750 566 932 623 confessionis

131 639 254 696 reddidit
268 640 406 711 spiritum.
423 640 491 695 ltem
509 637 641 766 Aphriea,
657 645 814 693 sanctorum
831 639 930 705 Zeloti,

131 711 285 779 Fortunati,
311 711 490 792 Hermogenis
552 709 636 780 ogati,
655 709 772 780 Theguli
794 717 821 765 et
838 710 931 780 Agatae

131 783 279 854 virginis·
296 783 335 837 Dc
345 782 389 837 his
399 754 519 837 videnda
536 789 600 836 sunt
613 797 665 853 apo
683 781 768 852 rapha
797 781 931 852 Hierony·

131 855 234 909 miana.
247 854 355 924 Pergit:
375 854 498 920 «Rome,
510 851 583 907 beati
597 797 704 907 Nicoiai
720 867 794 924 papae
807 861 834 907 et
859 868 932 907 con-

131 925 252 992 fessoris,
265 924 300 979 de
316 941 371 997 quo
386 925 521 980 Martinus
539 923 568 977 in
583 922 721 980 Chronica
735 940 784 978 sua
803 930 929 991 testatur,

131 997 203 1069 quod
220 997 303 1052 inerit
318 1005 378 1068 post
393 1012 522 1068 magnum
544 993 707 1065 Gregorium
730 994 774 1049 vir
791 995 932 1049 sanctissi-

131 1085 202 1122 mus.
230 1069 328 1123 (tzellae
358 1067 484 1138 virginis.
515 1091 524 1114 ι
564 1066 623 1120 lam
655 1065 715 1120 dixi
753 1065 930 1120 scribendum

131 1139 236 1194 Asetta.
264 1137 334 1193 Vide
356 1138 584 1210 Martyrologium
611 1137 766 1193 Romanum
780 1144 807 1192 et
821 1135 931 1193 Castel-

987 433 1033 479 tur
1045 425 1241 495 Hieronymus,
1253 422 1437 478 benedictae»
1459 424 1498 478 De
1513 437 1546 477 ea
1560 420 1636 476 nihil
1655 420 1686 475 in
1694 422 1790 478 editio

985 495 1067 551 nibus
1082 495 1290 569 posterioribus,
1307 495 1336 549 iii
1353 493 1454 566 quibus
1468 492 1584 565 legitur:
1608 493 1787 564 «Marcianis,

985 568 1076 622 natale
1090 575 1190 623 sanctae
1205 566 1382 622 Gertrudis.·
1409 563 1506 631 Addit,
1541 564 1570 619 ui
1588 565 1789 646 manuscriptas

986 645 1065 693 notas
1080 638 1146 694 hinc
1171 636 1236 692 inde
1251 637 1388 708 apposuit,
1404 644 1498 692 noster
1522 580 1645 691 ioannes
1661 635 1786 694 Grauius.

986 709 1072 763 vidua
1095 716 1119 764 et
1130 709 1225 780 prima
1243 709 1381 763 abbatissa
1394 707 1589 763 Humaticensis
1603 708 1642 762 ad
1662 708 1787 779 scarpam

986 781 1107 850 (lunium,
1132 798 1186 835 non
1206 781 1302 851 procul
1321 780 1455 835 alluaco.
1471 778 1554 834 Notat
1567 787 1704 850 praeterea
1718 779 1785 836 idem

986 850 1104 906 Gravius
1117 852 1151 907 ad
1166 867 1224 906 mar
1242 850 1335 906 inem:
1362 850 1432 907 Obiit
1446 850 1592 918 Haeretici,
1615 867 1690 906 anno
1710 867 1784 919 near,

987 925 1218 994 translatapostea
1257 939 1376 977 arcenus.
1392 921 1564 979 Castellanus
1575 921 1606 977 iu
1627 922 1800 994 hiartyrolo'

987 994 1030 1065 gio
1040 995 1190 1050 universali
1202 995 1284 1066 paulo
1297 994 1378 1048 aliter
1401 1009 1503 1049 nomen
1520 992 1636 1059 format,
1650 1009 1708 1050 non
1728 994 1784 1051 Ger·

987 1066 1073 1120 trudis
1086 1066 1209 1122 scribens
1223 1065 1270 1122 sed
1289 1065 1453 1121 Geretrudis.

131 1209 187 1264 lani
203 1208 339 1265 notulam.

131 1401 181 1456 vll
196 1401 271 1457 Idus.
1694 1401 1740 1456 nte
1753 1402 1778 1458 7.

166 1498 247 1572 Apud
262 1499 472 1566 Alexandriam,
486 1500 587 1555 natalis
610 1497 682 1554 beati
702 1499 855 1570 Agathonis
866 1499 1007 1571 martyris,
1024 1497 1075 1554 sub
1088 1497 1173 1554 Decio
1188 1496 1363 1569 imperatore,
1380 1497 1507 1570 quicum
1526 1504 1600 1552 esset
1616 1495 1742 1554 militaris
1756 1507 1780 1555 et

130 1587 288 1662 prohiberet
298 1586 430 1661 quosdam
445 1590 569 1645 volentes
582 1587 697 1644 illudere
711 1589 828 1644 mortuis
842 1587 1021 1645 cadaveribus
1035 1595 1199 1660 martyrum,
1211 1588 1315 1643 clamor
1329 1596 1440 1660 repente
1457 1587 1545 1644 totius
1561 1587 1643 1659 vulgi
1657 1588 1781 1645 muamus

130 1695 194 1734 eum
208 1677 362 1735 extollitur.
380 1677 494 1734 Oblatas
508 1685 599 1733 autem
612 1676 712 1748 judici,
723 1693 785 1733 cum
797 1677 827 1732 in
841 1676 1013 1734 confessione
1025 1677 1192 1749 persisteret,
1208 1676 1298 1748 capite
1314 1676 1477 1749 propietate
1491 1678 1642 1733 damnatus
1655 1683 1706 1734 est.
1718 1676 1784 1736 Civi-

129 1780 185 1828 tate
210 1773 369 1839 Sanctonas,
386 1773 472 1827 sancti
501 1772 613 1828 Martini
626 1772 744 1840 abbatis,
759 1771 794 1827 ad
819 1772 899 1845 cujus
921 1770 1061 1827 tumulum
1077 1769 1244 1826 creberrime
1270 1768 1410 1826 divinitus
1425 1768 1498 1826 liunt
1512 1770 1661 1827 miracula.
1677 1769 1710 1826 in
1723 1785 1783 1843 pago

130 1865 301 1934 Meldicensi,
318 1872 418 1921 sancte
433 1866 508 1920 Ferae
523 1864 652 1936 virginis.

900 1989 1017 2047 NOTAE.

165 2096 210 2155 Sic
225 2098 327 2155 habent
350 2099 471 2168 Protea,
486 2098 634 2168 Heriaieu,
650 2098 877 2170 doluere-ilai,
891 2100 1038 2167 Munerat,
1057 2099 1167 2155 Greoen.
1184 2106 1211 2155 et
1230 2098 1335 2156 Melon.

737 2241 939 2300 VARIANTES
958 2241 1164 2299 LECTIONES.

164 2344 272 2398 Praten.
284 2348 311 2396 et
321 2341 454 2396 Munerat.
464 2341 560 2411 legunt
576 2340 715 2420 Apotonis,
728 2340 827 2396 melius
836 2339 930 2397 caeteri
946 2352 968 2411 Β
983 2356 1047 2397 cum
1076 2338 1289 2467 Antuerpeldaj.
1304 2358 1311 2407 ;
1341 2348 1370 2394 at
1397 2338 1464 2394 satis
1482 2347 1556 2409 patet
1571 2337 1683 2394 nullam
1696 2338 1725 2394 iu
1739 2337 1783 2419 hoc

128 2421 160 2469 ut
173 2414 254 2469 estin
271 2422 359 2473 textu.
375 2412 433 2467 Non
451 2413 520 2466 inale
553 2417 626 2466 osuit
647 2411 860 2483 Antuerp.-llaJ.
888 2429 928 2466 ca·
983 2411 1169 2467 nominacum
1205 2427 1274 2467 raca
1290 2410 1781 2466 sermoneaffinitatemintervemre.

125 2485 191 2611 pitis
210 2503 260 2557 pro
281 2485 388 2556 pietate,
415 2492 481 2552 etc,
503 2429 551 2539 seii
582 2483 680 2555 reliqui
711 2499 806 2539 omnes
832 2483 926 2554 capite.
983 2482 1102 2538 Graven.
1119 2491 1146 2538 et
1160 2482 1262 2538 llolan.
1281 2483 1376 2554 legunt
1392 2481 1780 2552 creberrimadioinitusfiurt,

154 2557 355 2612 idaturldolan.
372 2555 485 2609 alteram
501 2554 591 2609 Belini
606 2555 758 2609 editionem
774 2564 885 2610 secutus
899 2554 928 2609 in
983 2562 1047 2622 etc,
1063 2561 1137 2610 recte
1151 2554 1186 2609 ad
1202 2561 1320 2609 mentem
1336 2553 1453 2618 Adonis,
1478 2553 1527 2609 sed
1541 2569 1594 2608 nos
1609 2552 1731 2609 alioruin
1745 2568 1781 2608 oo

128 2626 246 2681 duarum
261 2627 424 2680 ultimarum
440 2625 685 2680 annuntiationuin
702 2625 926 2752 transpositione,
982 2625 1075 2681 dicuin
1087 2623 1781 2697 Usuardinorumscribendirationempraeieriinus.

128 2698 226 2752 Faram
253 2696 438 2767 praeponendo
464 2695 692 2751 Martino.1dem
721 2697 773 2752 scri
796 2697 929 2752 itharie

809 2836 1113 2895 OBSERVATIONES.

165 2945 298 3003 baronius
309 2943 558 3012 lulianoetEuno,
569 2944 713 3015 dequibus
726 2963 789 3001 cum
803 2946 926 3002 Romano

128 3035 223 3091 parvo,
248 3018 344 3073 Adone
368 3023 394 3069 et
409 3015 532 3070 Usuardo
556 3015 662 3087 egimus
677 3032 756 3071 xxvii
772 3015 924 3084 Februarii,

128 3091 257 3156 militem,
284 3102 377 3144 eorum
402 3086 545 3141 occasione
588 3103 690 3154 assum,
706 3090 733 3142 et
761 3089 789 3142 in
804 3087 926 3143 editione

128 3162 283 3218 Eusebiana
295 3157 539 3229 Cbristophorsoni
581 3176 650 3213 esam
666 3160 844 3231 appellatum,
860 3168 926 3214 tari-

127 3248 210 3304 quam
233 3229 360 3301 martyrii
375 3230 481 3284 socium
503 3229 600 3285 eodem
615 3230 659 3285 die
685 3230 849 3301 subjunxit,
873 3231 926 3285 hoc

127 3313 191 3359 reto
204 3302 249 3357 die
264 3301 426 3371 Agathouem
435 3300 587 3356 Adouianis
598 3303 640 3356 vel
653 3302 815 3358 Usuardinis
834 3301 925 3357 verbis

127 3375 248 3446 signans,
270 3372 309 3427 sic
327 3371 470 3427 observat:
489 3372 580 3428 Simile
593 3379 723 3428 certamen
735 3374 776 3428 iiic
790 3374 923 3445 (Agatho)

127 3446 237 3500 subiisse
250 3444 355 3498 uidetur
368 3460 399 3497 ac
413 3444 471 3510 ilie,
499 3444 530 3498 de
543 3461 594 3514 qno
607 3463 640 3498 ea
663 3446 791 3516 Dionysio
806 3447 925 3500 Aleuae-

126 3517 206 3572 drino
221 3515 351 3570 Eusebius
366 3515 395 3568 in
406 3516 581 3569 translatione
592 3517 684 3586 naam
700 3518 744 3571 lib.
762 3533 801 3583 vr,
817 3534 875 3586 cap.
891 3515 925 3572 30

128 3587 221 3660 (nobis
246 3587 293 3654 :til
310 3587 355 3654 qui
380 3591 404 3638 et
425 3586 453 3638 in
467 3586 579 3640 editione
595 3586 828 3657 Cliristopborsoui
851 3588 926 3642 Birzs

126 3660 278 3730 appellatur
290 3657 333 3711 lib.
355 3673 393 3723 vi,
410 3673 467 3725 cap.
480 3654 524 3721 tt,
540 3657 636 3725 dequo
652 3658 773 3728 superius
790 3658 880 3727 agitur
894 3676 926 3714 ιιι

126 3732 190 3785 noi.
206 3728 309 3784 Martii.
325 3728 413 3781 Porro
438 3727 572 3780 diuersum
586 3744 679 3782 actaeo
694 3735 717 3781 et
743 3728 799 3781 dies
825 3729 925 3783 natalis

126 3802 211 3856 alium
224 3800 257 3855 ab
270 3800 317 3853 illo
332 3813 385 3852 esse
396 3797 546 3866 persuadet.
566 3799 605 3853 lta
620 3799 665 3852 vir
677 3798 923 3868 eminentissimus,

126 3888 208 3945 quem
233 3871 378 3941 deceptum
394 3869 508 3922 adverto
523 3867 682 3923 diversitate
706 3868 848 3940 phrasium
865 3871 924 3942 qui·

126 3942 177 3999 biis
187 3942 337 3997 Eusebium
347 3940 510 4008 interpretes
521 3941 696 3994 transtulere.
708 3941 822 3996 Fontem
834 3941 924 4011 ipsum
941 3950 947 3960 ·

126 4014 307 4138 assignemus,
318 4017 345 4064 et
355 4010 390 4065 ad
400 4009 510 4064 oculum
523 4008 627 4081 patebit
642 4009 759 4066 militem
770 4012 862 4080 illurn,
877 4013 924 4084 qui

126 4100 179 4154 apii
213 4081 344 4138 liuhnum
362 4079 409 4135 lib.
426 4097 464 4147 vi,
479 4096 538 4152 cap.
554 4080 597 4148 di,
615 4097 772 4152 anonymus
789 4090 840 4151 est,
875 4100 924 4139 uo-

125 4169 234 4225 cunque
256 4152 368 4206 deinum
387 4152 499 4206 nomine
513 4152 642 4217 donetur,
658 4155 687 4208 in
704 4170 833 4282 personas
854 4100 922 4211 inas

125 4239 298 4305 nequaquam
317 4221 435 4277 distrahi
465 4238 553 4293 posse.
582 4226 688 4280 Auctor

124 4296 320 4366 scaturiginem
347 4309 424 4348 suain
451 4293 577 4350 demere
603 4298 760 4364 consulens,
778 4314 833 4369 prae

126 4367 255 4433 militem,
276 4365 396 4436 propria,
423 4365 531 4435 opinor,
558 4369 732 4435 auctoritate,
761 4376 923 4440 sumptaque

125 4438 288 4494 fortassean
305 4437 436 4506 praeclaro
455 4452 536 4508 opere
558 4439 752 4510 appellatione,
781 4440 817 4495 ob
831 4443 924 4565 pieta-

124 4517 180 4564 tem
216 4509 244 4563 in
270 4516 392 4564 mortuos
429 4508 590 4579 Aquilonem
626 4526 738 4578 vocans,
767 4511 806 4567 sic
845 4512 921 4582 egit:

124 4580 308 4646 Alexandriae,
327 4580 474 4648 Agathonis
485 4581 613 4650 martyris
627 4588 651 4635 et
667 4583 761 4637 militis
775 4583 822 4637 sub
832 4583 921 4638 Decio.

125 4649 186 4705 Ado
200 4658 302 4714 autem,
314 4649 406 4704 Rufini
421 4650 512 4705 locum
522 4651 681 4708 describens
695 4660 723 4708 et
738 4653 844 4710 modice
866 4669 922 4708 am·

125 4720 262 4790 plilicans‚
288 4720 425 4774 Usuardus
440 4736 506 4775 vero
532 4723 660 4777 nonnihil
672 4723 849 4792 contrahens,
865 4732 921 4780 tam

124 4790 197 4846 clare
212 4791 307 4843 Besara
319 4789 441 4854 Eusehii,
457 4798 515 4844 tum
543 4793 615 4862 apud
639 4793 921 4866 Cbristophorsonum

124 4878 184 4933 cap.
200 4859 245 4925 st,
262 4866 319 4914 tum
331 4860 402 4929 apud
417 4860 559 4939 llalesiam
572 4880 632 4935 cap.
648 4863 693 4929 ti,
720 4863 874 4935 designant,
891 4875 922 4922 ut

124 4932 332 4989 liulinuincum
359 4929 493 4985 hodierno
510 4938 589 4988 textu
617 4935 783 5002 conferenti,
813 4937 921 4992 nullum

144 5020 237 5059 rorsus
251 5000 434 5058 dubitationis
447 5001 538 5057 locum
553 5004 721 5077 relinquant.
735 5007 776 5061 En
793 5006 852 5077 ipsa
863 5008 920 5064 Ru-

123 5021 172 5130 ini
189 5074 289 5130 verba:
305 5073 356 5129 Sed
372 5073 414 5129 uir
428 5073 536 5143 quidam
554 5076 682 5131 militaris
703 5095 761 5132 cum
777 5079 919 5148 assisteret,

123 5153 147 5200 et
160 5147 299 5217 quasdam,
309 5145 422 5199 aohites
436 5145 516 5199 etiam
530 5148 642 5201 mortuis
652 5149 765 5205 illudere
778 5151 921 5206 cadaueri-

124 5217 181 5285 bus,
191 5217 353 5298 prohiberet,
367 5217 468 5271 emmor
490 5223 595 5288 repente
614 5220 741 5275 aduersus
764 5239 823 5276 eam
842 5223 920 5278 totius

124 5291 195 5357 oulgi
207 5289 364 5353 satellitum
373 5288 486 5357 offertur
495 5287 584 5357 jactet
598 5289 762 5359 fortissimus
776 5292 850 5348 miles
861 5293 920 5362 iam

123 5358 240 5425 Domini,
256 5367 280 5414 et
295 5376 424 5430 niisqaom
436 5376 462 5414 se
474 5359 588 5430 inferior
602 5361 699 5431 factrus,
714 5364 741 5417 iii
760 5363 920 5434 consessione

121 5430 369 5512 persistensaapitis
377 5432 539 5502 proprietate
550 5432 620 5506 [lege
630 5434 795 5508 propietate]
807 5437 917 5491 domim-

126 5503 178 5551 tar.
207 5499 266 5552 hon
283 5502 373 5570 potuit
400 5511 491 5558 textus
506 5513 599 5559 nester
616 5505 788 5563 manifestius
813 5508 918 5562 iontem

847 4305 922 4353 atum

980 2953 1126 3002 auctorem
1155 2947 1272 3003 Romani
1298 2948 1376 3019 parvi
1388 2946 1447 3004 dies
1474 2947 1631 3020 plerosque,
1648 2965 1700 3030 pro
1715 2963 1780 3004 mero

981 3033 1030 3072 suo
1046 3017 1139 3084 libitu,
1150 3028 1309 3074 sanctorum
1327 3035 1396 3092 qnos
1412 3019 1439 3073 iii
1455 3019 1555 3076 lluiino
1572 3028 1690 3091 reperit,
1701 3020 1779 3076 cultui

980 3103 1163 3144 consecrasse.
1176 3089 1263 3158 Adde,
1282 3090 1357 3162 quod
1369 3107 1400 3146 ea
1414 3090 1522 3147 dierum
1537 3091 1692 3148 diversitas
1705 3093 1780 3146 asoto

980 3158 1099 3214 baronio
1129 3159 1242 3216 inducta
1269 3161 1314 3229 sit,
1343 3161 1390 3234 qui
1413 3162 1484 3234 apud
1500 3162 1610 3218 nullum
1640 3163 1779 3235 antiquum

980 3229 1239 3301 Martyrologiorum
1272 3232 1346 3287 Brsoe
1383 3249 1483 3288 nomen
1515 3250 1608 3289 xxviii
1643 3232 1780 3290 Februarii

980 3316 1095 3427 usquam
1115 3301 1263 3370 invenerit,
1298 3305 1403 3374 primus
1422 3305 1479 3376 ipse
1507 3320 1571 3360 eum
1605 3312 1719 3373 notans,
1738 3303 1780 3360 ubi

980 3389 1012 3428 eo
1032 3388 1075 3426 ein
1100 3371 1164 3443 jure
1190 3374 1339 3431 Macarium
1356 3375 1411 3431 diei
1427 3376 1577 3448 sequentis,
1599 3382 1628 3431 et
1643 3383 1686 3432 tot
1706 3375 1778 3442 alios,

980 3443 1076 3499 eodem
1087 3444 1179 3500 Rufini
1194 3445 1284 3517 capite
1294 3456 1470 3514 memoratos,
1497 3446 1670 3519 conjungere
1683 3447 1779 3518 potuis·

980 3522 1029 3570 set.
1046 3515 1132 3570 Nobis
1147 3516 1238 3589 itaque
1250 3519 1424 3589 perspicuum
1440 3518 1549 3574 videtur
1559 3521 1659 3574 Besara
1673 3527 1702 3574 et
1715 3520 1779 3590 Aoo-

982 3588 1083 3640 tlioiiem
1096 3604 1182 3641 unum
1206 3595 1234 3643 et
1248 3587 1375 3644 eumdem
1391 3597 1540 3662 martyrem
1551 3605 1621 3659 esse,
1648 3590 1698 3663 qui
1713 3587 1781 3663 apud

981 3656 1110 3712 Rufinum
1126 3657 1302 3714 describitur.

1002 3729 1055 3808 'lte
1078 3728 1218 3784 variorum
1242 3733 1424 3786 Martiuorum
1441 3731 1604 3788 contusione
1629 3733 1736 3806 egimus
1748 3730 1779 3788 ad

980 3797 1054 3853 diem
1069 3815 1137 3854 xxiv
1152 3800 1290 3869 Octobris,
1309 3802 1425 3859 citantes
1439 3803 1639 3872 castellanum,
1657 3805 1781 3861 stillost

980 3869 1033 3925 hoc
1062 3870 1107 3925 die
1120 3879 1229 3927 sanctos
1247 3872 1315 3929 istos
1330 3889 1500 3946 synonymus
1528 3883 1659 3932 accurate
1687 3875 1779 3932 distin

980 3948 1117 4021 guentam.
1138 3940 1200 4022 'Qui
1227 3943 1373 4000 Martinam
1403 3946 1633 4014 Sanctonensem‚
1663 3947 1713 4020 qui
1738 3945 1780 4002 hic

979 4012 1090 4091 colitur,
1103 4029 1208 4083 prunus
1219 4014 1247 4068 in
1259 4017 1354 4071 Fastos
1363 4032 1455 4072 sacros
1472 4016 1780 4090 retulitmartyrologus

980 4082 1155 4150 Viennensis,
1172 4085 1212 4139 sic
1226 4101 1288 4140 euin
1304 4086 1442 4157 depinxit,
1463 4097 1494 4144 ut
1517 4088 1591 4143 clarc
1606 4088 1738 4145 ostendat
1754 4103 1780 4144 se

979 4152 1103 4224 Gregorii
1130 4155 1296 4211 Turonensis
1321 4166 1404 4228 caput
1418 4159 1452 4215 57
1469 4158 1503 4214 de
1524 4159 1622 4214 Gloria
1636 4160 1780 4216 contesso-

729 4226 822 4281 omani
835 4225 920 4352 parvi
937 4222 958 4282 C
976 4240 1036 4278 rum
1053 4242 1107 4296 pre
1122 4226 1210 4282 oculis
1228 4226 1375 4295 habuisse;
1393 4246 1443 4285 nec
1457 4229 1517 4285 scio
1530 4241 1716 4288 monumenta
1728 4232 1779 4286 alia

980 4312 1119 4366 superesse
1147 4313 1181 4352 ex
1196 4295 1296 4369 quibus
1313 4298 1346 4354 de
1361 4299 1420 4371 ejus
1432 4300 1515 4371 gestis
1538 4301 1650 4373 plenius
1664 4302 1779 4359 edoces·

978 4383 1051 4422 uiur.
1080 4368 1228 4440 Utramque
1242 4369 1349 4425 Adonis
1373 4372 1616 4427 annuntiationem
1640 4374 1740 4430 Noster
1752 4373 1778 4428 in

978 4445 1057 4492 textu
1067 4440 1154 4494 relato
1164 4441 1314 4496 contraxit.
1330 4441 1542 4514 Burpuridosora
1557 4443 1586 4498 in
1603 4445 1778 4501 nostrisAu-

976 4509 1072 4565 clariis
1103 4510 1265 4567 Usuardinis
1283 4513 1401 4568 recurrit
1420 4531 1451 4569 ιιι
1469 4515 1495 4570 Α
1515 4515 1592 4581 rilis;
1623 4532 1657 4572 eo
1675 4515 1731 4583 dia,
1750 4521 1780 4571 ut

977 4578 1124 4649 credimus,
1139 4583 1225 4638 relata
1235 4599 1282 4655 per
1292 4600 1422 4653 errorem,
1435 4587 1464 4640 iu
1475 4531 1541 4641 viia
1550 4585 1611 4656 ejus
1623 4587 1774 4653 inventum,

976 4667 1039 4706 cum
1063 4652 1096 4707 de
1116 4663 1214 4709 caetero
1224 4662 1328 4710 certum
1354 4656 1390 4712 sit
1404 4672 1468 4712 vere
1480 4664 1508 4712 et
1519 4657 1589 4712 bene
1604 4657 1641 4714 ah
1656 4657 1775 4715 [isnardo

977 4721 1029 4778 hoc
1056 4723 1101 4778 die
1116 4725 1235 4794 primum
1250 4727 1384 4797 signatam
1412 4727 1463 4782 sub
1479 4729 1592 4784 nomine
1612 4729 1698 4795 Fara,
1713 4727 1776 4783 aliis

975 4792 1200 4874 Barpandosara,
1212 4795 1247 4851 de
1259 4796 1338 4854 cu‘us
1350 4798 1471 4853 nominis
1490 4799 1662 4872 etymologia
1674 4797 1775 4855 viden-

976 4863 1157 4943 dushahitio
1172 4868 1272 4924 seculo
1301 4870 1312 4925 l
1328 4868 1519 4936 benedictino,
1530 4886 1589 4942 pag.
1607 4869 1729 4940 issum
1744 4885 1776 4925 eii

975 4935 1053 4990 Actis
1066 4943 1223 4992 sanctorum
1248 4939 1422 5008 Columbini,
1439 4941 1561 4996 Eustasii
1577 4948 1604 4996 et
1631 4943 1732 4998 Attalea
1746 4956 1775 4996 aa

975 5005 1102 5086 producit
1117 5023 1177 5088 quae
1191 5009 1225 5065 ad
1239 5010 1486 5082 burgundofaram,
1502 5013 1546 5067 vel
1561 5012 1596 5068 ad
1620 5013 1738 5069 virtutes
1750 5019 1774 5068 et

975 5093 1018 5132 res
1033 5077 1183 5147 mirabiles,
1200 5081 1229 5135 in
1243 5082 1419 5138 Eboriacensi
1450 5083 1619 5139 monasterio
1635 5083 1696 5156 ejus
1711 5093 1773 5141 tem

974 5163 1040 5219 pore
1055 5149 1150 5217 factas,
1167 5152 1315 5222 pertinent.
1333 5155 1363 5209 ln
1379 5156 1512 5220 Romano,
1538 5155 1650 5227 Angliae
1663 5153 1772 5212 ascribi·

974 5227 1029 5300 tur,
1046 5236 1077 5274 ιιι
1090 5222 1114 5276 Α
1136 5221 1196 5277 rilis
1208 5240 1219 5304 3·
1231 5223 1284 5279 hoc
1298 5225 1344 5280 die
1362 5241 1429 5306 pago
1448 5225 1593 5282 bleldensi.
1612 5226 1685 5283 Vide
1700 5234 1772 5282 nota·

973 5297 1079 5345 tionem
1130 5293 1242 5348 otherii.
1270 5295 1353 5351 Plura
1366 5297 1419 5351 alia
1435 5298 1462 5352 in
1477 5296 1657 5363 collectaneis
1675 5296 1772 5354 nostris

973 5363 1169 5434 manuscriptis
1198 5366 1313 5436 reperio,
1329 5367 1403 5422 unde
1429 5368 1611 5424 cateraolim
1641 5365 1771 5425 illustrari

973 5439 1112 5558 poterunt.
1128 5434 1220 5515 'Solus
1237 5437 1449 5495 Wandalhertus
1464 5439 1517 5495 hoc
1540 5437 1586 5494 dia
1618 5439 1771 5522 apographa

999 5520 1189 5576 ieronymiana
1215 5515 1325 5563 secutus
1341 5517 1391 5575 est,
1413 5512 1489 5577 dum,
1506 5518 1702 5581 pretermissis
1729 5517 1771 5566 aut

125 5583 204 5622 suum
215 5580 440 5640 commonstrare,
461 5577 534 5648 quoil
552 5576 597 5631 die
611 5577 736 5649 sequenti
753 5577 782 5633 in
800 5577 919 5635 Macaria
934 5574 958 5634 l]
971 5572 1044 5631 torte
1055 5592 1112 5631 non
1127 5578 1246 5651 cognitis
1260 5579 1363 5637 sanctis
1378 5581 1489 5650 nostris,
1506 5581 1547 5639 sic
1561 5582 1667 5640 cecinit
1683 5601 1689 5639 :

124 5637 297 5716 clarcudenuo
311 5652 439 5719 patescet.
456 5648 548 5718 Neque
563 5663 630 5704 vero
650 5648 800 5707 adiversis
823 5648 921 5707 diebus

124 5707 419 5783 natalibusquidquain
427 5717 575 5788 evincitur,
587 5736 650 5777 cum
662 5719 744 5779 toties
752 5720 922 5781 maumam

1024 5726 1152 5797 &panii
1164 5733 1257 5787 mltum
1270 5734 1429 5800 Polycarpus
1445 5749 1503 5788 cuin
1515 5735 1664 5790 Theodoro.
