3834 6136
83 175 141 235 469

106 394 153 445 ris,
169 391 270 447 nempe
285 391 342 430 uno
365 375 420 443 die,
439 384 470 432 ut
484 386 653 448 supponunt,
679 380 743 436 lieet
762 397 817 436 non
832 397 888 436 uno

84 465 159 506 anno
176 447 313 513 coronati,
329 464 393 504 cum
408 447 568 504 alteralteri
583 451 715 506 sexennio
730 453 887 524 supervixe-

83 521 132 578 rit.
148 520 185 576 At
201 519 275 574 inter
289 518 412 574 eruditos
425 535 480 575 non
498 536 593 591 parum
606 523 753 592 laboratur,
769 532 800 579 ut
815 524 887 580 beati

84 591 208 652 Cornelii
224 591 268 646 vel
293 590 385 646 obitus
399 591 442 645 vel
463 593 626 664 martyrium
646 594 680 649 ad
700 594 886 668 Septembrem

83 664 191 722 differri
203 662 376 742 possit,quod
387 660 421 718 de
431 665 554 734 corporis
565 665 762 723 centumcellis
773 670 884 724 Romam

83 735 219 792 relatione
233 750 347 806 ejusque
368 733 406 789 ibi
426 736 567 806 sepultura
588 738 654 792 satis
669 746 730 810 apte
748 740 886 810 explicare

83 820 201 864 conatus
213 816 255 862 est
265 806 479 876 papebrochius,
493 808 538 863 cui
554 810 680 864 nonnulli
696 811 884 867 subscribunt.

83 879 170 952 lllajer
184 879 335 934 difficultas
349 887 390 933 est
406 878 434 932 in
459 887 590 950 tempore,
606 897 621 935 a
636 882 719 950 Reda,
744 882 839 938 Adone
859 890 886 939 et

84 952 229 1024 utriusque
240 949 404 1022 seminecibus
423 950 524 1006 diserte
538 960 632 1007 notato
652 955 699 1008 suli
717 955 805 1022 Decio,
821 972 883 1010 cum

83 1032 190 1080 certum
216 1022 344 1077 videatur
367 1021 480 1077 Decium
505 1025 547 1078 vel
563 1025 660 1079 Decios
681 1033 744 1080 ante
763 1025 884 1082 Cornelii

83 1096 191 1151 exitum
206 1093 323 1149 omnino
336 1093 458 1164 periisse.
475 1094 545 1150 lluic
559 1094 631 1151 nodo
642 1098 775 1152 solvenda
787 1099 885 1154 solitus

82 1183 187 1223 cuneus
210 1174 352 1238 utcunque
378 1173 535 1233 sirceurret,
562 1167 585 1221 si
610 1168 715 1224 dixeris
738 1169 882 1225 durantem

82 1239 175 1312 potius
186 1237 262 1294 Decii
272 1237 500 1309 persecutionem,
510 1254 589 1309 quam
606 1242 745 1295 viventem
756 1243 881 1309 Decium,

82 1309 296 1382 intelligendum
321 1324 388 1364 csse.
418 1311 456 1364 De
488 1317 586 1365 catera
609 1312 762 1384 conjiciunt
797 1314 881 1384 aliqui

80 1382 190 1439 Adonis
205 1380 348 1437 historiam
364 1379 535 1452 desumptam
552 1397 586 1437 es
602 1385 678 1438 Actis
699 1384 733 1437 ah
749 1385 882 1439 llilduino

82 1453 255 1525 compositis,
266 1451 426 1523 dequornin
442 1454 639 1510 anctoritateet
649 1456 774 1511 fidealihi
790 1457 881 1527 dispu-

84 1527 201 1580 tabitur.
219 1523 354 1595 Insignem
376 1524 449 1578 Vitae
465 1522 633 1580 Cornelianus
657 1527 753 1581 seriem
770 1526 882 1598 digessit

85 1597 281 1652 Tillemontius
295 1603 361 1649 torn.
382 1596 429 1660 ΙΙΙ,
451 1611 501 1650 sno
522 1606 643 1668 teiripore
663 1597 723 1652 sistri
748 1599 878 1654 luituram.

605 177 921 239 MARTYDOLOGIUM.
942 210 976 223 -
995 179 1099 239 MENS.
1120 180 1219 240 SEPT.

80 310 243 434 punguntur
254 301 431 359 Corneliaset
443 303 594 376 Cyprianus
604 307 698 363 eodem
709 324 758 363 xiv
768 307 887 380 Septem·
902 313 928 372 A
941 310 1145 383 antiquioribus
1160 310 1347 368 monumentis
1361 312 1515 369 sanctitatis
1535 313 1618 381 fama,
1632 314 1667 372 de
1681 315 1743 398 qni·

1693 187 1746 247 470

942 381 1062 438 husvide
1072 399 1167 438 rursus
1177 382 1326 438 Baronium
1338 392 1365 439 et
1377 385 1580 441 Florentinium
1592 386 1622 442 in
1632 386 1742 444 hodier-

941 454 985 509 nis
998 454 1196 510 notationibus.
1213 454 1382 511 l‘raelaudata
1391 454 1450 527 ejus
1459 457 1527 513 Acta
1539 456 1641 529 integre
1653 459 1742 516 edidit

941 533 968 580 et
983 526 1098 581 eruditis
1109 525 1182 582 notis
1192 525 1344 581 illustravit
1354 527 1513 584 Duinartius
1522 527 1595 583 inter
1609 529 1742 586 Selectaa

940 598 1146 668 pag.193,nec
1168 597 1260 654 minus
1274 606 1400 654 accurate
1414 606 1442 654 et
1463 598 1512 655 dili
1533 609 1621 667 enter,
1642 608 1742 671 preter

939 669 1009 723 alios
1020 670 1125 751 plnres,
1142 669 1271 796 Cppriani
1284 678 1358 741 gesta
1372 669 1508 741 disposuit
1516 616 1648 727 daudatus
1657 671 1739 729 Tille-

940 749 1061 795 montius
1075 749 1150 795 lonso
1181 741 1212 808 V,
1228 757 1313 812 apag.
1329 741 1372 797 la.
1386 742 1465 809 Quod
1476 743 1530 798 huc
1546 742 1673 814 proprius
1681 759 1739 815 spe·

939 819 1005 879 etot,
1023 820 1114 867 textus
1128 819 1219 867 noster
1232 829 1265 866 ex
1281 812 1353 868 Dedo
1368 812 1468 868 iterum
1484 823 1610 886 acceptus
1621 823 1672 884 est,
1685 831 1740 888 qno

939 899 1025 956 usqne
1040 883 1098 955 ejus
1112 883 1204 938 verbis
1219 883 1331 951 insistit,
1347 901 1429 941 verus
1437 893 1463 941 et
1478 893 1582 951 certus;
1600 902 1661 942 nam
1678 901 1739 958 quas

938 954 972 1009 de
987 955 1119 1026 Cypriani
1134 955 1216 1010 sociis
1230 971 1264 1010 ex
1279 956 1375 1012 Adone
1385 955 1583 1029 adjunguntur,
1595 973 1650 1013 non
1662 973 1740 1030 equo

938 1028 1080 1098 explorata
1094 1044 1161 1093 esse,
1177 1028 1291 1083 solerter
1301 1027 1634 1085 ohservatFlorentinius.
1647 1029 1738 1111 Atque

939 1097 1070 1154 haetenus
1097 1106 1172 1171 patet
1198 1099 1282 1154 totius
1306 1106 1397 1155 textus
1419 1117 1538 1182 propago
1560 1109 1588 1157 et
1618 1116 1738 1172 genuina

937 1169 1110 1242 simplicitas.
1126 1172 1165 1225 De
1180 1169 1407 1241 Cyprianicarum
1427 1171 1617 1243 reliquiarum,
1639 1172 1696 1229 imo
1709 1180 1737 1228 ot

937 1242 1024 1296 sancti
1039 1242 1160 1297 Cornelii
1171 1242 1200 1297 in
1210 1241 1325 1296 Galliam
1337 1242 1458 1314 aliasque
1474 1251 1564 1314 partes
1578 1243 1736 1300 translatio·

936 1312 1029 1379 nibus,
1045 1329 1098 1366 non
1114 1320 1154 1368 est
1178 1312 1261 1383 nujus
1277 1313 1329 1368 loci
1351 1313 1500 1385 inquirere.
1518 1314 1589 1370 Vide
1606 1330 1667 1387 qua
1706 1332 1737 1371 ro

937 1383 1030 1464 libello
1044 1384 1078 1439 de
1098 1385 1162 1440 Vita
1176 1384 1306 1453 Cypriani
1322 1384 1449 1440 aPontio
1462 1385 1611 1451 elaborato,
1627 1331 1735 1443 erudite

935 1454 1089 1526 disputavit
1114 1455 1303 1510 llenselienius
1317 1454 1351 1510 ad
1373 1455 1446 1511 diem
1473 1472 1523 1512 vin
1538 1457 1640 1512 Martii.
1665 1457 1734 1515 Cum

935 1527 1037 1582 uostris
1051 1527 1174 1583 concinit
1189 1526 1411 1593 wandalbertus,
1428 1524 1475 1582 sed
1485 1528 1585 1583 ultimo
1596 1528 1734 1585 versiculo

935 1599 1071 1670 Eparcum
1087 1599 1206 1679 aliquem
1226 1597 1331 1668 adjicit,
1348 1614 1428 1670 quem
1449 1607 1515 1669 puto
1531 1598 1657 1655 eumdem
1675 1615 1735 1656 esse

83 1669 201 1725 iuterim
218 1666 327 1722 Usuardi
339 1667 427 1721 nostri
440 1667 562 1736 elogium
575 1685 608 1724 ex
619 1669 692 1723 Dedo
708 1671 880 1739 potissimum
899 1680 921 1740 Β
936 1670 970 1726 de
985 1686 1039 1743 qno
1053 1686 1158 1741 egimus
1173 1686 1182 1725 1
1196 1670 1273 1726 Julii.
1291 1670 1342 1726 llic
1356 1670 1476 1743 reliquos
1490 1686 1585 1727 versus
1600 1670 1732 1742 subjicio:

78 1738 247 1812 prollnxisse
261 1735 380 1806 videtur,
398 1740 563 1810 transposita
580 1741 720 1809 nonnihil,
738 1750 841 1797 mutata
856 1750 882 1798 et

78 1812 176 1867 limata
192 1808 296 1881 phrasi.

114 1884 153 1938 De
172 1881 310 1952 Cypriane
324 1881 490 1937 celeberrimo
505 1889 621 1952 martyre
635 1890 659 1938 et
675 1883 793 1955 episcopo
810 1885 884 1941 Cur-

77 1954 399 2025 thagiruosiomaiaaota
412 1962 482 2022 sant,
496 1955 587 2026 inquit
611 1956 807 2025 Florentinius,
827 1959 884 2015 imo

77 2025 225 2082 notissima
240 2033 268 2080 et
289 2025 475 2080 sincerissima
490 2026 549 2097 ejus
573 2027 641 2082 Acta
662 2044 677 2081 a
703 2029 801 2084 Pontio
826 2029 886 2100 ejus

78 2097 206 2163 diacono,
215 2104 348 2168 praesente
364 2105 390 2153 et
402 2099 511 2153 oculato
520 2106 598 2165 teste,
609 2099 762 2169 posteritati
778 2101 884 2172 relicta,

79 2177 177 2240 praeter
191 2168 357 2226 Consularia
367 2168 426 2240 ipsa
440 2186 502 2224 cunr
516 2169 653 2241 prioribus
668 2170 750 2226 simul
762 2173 884 2243 vulgata.

80 2240 230 2300 Notissima
244 2239 312 2295 item
327 2239 387 2311 ejus
404 2241 432 2295 in
450 2241 654 2314 hiartyrologiis
669 2242 798 2298 omnihus
815 2254 842 2300 et
858 2245 885 2301 in

1015 1806 1112 1858 Octavo
1127 1817 1152 1857 et
1163 1808 1262 1857 decimo
1273 1806 1432 1859 Octimbrem
1444 1808 1572 1858 vocitante
1589 1810 1703 1858 laturum

1016 1871 1135 1920 llxaltnta
1147 1873 1230 1919 crucis
1243 1871 1341 1932 fulgent
1356 1871 1451 1920 vexilla
1468 1871 1564 1929 relatae,

1017 1934 1455 1997 Persidcabindignavictorquem
1466 1933 1700 1993 veritileraoleus;

1018 1998 1203 2060 llornelinsqne
1215 2011 1287 2046 suam
1296 1997 1389 2045 virtute
1400 2003 1426 2044 et
1435 1997 1562 2057 sanguine
1578 1995 1687 2046 Romam

1018 2061 1135 2109 Antisles
1153 2061 1234 2119 luloit,
1252 2067 1278 2107 et
1289 2059 1417 2121 Cypriane
1436 2059 1493 2106 lasti
1510 2065 1628 2106 coruscat

1019 2123 1157 2187 Carthago,
1170 2123 1266 2184 insigni
1275 2122 1379 2170 doctore
1392 2129 1417 2170 et
1428 2124 1548 2184 martyre,
1563 2128 1643 2171 tolum

1019 2184 1141 2236 Ecclesiae
1156 2185 1278 2246 scribunt,
1292 2185 1366 2248 cujus
1376 2183 1533 2243 suetudicta,
1547 2183 1701 2247 perorbem.

787 2389 978 2448 AUCTARIA.

114 2490 266 2547 Rosunvo.
283 2485 371 2543 textui
389 2502 456 2557 puro
470 2485 499 2541 iu
515 2485 568 2541 sine
584 2485 696 2541 subdit:
721 2487 881 2556 «Treveris,

82 2560 165 2618 saneti
188 2558 307 2616 Materni
320 2558 441 2630 episcopi
466 2565 493 2614 et
508 2558 707 2614 confessoris·
730 2559 787 2614 Alii
811 2562 882 2616 male

82 2634 124 2690 die
138 2631 317 2706 praecedenti.

115 2707 284 2771 Pausanias„
297 2704 324 2757 in
336 2702 425 2774 prima
435 2701 646 2756 anrrnntiatione
662 2703 727 2758 satis
742 2720 837 2775 purus,
849 2702 882 2758 de

83 2777 189 2834 duobus
204 2777 265 2831 allis
279 2775 392 2838 sanctis,
408 2774 447 2830 sic
466 2773 555 2828 solum
578 2773 659 2829 hahet
676 2791 682 2829 :
706 2800 715 2821 ‹
732 2777 822 2831 Domae
838 2775 882 2830 via

83 2848 256 2931 Appia,heati
267 2846 390 2906 Cornelii
400 2846 488 2918 Papa.
501 2847 531 2901 ln
542 2845 645 2913 Africa,
655 2847 740 2902 sancti
750 2846 882 2919 Cypriani

84 2937 95 2976 e
117 2937 242 2991 iscopi.·

97 2935 476 3056 passurumne-Lanae.
488 2989 621 3044 elbonis.
640 2988 756 3061 primam
776 3006 882 3046 annun·

84 3065 231 3119 tiationem
243 3062 413 3128 detruncant,
430 3060 483 3116 hoo
494 3062 575 3117 innodo
588 3081 593 3116 :
605 3086 613 3108 ι
624 3061 764 3117 Exaltutio
776 3061 803 3117 S.
816 3062 881 3119 Cru-

83 3136 132 3201 cis,
150 3133 205 3189 snb
220 3133 342 3189 Heraclio
357 3134 520 3202 imperaotre
535 3133 669 3204 piissimo.
691 3159 700 3180 ι

117 3206 363 3273 Aurorae-blan,
372 3206 539 3260 Uenusinae.
552 3206 719 3260 etltnvosnn
731 3204 882 3260 ‹Exaltatio

973 2493 1154 2548 llscenovnn.
1172 2493 1254 2547 aliam
1279 2490 1312 2547 de
1336 2499 1436 2547 sancte
1457 2490 1548 2547 crucis
1568 2490 1738 2548 exaltatione

936 2562 1081 2619 instoriam
1096 2563 1257 2634 compingit.
1273 2565 1312 2618 De
1324 2562 1452 2620 Cornelio
1468 2562 1561 2634 aliqua
1572 2563 1655 2617 etiam
1671 2561 1739 2619 hine

936 2635 1150 2706 indeinterjicit.
1162 2635 1231 2689 Tum
1245 2653 1250 2689 :
1263 2658 1272 2681 ι
1286 2634 1367 2714 Apud
1378 2633 1532 2700 Coloniam,
1544 2632 1635 2688 natale
1649 2633 1738 2689 sancti

936 2707 1010 2762 Ever
1030 2703 1660 2776 isiliepiscopiColoniensis‚apudTungrimsa
1679 2703 1739 2759 ittis

938 2725 1085 2834 interiecti.
1097 2802 1105 2824 ι
1116 2779 1145 2832 ln
1157 2777 1295 2848 Cypriane
1313 2775 1441 2831 nonnihil
1458 2773 1540 2854 etiam
1557 2718 1740 2845 interpedatus

936 2859 986 2906 est.
1004 2851 1033 2905 ln
1048 2850 1102 2905 line
1117 2849 1229 2920 adjicit:
1252 2873 1261 2896 ‹
1277 2850 1344 2905 Item
1357 2848 1387 2903 in
1401 2846 1519 2913 Saena,
1531 2846 1619 2902 sancti
1632 2844 1739 2902 Aurelii

937 2923 1057 2994 episcopi
1074 2931 1101 2977 et
1115 2921 1290 2977 confessoris.
1305 2945 1313 2966 ·

973 2993 1411 3050 narare-Cacrusniacum.
1426 3007 1432 3046 ε
1449 3015 1458 3038 ι
1475 2987 1616 3045 Exaltatio
1639 2995 1740 3045 sancta

936 3067 1038 3123 crucis.
1055 3066 1174 3122 Cornelii
1186 3063 1352 3136 etCypriani
1365 3071 1530 3133 martyrum.
1540 3059 1740 3125 Crescentiani,

937 3138 1069 3202 Victoris,
1085 3138 1193 3193 llosulae
1213 3145 1240 3191 et
1255 3134 1405 3202 Generalis,
1424 3134 1471 3206 qui
1493 3133 1652 3188 referuntur
1667 3131 1740 3203 passi

938 3226 1000 3264 cum
1017 3209 1097 3263 beato
1115 3208 1290 3277 Cypriane.»

84 3287 183 3336 unctas
199 3277 298 3335 crucis.
316 3278 368 3332 suh
380 3275 488 3331 Eraclia
503 3277 667 3348 imperatore
683 3275 818 3348 piissimo,
835 3275 882 3348 qui
974 3280 1113 3335 CoonxD.
1130 3296 1167 3334 nn
1181 3277 1305 3333 Cnavar..
1318 3277 1389 3345 sign.
1405 3276 1436 3330 B.
1452 3293 1458 3330 :
1478 3274 1578 3345 «Apud
1593 3273 1739 3332 Coloniam

85 3368 139 3407 eam
166 3349 200 3405 de
224 3349 336 3405 Perside
360 3348 569 3403 lherosolimam
597 3351 756 3419 reportavit.
780 3347 832 3402 Sed
858 3354 885 3402 et
899 3346 921 3407 C
937 3349 1326 3432 Agrippinam,natalesancti
1339 3347 1486 3418 Evergisili
1499 3346 1740 3418 episcopietiuar·

84 3421 311 3496 procurrentibus
316 3464 369 3475 .....
385 3445 393 3467 ι
426 3435 512 3491 usque
536 3419 569 3474 ad
597 3420 678 3474 linem
705 3418 885 3475 tentassetis

85 3511 159 3567 pure.
176 3494 246 3548 Tum
263 3492 395 3548 additur:
412 3491 572 3557 «Treveris,
590 3491 677 3546 sancti
696 3491 812 3546 Materni
829 3490 884 3560 epi·

85 3567 169 3639 scopi,
180 3565 312 3636 discipuli
324 3563 411 3618 saneti
421 3563 494 3618 Petri
506 3562 632 3633 apostoli.
644 3563 724 3634 Apud
740 3562 883 3618 Coloniam

84 3637 275 3710 Agrippinam,
288 3636 377 3691 natale
389 3635 476 3690 sancti
486 3634 634 3706 Ev‘ergisili
643 3633 762 3707 episcopi
777 3641 804 3690 et
815 3649 884 3689 mar-

85 3711 185 3765 tris·

97 3727 274 3837 yhova-trun.
292 3780 391 3851 incipit
405 3787 436 3833 ut
451 3777 556 3849 priores
571 3794 657 3850 usque
676 3777 710 3833 ad
726 3777 884 3843 reiorlooit,

87 3853 198 3909 omissis
210 3852 324 3909 eatenis.
347 3854 378 3908 ln
394 3850 522 3907 Cornelio
539 3867 622 3920 purus
636 3859 685 3905 ost.
703 3852 733 3906 ln
746 3797 885 3931 dypriano

87 3924 221 3980 rescindit
234 3925 330 3980 socios.
351 3926 387 3978 De
401 3923 507 3992 reliquo
518 3921 619 3977 similis
630 3930 670 3976 est
685 3939 716 3975 su
738 3922 884 3978 erroribus.

121 3997 281 4053 Asnenaev.
291 4003 318 4051 et
329 3997 426 4049 Dasio.
438 3993 575 4066 principio
584 3994 673 4049 solum
689 3939 790 4050 habent
800 4008 886 4064 usque

86 4068 119 4125 ad
153 4065 701 4135 irssiata,sicuthunerondum-Lunae.
717 4066 748 4119 ln
758 4065 886 4120 Cornelio

87 4150 112 4196 et
125 4087 266 4212 dypriano
277 4141 342 4194 satis
356 4138 417 4209 puri
429 4145 502 4193 surrt.
525 4138 555 4192 ln
571 4140 694 4193 Anisena.
711 4135 781 4191 nihil
798 4145 839 4191 est
852 4137 886 4192 de

88 4213 222 4267 blaterno.
240 4213 271 4267 ln
286 4218 402 4282 utroque
416 4209 450 4264 de
460 4209 615 4278 Evergisilo
628 4217 688 4280 post
700 4208 827 4279 inor-tgrii
841 4207 887 4263 ad-

88 4285 180 4340 ditur:
206 4309 215 4330 ·
229 4283 302 4354 apud
316 4280 447 4351 Tungrim
464 4280 570 4351 sagittis
582 4280 730 4336 interlecti.
746 4306 754 4327 ·

121 4356 301 4413 essiones:
335 4380 343 4401 ·
369 4353 507 4408 Exultatio
534 4361 634 4408 sanctae
657 4351 756 4406 crucis.
783 4352 886 4420 noina,

88 4427 158 4484 beati
174 4426 297 4483 Cornelii
314 4441 389 4497 papae
412 4432 438 4479 et
455 4424 586 4495 martyris
601 4422 651 4477 sub
672 4423 756 4478 Decio
771 4422 885 4478 Cursore.

89 4498 168 4571 Apud
184 4497 394 4570 Karthaginem,
416 4496 506 4568 passio
528 4493 667 4563 magnifici
682 4501 709 4548 ot
731 4492 886 4549 admirandi

90 4572 209 4627 doctoris
234 4569 377 4641 Cypriani,
402 4567 449 4641 qui
479 4576 549 4622 mart
572 4565 643 4620 nium
667 4564 819 4620 celebravit
836 4565 888 4622 sub

90 4643 204 4698 Galieno
226 4641 401 4714 imperatore,
419 4639 527 4694 Galerio
548 4584 670 4693 dianium
684 4637 880 4708 proconsule.»

939 3431 950 3478 t
974 3439 1046 3477 ris·

953 3440 1143 3549 yFnonnrvriu.
1160 3509 1165 3547 ι
1188 3490 1293 3563 «Apud
1307 3488 1474 3558 Calabriam,
1489 3495 1646 3546 sanctorum
1663 3503 1742 3543 mar-

939 3575 1035 3637 tyrum
1052 3564 1202 3632 Senatoris,
1221 3563 1347 3630 Victoris,
1364 3561 1518 3619 Cassiodori
1535 3570 1562 3617 et
1577 3559 1674 3617 matris
1690 3575 1742 3616 eo·

940 3654 999 3692 rum
1017 3636 1213 3692 Dominatiae.›
1235 3635 1305 3691 Vide
1320 3649 1402 3705 supra
1417 3633 1446 3687 in
1462 3633 1643 3689 Dnuxaunnn.

977 3711 1100 3765 Danaus.
1112 3707 1159 3763 SS.
1175 3708 1276 3762 Timot.
1291 3713 1317 3762 et
1327 3705 1420 3787 Apoll.
1434 3704 1576 3772 ullamne,
1591 3704 1663 3760 beati
1676 3703 1741 3761 Cor·

939 3781 1006 3837 nelii
1022 3796 1097 3851 papae
1112 3787 1139 3834 et
1154 3778 1293 3849 martyris.
1310 3776 1396 3848 Cujus
1410 3792 1519 3833 sacrum
1534 3792 1635 3847 corpus
1655 3776 1743 3832 Roma

941 3853 1103 3908 translatum
1118 3868 1133 3906 a
1146 3851 1244 3908 Carolo
1252 3849 1364 3919 juniore
1374 3849 1509 3915 Augusto,
1526 3848 1647 3918 positum
1658 3854 1698 3902 est
1713 3846 1743 3904 in

940 3924 1118 3991 monasterio,
1135 3923 1208 3995 qnod
1223 3921 1381 3978 construxit
1391 3919 1463 3975 inira
1474 3919 1568 3991 palatii
1580 3919 1652 3975 aedes
1663 3918 1742 3976 Coru-

942 3997 1045 4068 pendii.
1061 3996 1143 4065 Apud
1156 3993 1359 4064 Carthaginem,
1368 3993 1457 4063 passio
1466 3990 1617 4047 beatissimi
1629 3989 1742 4061 Cypria·

941 4069 970 4122 ni
997 4066 1118 4123 doctoris
1146 4064 1384 4130 excellentissimi,
1419 4063 1498 4134 cujus
1526 4062 1742 4118 sacratissimum

941 4156 1040 4210 corpus
1059 4137 1231 4207 temporibus
1255 4135 1347 4193 Caroli
1374 4134 1466 4205 Magni
1491 4134 1685 4207 imperatoris,
1713 4132 1743 4187 in

942 4212 1085 4265 Franciam
1101 4216 1142 4262 est
1163 4206 1338 4272 translatum,
1354 4213 1381 4260 et
1399 4204 1526 4276 Lugduni
1547 4204 1744 4260 venerabiliter

942 4281 1104 4351 repositum.
1121 4302 1129 4323 ‚

978 4351 1071 4406 Editio
1093 4348 1301 4406 huneco-Con:
1326 4345 1495 4400 ‹Exaltatio
1518 4351 1619 4400 sanctas
1641 4346 1742 4412 crucis,

942 4423 993 4478 sub
1010 4422 1117 4476 Eraclio
1131 4422 1294 4491 imperatore
1310 4417 1444 4488 piissimo,
1455 4415 1502 4540 spui
1513 4430 1572 4469 eam
1584 4413 1618 4469 de
1632 4413 1744 4470 Perside

942 4495 976 4549 ad
992 4493 1211 4562 iherosolymam
1230 4488 1392 4559 reportavit,
1408 4502 1461 4557 exp
1474 4486 1526 4541 etis
1547 4485 1658 4540 annisa
1677 4500 1745 4557 pas-

942 4567 1019 4620 sione
1042 4564 1154 4619 Domini
1180 4560 1338 4634 quingentis
1357 4559 1395 4628 (et
1419 4557 1492 4627 qaod
1515 4555 1683 4624 cucuriali.»
1704 4556 1745 4611 De

943 4636 1071 4695 Cornelio
1086 4634 1181 4706 adjicit
1194 4653 1219 4689 :1
1232 4633 1280 4688 llic
1296 4629 1451 4696 constituit,
1467 4635 1497 4683 ut
1512 4626 1667 4684 sacerdotes
1695 4643 1745 4700 pro

123 4716 304 4770 Dnuxnman.
317 4712 350 4768 de
364 4712 540 4766 Exultatiene
551 4727 584 4765 ex
598 4709 694 4764 Adone
706 4709 888 4780 interpolatus
902 4705 926 4764 D
941 4717 1016 4766 certa
1030 4723 1112 4764 carisa
1123 4707 1216 4778 jurare
1239 4703 1356 4776 possint,
1372 4703 1395 4757 si
1411 4700 1510 4757 velint.
1527 4726 1535 4747 ·
1556 4701 1586 4756 ln
1604 4699 1745 4782 Cypriano

91 4793 137 4841 est.
162 4787 199 4841 Et
214 4783 343 4840 nonnihil
367 4783 449 4838 etiam
472 4782 501 4836 in
522 4780 660 4848 Cornelio,
685 4787 712 4835 et
736 4781 885 4852 Cypriane.

91 4857 193 4913 Deinde
218 4855 312 4912 subdit
335 4855 495 4926 sequentia:
523 4878 532 4900 ι
558 4853 594 4908 Et
619 4853 709 4907 natale
729 4860 887 4909 sanctorum

90 4937 244 5002 martyrum
265 4927 414 4993 Senatoris,
432 4925 563 4991 Viatoris,
580 4922 735 4979 Cassiodori
760 4923 886 4992 fratrum,

90 5017 119 5057 ac
134 5000 289 5056 Donrinatre
312 4998 408 5053 matris
424 4997 555 5067 ipsorum.
577 4996 713 5063 Treveris,
730 4996 817 5051 sancti
834 4998 888 5052 Ma-

90 5072 171 5139 terni,
186 5071 317 5141 diseipuli
333 5069 405 5124 heati
416 5069 489 5124 Petri
503 5067 630 5138 apostoli,
647 5084 694 5139 per
715 5068 794 5137 cnjus
809 5067 889 5124 hacu-

92 5144 148 5199 lum
170 5151 232 5214 post
247 5142 428 5214 quadraginta
450 5140 510 5196 dies
526 5139 610 5211 ipsea
630 5147 716 5194 inorle
731 5139 889 5206 suscitatus,

90 5222 131 5270 tot
145 5214 226 5270 annis
244 5215 272 5268 in
287 5212 434 5284 episoipali
457 5210 586 5266 cathedra
600 5209 680 5276 sedit,
703 5217 770 5282 quot
790 5209 887 5265 diebus

90 5288 213 5357 sepultus
229 5286 257 5339 in
274 5293 346 5339 terra
356 5283 489 5354 patuerat.
506 5281 586 5362 Apud
602 5281 744 5338 Coloniam
761 5282 886 5353 Agrippi·

91 5375 165 5424 riaru,
180 5356 253 5412 heati
267 5356 411 5424 Euergisili
423 5355 543 5426 episcopi
554 5353 726 5423 etmartyris.
737 5352 790 5420 Qui
799 5354 887 5409 saneti

90 5424 887 5499 Sereririidiscipulusetarchidiacouusexistens,intrans·

90 5501 131 5556 itu
146 5499 300 5555 beatissimi
313 5498 583 5569 inartyrishymnum
598 5495 752 5566 angelicum
767 5513 889 5552 cumsuo

90 5571 200 5628 audivit
216 5571 357 5642 magistro,
381 5578 408 5626 et
424 5578 516 5641 postea
530 5568 603 5640 apud
625 5567 768 5640 lengum,
789 5584 849 5639 quaa
862 5575 889 5624 et

91 5643 207 5700 Octavia
220 5642 334 5709 dicitur,
351 5642 456 5714 sagittis
476 5641 635 5698 interiectus
649 5647 698 5696 est.
714 5638 819 5696 Eodem
832 5639 888 5707 die,

92 5714 231 5772 dedicatio
247 5713 329 5784 hujus
343 5714 473 5779 ecclesiae,
487 5730 518 5769 ac
532 5711 566 5769 ad
581 5712 658 5768 illam
672 5711 816 5769 translatio
831 5728 889 5768 cor·

94 5787 169 5860 poris
183 5786 270 5844 beate
284 5785 391 5843 Gudilae
406 5784 552 5857 virginis.»

944 4780 1051 4836 modice
1073 4779 1238 4850 interpolata
1252 4783 1302 4832 est.
1328 4773 1459 4903 Spquitur
1476 4772 1651 4840 :1Treverrs,
1668 4771 1745 4829 eele-

943 4852 1032 4907 bratio
1056 4850 1215 4908 festivitatis
1240 4847 1328 4904 sancti
1381 4845 1470 4902 aterni
1498 4843 1698 4917 archiepiscopi
1719 4849 1746 4897 et

943 4925 1118 4980 contessoris.
1149 4922 1229 4991 Apud
1259 4920 1402 4976 Coloniam
1427 4917 1632 4997 Agrippinam,
1656 4912 1746 4993 natale

943 4997 1030 5052 saneti
1046 4995 1194 5068 Evergisili
1206 4992 1326 5065 episcopi
1337 5000 1364 5048 et
1380 4997 1520 5062 martyris,
1529 4985 1601 5058 apud
1613 4985 1746 5054 Tungrnu

944 5068 1051 5139 sagittis
1067 5066 1242 5123 interiecti.»
1586 5127 1591 5137 .
1702 5124 1707 5135 Ι
1739 5125 1744 5135 Ι

982 5139 1109 5193 Giinvan.
1125 5135 1240 5208 :cApud
1255 5135 1400 5204 Tungrim,
1415 5131 1506 5206 passio
1520 5128 1593 5206 beati
1608 5125 1746 5205 Evergish

943 5210 1064 5282 episcopi
1080 5207 1275 5292 Agrippinensi
1286 5206 1409 5263 Coloniae
1421 5211 1448 5259 et
1466 5207 1604 5270 martyris.
1623 5197 1747 5253 Hiccum

942 5280 1131 5336 archidiaconi
1148 5285 1307 5343 irrogaretur
1321 5277 1424 5339 allicio,
1440 5275 1553 5351 locaque
1575 5275 1669 5349 sancta
1683 5284 1747 5351 euin

943 5354 1022 5407 heato
1036 5352 1168 5407 Severino
1183 5349 1341 5407 Coloniensi
1357 5347 1485 5424 episeopo
1495 5348 1637 5422 circuiret,
1651 5340 1748 5423 audrro

945 5423 1045 5479 meruit
1055 5431 1205 5478 concentus
1217 5421 1389 5490 angelorum,
1400 5430 1521 5471 animam
1533 5422 1623 5470 sancti
1633 5414 1747 5469 Martini

943 5494 1122 5560 turonensis,
1137 5493 1165 5548 in
1179 5492 1280 5549 coelum
1297 5487 1492 5545 deferentium.
1510 5483 1630 5541 Ferreoli
1647 5493 1749 5557 marty·

944 5568 991 5624 ris.
1008 5568 1076 5623 Item
1092 5573 1249 5620 sanctorum
1272 5561 1389 5617 Dionisii
1411 5567 1438 5615 et
1462 5557 1572 5615 Felicis.
1589 5556 1749 5613 Secundum

944 5640 1051 5712 aliquos
1075 5636 1130 5702 hio,
1149 5634 1285 5762 depositio
1309 5632 1382 5689 beati
1405 5631 1520 5688 Joannis
1542 5627 1749 5702 Chrysostomi,

944 5720 972 5767 ot
984 5729 1013 5766 vr
1027 5706 1162 5766 Kalendas
1196 5703 1491 5773 ebruarii,translatio.
1501 5701 1617 5758 blaterni
1625 5696 1749 5772 episcopi

944 5792 971 5840 et
985 5779 1160 5840 confessoris.
1176 5777 1228 5847 Qui
1244 5777 1352 5835 abesto
1367 5776 1447 5834 Petra
1468 5775 1592 5850 apostolo
1607 5787 1671 5832 eum
1687 5783 1748 5827 san·
