<?xml version="1.0" encoding="UTF-8"?>
<!DOCTYPE html PUBLIC "-//W3C//DTD XHTML 1.0 Transitional//EN"
    "http://www.w3.org/TR/xhtml1/DTD/xhtml1-transitional.dtd">
<html xmlns="http://www.w3.org/1999/xhtml" xml:lang="en" lang="en">
 <head>
  <title>
</title>
<meta http-equiv="Content-Type" content="text/html;charset=utf-8" />
  <meta name='ocr-system' content='tesseract 3.04.00' />
  <meta name='ocr-capabilities' content='ocr_page ocr_carea ocr_par ocr_line ocrx_word'/>
</head>
<body>
  <div class='ocr_page' id='page_1' title='image "./patrologiaecurs76unkngoog/patrologiaecurs76unkngoog_0336.png"; bbox 0 0 3834 6136; ppageno 0'>
   <div class='ocr_carea' id='block_1_1' title="bbox 54 213 150 276">
    <p class='ocr_par' dir='ltr' id='par_1_1' title="bbox 54 213 150 276">
     <span class='ocr_line' id='line_1_1' title="bbox 54 213 150 276; baseline 0.042 -5"><span class='ocrx_word' id='word_1_1' title='bbox 54 213 150 276; x_wconf 27' lang='lat' dir='ltr'><strong>stt,</strong></span> 
     </span>
    </p>
   </div>
   <div class='ocr_carea' id='block_1_2' title="bbox 582 209 1178 272">
    <p class='ocr_par' dir='ltr' id='par_1_2' title="bbox 582 209 1178 272">
     <span class='ocr_line' id='line_1_2' title="bbox 582 209 1178 272; baseline 0.003 -5"><span class='ocrx_word' id='word_1_2' title='bbox 582 209 897 270; x_wconf 80' lang='lat' dir='ltr'><strong>MARTYROLOGIUM.</strong></span> <span class='ocrx_word' id='word_1_3' title='bbox 918 244 951 254; x_wconf 90' lang='lat'>-</span> <span class='ocrx_word' id='word_1_4' title='bbox 970 214 1074 271; x_wconf 82' lang='lat' dir='ltr'><strong>MENS.</strong></span> <span class='ocrx_word' id='word_1_5' title='bbox 1094 214 1178 272; x_wconf 89' lang='lat' dir='ltr'><strong>NOV.</strong></span> 
     </span>
    </p>
   </div>
   <div class='ocr_carea' id='block_1_3' title="bbox 1661 217 1714 273">
    <p class='ocr_par' dir='ltr' id='par_1_3' title="bbox 1661 217 1714 273">
     <span class='ocr_line' id='line_1_3' title="bbox 1661 217 1714 273; baseline 0 0"><span class='ocrx_word' id='word_1_6' title='bbox 1661 217 1714 273; x_wconf 77' lang='lat'><strong>662</strong></span> 
     </span>
    </p>
   </div>
   <div class='ocr_carea' id='block_1_4' title="bbox 53 334 1713 463">
    <p class='ocr_par' dir='ltr' id='par_1_4' title="bbox 53 334 1713 463">
     <span class='ocr_line' id='line_1_4' title="bbox 53 334 1713 463; baseline 0 -63"><span class='ocrx_word' id='word_1_7' title='bbox 53 339 159 400; x_wconf 75' lang='lat' dir='ltr'><strong>umbo:</strong></span> <span class='ocrx_word' id='word_1_8' title='bbox 179 334 333 396; x_wconf 72' lang='lat' dir='ltr'><strong>«Cenohio</strong></span> <span class='ocrx_word' id='word_1_9' title='bbox 348 342 469 407; x_wconf 76' lang='lat' dir='ltr'>utsupra</span> <span class='ocrx_word' id='word_1_10' title='bbox 479 353 499 403; x_wconf 80' lang='lat'><strong>3»</strong></span> <span class='ocrx_word' id='word_1_11' title='bbox 518 351 569 393; x_wconf 92' lang='lat' dir='ltr'><strong>nec</strong></span> <span class='ocrx_word' id='word_1_12' title='bbox 579 336 857 463; x_wconf 80' lang='lat' dir='ltr'><strong>quidquemadditur‚</strong></span> <span class='ocrx_word' id='word_1_13' title='bbox 874 344 897 403; x_wconf 83' lang='lat' dir='ltr'><strong>A</strong></span> <span class='ocrx_word' id='word_1_14' title='bbox 913 340 998 410; x_wconf 89' lang='lat' dir='ltr'><strong>scopi,</strong></span> <span class='ocrx_word' id='word_1_15' title='bbox 1009 342 1056 418; x_wconf 88' lang='lat' dir='ltr'><strong>qui</strong></span> <span class='ocrx_word' id='word_1_16' title='bbox 1067 342 1185 414; x_wconf 88' lang='lat' dir='ltr'><strong>quiescit</strong></span> <span class='ocrx_word' id='word_1_17' title='bbox 1193 340 1266 412; x_wconf 87' lang='lat' dir='ltr'><strong>apud</strong></span> <span class='ocrx_word' id='word_1_18' title='bbox 1276 341 1450 410; x_wconf 83' lang='lat' dir='ltr'><strong>Cistertium3</strong></span> <span class='ocrx_word' id='word_1_19' title='bbox 1463 342 1497 399; x_wconf 88' lang='lat' dir='ltr'><strong>de</strong></span> <span class='ocrx_word' id='word_1_20' title='bbox 1506 343 1585 414; x_wconf 86' lang='lat' dir='ltr'><strong>cujus</strong></span> <span class='ocrx_word' id='word_1_21' title='bbox 1593 343 1713 401; x_wconf 87' lang='lat' dir='ltr'><strong>transitu</strong></span> 
     </span>
    </p>
   </div>
   <div class='ocr_carea' id='block_1_5' title="bbox 30 407 858 1626">
    <p class='ocr_par' dir='ltr' id='par_1_5' title="bbox 52 407 858 758">
     <span class='ocr_line' id='line_1_5' title="bbox 52 407 857 478; baseline -0.004 -9"><span class='ocrx_word' id='word_1_22' title='bbox 52 411 125 473; x_wconf 87' lang='lat' dir='ltr'><strong>unde</strong></span> <span class='ocrx_word' id='word_1_23' title='bbox 141 409 215 467; x_wconf 86' lang='lat' dir='ltr'><strong>seiae</strong></span> <span class='ocrx_word' id='word_1_24' title='bbox 229 415 323 464; x_wconf 89' lang='lat' dir='ltr'><strong>utrum</strong></span> <span class='ocrx_word' id='word_1_25' title='bbox 339 407 373 463; x_wconf 92' lang='lat' dir='ltr'><strong>de</strong></span> <span class='ocrx_word' id='word_1_26' title='bbox 396 407 566 475; x_wconf 76' lang='lat' dir='ltr'><strong>centulensi,</strong></span> <span class='ocrx_word' id='word_1_27' title='bbox 592 423 627 463; x_wconf 90' lang='lat' dir='ltr'><strong>an</strong></span> <span class='ocrx_word' id='word_1_28' title='bbox 667 425 682 464; x_wconf 89' lang='lat' dir='ltr'><strong>e</strong></span> <span class='ocrx_word' id='word_1_29' title='bbox 702 409 768 478; x_wconf 90' lang='lat' dir='ltr'><strong>alio,</strong></span> <span class='ocrx_word' id='word_1_30' title='bbox 785 410 857 466; x_wconf 89' lang='lat' dir='ltr'><strong>lorte</strong></span> 
     </span>
     <span class='ocr_line' id='line_1_6' title="bbox 53 477 857 551; baseline -0.007 -7"><span class='ocrx_word' id='word_1_31' title='bbox 53 479 254 544; x_wconf 74' lang='lat' dir='ltr'><strong>claravallensi</strong></span> <span class='ocrx_word' id='word_1_32' title='bbox 280 486 308 534; x_wconf 90' lang='lat' dir='ltr'><strong>ct</strong></span> <span class='ocrx_word' id='word_1_33' title='bbox 336 477 472 534; x_wconf 87' lang='lat' dir='ltr'><strong>Malachia</strong></span> <span class='ocrx_word' id='word_1_34' title='bbox 495 494 573 551; x_wconf 77' lang='lat' dir='ltr'><strong>agere</strong></span> <span class='ocrx_word' id='word_1_35' title='bbox 596 479 777 537; x_wconf 73' lang='lat' dir='ltr'><strong>velillum:</strong></span> <span class='ocrx_word' id='word_1_36' title='bbox 802 484 857 538; x_wconf 75' lang='lat' dir='ltr'><strong>«ln</strong></span> 
     </span>
     <span class='ocr_line' id='line_1_7' title="bbox 52 550 858 619; baseline -0.002 -7"><span class='ocrx_word' id='word_1_37' title='bbox 52 556 118 619; x_wconf 66' lang='lat' dir='ltr'><strong>&amp;in</strong></span> <span class='ocrx_word' id='word_1_38' title='bbox 157 554 215 616; x_wconf 89' lang='lat' dir='ltr'><strong>nia.</strong></span> <span class='ocrx_word' id='word_1_39' title='bbox 245 550 361 608; x_wconf 83' lang='lat' dir='ltr'><strong>ciritate</strong></span> <span class='ocrx_word' id='word_1_40' title='bbox 387 550 544 618; x_wconf 82' lang='lat' dir='ltr'>Terracina,</span> <span class='ocrx_word' id='word_1_41' title='bbox 571 560 727 607; x_wconf 88' lang='lat' dir='ltr'><strong>sanctorum</strong></span> <span class='ocrx_word' id='word_1_42' title='bbox 758 553 858 610; x_wconf 88' lang='lat' dir='ltr'><strong>Felicis</strong></span> 
     </span>
     <span class='ocr_line' id='line_1_8' title="bbox 52 621 857 705; baseline 0.001 -24"><span class='ocrx_word' id='word_1_43' title='bbox 52 643 113 705; x_wconf 84' lang='lat' dir='ltr'><strong>pres</strong></span> <span class='ocrx_word' id='word_1_44' title='bbox 135 624 209 699; x_wconf 83' lang='lat' dir='ltr'><strong>yteri</strong></span> <span class='ocrx_word' id='word_1_45' title='bbox 225 630 252 680; x_wconf 90' lang='lat' dir='ltr'><strong>et</strong></span> <span class='ocrx_word' id='word_1_46' title='bbox 266 621 381 679; x_wconf 88' lang='lat' dir='ltr'><strong>Eusehii</strong></span> <span class='ocrx_word' id='word_1_47' title='bbox 397 622 527 680; x_wconf 90' lang='lat' dir='ltr'><strong>monachi</strong></span> <span class='ocrx_word' id='word_1_48' title='bbox 541 624 694 696; x_wconf 82' lang='lat' dir='ltr'><strong>martyris·</strong></span> <span class='ocrx_word' id='word_1_49' title='bbox 714 625 795 683; x_wconf 88' lang='lat' dir='ltr'><strong>Deest</strong></span> <span class='ocrx_word' id='word_1_50' title='bbox 810 641 857 682; x_wconf 90' lang='lat' dir='ltr'><strong>en·</strong></span> 
     </span>
     <span class='ocr_line' id='line_1_9' title="bbox 53 696 323 758; baseline -0.03 0"><span class='ocrx_word' id='word_1_51' title='bbox 53 697 197 758; x_wconf 77' lang='lat' dir='ltr'><strong>nuntiatio</strong></span> <span class='ocrx_word' id='word_1_52' title='bbox 210 696 323 752; x_wconf 86' lang='lat' dir='ltr'><strong>ultime.</strong></span> 
     </span>
    </p>

    <p class='ocr_par' dir='ltr' id='par_1_6' title="bbox 44 766 858 1064">
     <span class='ocr_line' id='line_1_10' title="bbox 84 766 858 839; baseline -0.006 -11"><span class='ocrx_word' id='word_1_53' title='bbox 84 771 285 836; x_wconf 74' lang='lat' dir='ltr'><strong>Bnuxsiieu,</strong></span> <span class='ocrx_word' id='word_1_54' title='bbox 316 766 456 838; x_wconf 87' lang='lat' dir='ltr'><strong>inprime</strong></span> <span class='ocrx_word' id='word_1_55' title='bbox 479 767 562 823; x_wconf 89' lang='lat' dir='ltr'><strong>etiem</strong></span> <span class='ocrx_word' id='word_1_56' title='bbox 584 766 650 822; x_wconf 90' lang='lat' dir='ltr'><strong>satis</strong></span> <span class='ocrx_word' id='word_1_57' title='bbox 672 783 767 838; x_wconf 91' lang='lat' dir='ltr'><strong>purus,</strong></span> <span class='ocrx_word' id='word_1_58' title='bbox 797 775 858 839; x_wconf 92' lang='lat' dir='ltr'><strong>post</strong></span> 
     </span>
     <span class='ocr_line' id='line_1_11' title="bbox 55 838 856 912; baseline -0.01 -9"><span class='ocrx_word' id='word_1_59' title='bbox 55 841 165 903; x_wconf 72' lang='lat' dir='ltr'><strong>snecta·</strong></span> <span class='ocrx_word' id='word_1_60' title='bbox 180 839 363 912; x_wconf 80' lang='lat' dir='ltr'><strong>inperatoris,</strong></span> <span class='ocrx_word' id='word_1_61' title='bbox 379 838 488 907; x_wconf 89' lang='lat' dir='ltr'><strong>inserit,</strong></span> <span class='ocrx_word' id='word_1_62' title='bbox 512 865 522 887; x_wconf 83' lang='lat'><strong>«</strong></span> <span class='ocrx_word' id='word_1_63' title='bbox 536 838 607 895; x_wconf 90' lang='lat' dir='ltr'><strong>tenti</strong></span> <span class='ocrx_word' id='word_1_64' title='bbox 620 846 686 895; x_wconf 92' lang='lat' dir='ltr'><strong>sunt</strong></span> <span class='ocrx_word' id='word_1_65' title='bbox 699 855 714 895; x_wconf 89' lang='lat' dir='ltr'><strong>a</strong></span> <span class='ocrx_word' id='word_1_66' title='bbox 727 839 856 908; x_wconf 87' lang='lat' dir='ltr'><strong>Leoncio,</strong></span> 
     </span>
     <span class='ocr_line' id='line_1_12' title="bbox 52 911 856 979; baseline -0.007 -8"><span class='ocrx_word' id='word_1_67' title='bbox 52 913 111 972; x_wconf 87' lang='lat' dir='ltr'><strong>filio</strong></span> <span class='ocrx_word' id='word_1_68' title='bbox 125 912 243 971; x_wconf 72' lang='lat' dir='ltr'><strong>[isoncii</strong></span> <span class='ocrx_word' id='word_1_69' title='bbox 266 911 429 979; x_wconf 87' lang='lat' dir='ltr'><strong>consuleris,</strong></span> <span class='ocrx_word' id='word_1_70' title='bbox 445 911 480 967; x_wconf 93' lang='lat' dir='ltr'><strong>oh</strong></span> <span class='ocrx_word' id='word_1_71' title='bbox 503 927 561 968; x_wconf 90' lang='lat' dir='ltr'><strong>eam</strong></span> <span class='ocrx_word' id='word_1_72' title='bbox 589 912 708 967; x_wconf 84' lang='lat' dir='ltr'><strong>maxime</strong></span> <span class='ocrx_word' id='word_1_73' title='bbox 735 927 856 978; x_wconf 80' lang='lat' dir='ltr'><strong>sarisam,</strong></span> 
     </span>
     <span class='ocr_line' id='line_1_13' title="bbox 44 981 857 1064; baseline -0.004 -23"><span class='ocrx_word' id='word_1_74' title='bbox 44 1022 47 1027; x_wconf 94' lang='lat'>-</span> <span class='ocrx_word' id='word_1_75' title='bbox 91 985 97 997; x_wconf 89' lang='lat'>&#39;</span> <span class='ocrx_word' id='word_1_76' title='bbox 141 983 305 1052; x_wconf 72' lang='lat' dir='ltr'><strong>Coearium,</strong></span> <span class='ocrx_word' id='word_1_77' title='bbox 333 983 380 1056; x_wconf 88' lang='lat' dir='ltr'><strong>qui</strong></span> <span class='ocrx_word' id='word_1_78' title='bbox 416 991 522 1064; x_wconf 90' lang='lat' dir='ltr'><strong>patrem</strong></span> <span class='ocrx_word' id='word_1_79' title='bbox 554 998 636 1039; x_wconf 89' lang='lat' dir='ltr'><strong>eumn</strong></span> <span class='ocrx_word' id='word_1_80' title='bbox 668 981 857 1038; x_wconf 85' lang='lat' dir='ltr'><strong>Christianum</strong></span> 
     </span>
    </p>

    <p class='ocr_par' dir='ltr' id='par_1_7' title="bbox 52 1001 857 1124">
     <span class='ocr_line' id='line_1_14' title="bbox 52 1001 857 1124; baseline -0.005 -10"><span class='ocrx_word' id='word_1_81' title='bbox 52 1001 165 1124; x_wconf 48' lang='grc' dir='ltr'><strong>εἶξαι,</strong></span> <span class='ocrx_word' id='word_1_82' title='bbox 190 1071 298 1113; x_wconf 80' lang='lat' dir='ltr'><strong>necnon</strong></span> <span class='ocrx_word' id='word_1_83' title='bbox 318 1062 345 1110; x_wconf 93' lang='lat' dir='ltr'><strong>et</strong></span> <span class='ocrx_word' id='word_1_84' title='bbox 370 1054 510 1110; x_wconf 83' lang='lat' dir='ltr'><strong>titianum</strong></span> <span class='ocrx_word' id='word_1_85' title='bbox 530 1061 557 1110; x_wconf 93' lang='lat' dir='ltr'><strong>et</strong></span> <span class='ocrx_word' id='word_1_86' title='bbox 580 1053 648 1110; x_wconf 90' lang='lat' dir='ltr'><strong>alins</strong></span> <span class='ocrx_word' id='word_1_87' title='bbox 675 1062 784 1110; x_wconf 87' lang='lat' dir='ltr'><strong>sanctos</strong></span> <span class='ocrx_word' id='word_1_88' title='bbox 807 1053 857 1110; x_wconf 82' lang='lat' dir='ltr'><strong>nsi</strong></span> 
     </span>
    </p>

    <p class='ocr_par' dir='ltr' id='par_1_8' title="bbox 52 1125 858 1202">
     <span class='ocr_line' id='line_1_15' title="bbox 52 1125 858 1202; baseline -0.009 -16"><span class='ocrx_word' id='word_1_89' title='bbox 52 1135 191 1202; x_wconf 84' lang='lat' dir='ltr'><strong>martyres</strong></span> <span class='ocrx_word' id='word_1_90' title='bbox 202 1127 377 1199; x_wconf 73' lang='lat' dir='ltr'><strong>sepelissent,</strong></span> <span class='ocrx_word' id='word_1_91' title='bbox 392 1133 420 1181; x_wconf 90' lang='lat' dir='ltr'><strong>et</strong></span> <span class='ocrx_word' id='word_1_92' title='bbox 436 1126 500 1198; x_wconf 91' lang='lat' dir='ltr'><strong>quia</strong></span> <span class='ocrx_word' id='word_1_93' title='bbox 515 1125 652 1182; x_wconf 81' lang='lat' dir='ltr'><strong>Eusebius</strong></span> <span class='ocrx_word' id='word_1_94' title='bbox 666 1127 769 1181; x_wconf 90' lang='lat' dir='ltr'><strong>multos</strong></span> <span class='ocrx_word' id='word_1_95' title='bbox 786 1141 858 1180; x_wconf 91' lang='lat' dir='ltr'><strong>con—</strong></span> 
     </span>
    </p>

    <p class='ocr_par' dir='ltr' id='par_1_9' title="bbox 30 1196 858 1556">
     <span class='ocr_line' id='line_1_16' title="bbox 51 1196 858 1267; baseline -0.005 -12"><span class='ocrx_word' id='word_1_96' title='bbox 51 1200 173 1267; x_wconf 85' lang='lat' dir='ltr'><strong>vertit,·</strong></span> <span class='ocrx_word' id='word_1_97' title='bbox 193 1207 246 1256; x_wconf 86' lang='lat' dir='ltr'><strong>etc.</strong></span> <span class='ocrx_word' id='word_1_98' title='bbox 263 1199 334 1255; x_wconf 85' lang='lat' dir='ltr'><strong>Dein</strong></span> <span class='ocrx_word' id='word_1_99' title='bbox 350 1215 356 1252; x_wconf 87' lang='lat'>:</span> <span class='ocrx_word' id='word_1_100' title='bbox 375 1221 384 1245; x_wconf 83' lang='lat'>‹</span> <span class='ocrx_word' id='word_1_101' title='bbox 405 1199 440 1252; x_wconf 87' lang='lat' dir='ltr'><strong>Et</strong></span> <span class='ocrx_word' id='word_1_102' title='bbox 453 1205 611 1255; x_wconf 88' lang='lat' dir='ltr'><strong>sanctoruni</strong></span> <span class='ocrx_word' id='word_1_103' title='bbox 626 1196 770 1265; x_wconf 88' lang='lat' dir='ltr'><strong>Domnini,</strong></span> <span class='ocrx_word' id='word_1_104' title='bbox 785 1196 808 1251; x_wconf 88' lang='lat' dir='ltr'>E</span> <span class='ocrx_word' id='word_1_105' title='bbox 830 1197 858 1251; x_wconf 91' lang='lat' dir='ltr'><strong>i-</strong></span> 
     </span>
     <span class='ocr_line' id='line_1_17' title="bbox 30 1268 857 1345; baseline -0.005 -17"><span class='ocrx_word' id='word_1_106' title='bbox 30 1271 161 1345; x_wconf 83' lang='lat' dir='ltr'><strong>·phenii,</strong></span> <span class='ocrx_word' id='word_1_107' title='bbox 177 1269 326 1336; x_wconf 78' lang='lat' dir='ltr'><strong>Antonini,</strong></span> <span class='ocrx_word' id='word_1_108' title='bbox 342 1270 462 1334; x_wconf 76' lang='lat' dir='ltr'><strong>Marciae,</strong></span> <span class='ocrx_word' id='word_1_109' title='bbox 477 1268 610 1326; x_wconf 82' lang='lat' dir='ltr'><strong>Secunde</strong></span> <span class='ocrx_word' id='word_1_110' title='bbox 624 1268 780 1335; x_wconf 84' lang='lat' dir='ltr'><strong>etQuaitae,</strong></span> <span class='ocrx_word' id='word_1_111' title='bbox 818 1283 857 1324; x_wconf 89' lang='lat' dir='ltr'><strong>re·</strong></span> 
     </span>
     <span class='ocr_line' id='line_1_18' title="bbox 51 1340 858 1414; baseline -0.005 -16"><span class='ocrx_word' id='word_1_112' title='bbox 51 1343 138 1412; x_wconf 82' lang='lat' dir='ltr'><strong>reris,</strong></span> <span class='ocrx_word' id='word_1_113' title='bbox 153 1341 294 1414; x_wconf 75' lang='lat' dir='ltr'><strong>depositio</strong></span> <span class='ocrx_word' id='word_1_114' title='bbox 310 1341 397 1397; x_wconf 89' lang='lat' dir='ltr'><strong>sancti</strong></span> <span class='ocrx_word' id='word_1_115' title='bbox 417 1341 518 1397; x_wconf 88' lang='lat' dir='ltr'><strong>Fibicii</strong></span> <span class='ocrx_word' id='word_1_116' title='bbox 535 1340 656 1412; x_wconf 82' lang='lat' dir='ltr'><strong>episcopi</strong></span> <span class='ocrx_word' id='word_1_117' title='bbox 672 1347 699 1395; x_wconf 89' lang='lat' dir='ltr'><strong>et</strong></span> <span class='ocrx_word' id='word_1_118' title='bbox 713 1340 858 1396; x_wconf 85' lang='lat' dir='ltr'><strong>confesso-</strong></span> 
     </span>
     <span class='ocr_line' id='line_1_19' title="bbox 52 1411 857 1482; baseline -0.006 -12"><span class='ocrx_word' id='word_1_119' title='bbox 52 1415 100 1470; x_wconf 92' lang='lat' dir='ltr'><strong>ris.</strong></span> <span class='ocrx_word' id='word_1_120' title='bbox 118 1413 190 1470; x_wconf 88' lang='lat' dir='ltr'><strong>Tum</strong></span> <span class='ocrx_word' id='word_1_121' title='bbox 204 1413 238 1470; x_wconf 88' lang='lat' dir='ltr'><strong>de</strong></span> <span class='ocrx_word' id='word_1_122' title='bbox 252 1411 398 1471; x_wconf 84' lang='lat' dir='ltr'><strong>Malachia.</strong></span> <span class='ocrx_word' id='word_1_123' title='bbox 414 1419 446 1468; x_wconf 92' lang='lat' dir='ltr'><strong>ut</strong></span> <span class='ocrx_word' id='word_1_124' title='bbox 461 1412 544 1467; x_wconf 90' lang='lat' dir='ltr'><strong>hahet</strong></span> <span class='ocrx_word' id='word_1_125' title='bbox 559 1411 685 1482; x_wconf 89' lang='lat' dir='ltr'><strong>superius</strong></span> <span class='ocrx_word' id='word_1_126' title='bbox 700 1414 857 1467; x_wconf 66' lang='lat' dir='ltr'><strong>⁴terrenae.-</strong></span> 
     </span>
     <span class='ocr_line' id='line_1_20' title="bbox 51 1483 571 1556; baseline -0.01 -13"><span class='ocrx_word' id='word_1_127' title='bbox 51 1485 145 1553; x_wconf 72' lang='lat' dir='ltr'><strong>llis,</strong></span> <span class='ocrx_word' id='word_1_128' title='bbox 159 1491 211 1540; x_wconf 89' lang='lat' dir='ltr'><strong>etc.</strong></span> <span class='ocrx_word' id='word_1_129' title='bbox 228 1485 259 1540; x_wconf 94' lang='lat' dir='ltr'><strong>lii</strong></span> <span class='ocrx_word' id='word_1_130' title='bbox 275 1483 330 1539; x_wconf 87' lang='lat' dir='ltr'><strong>line</strong></span> <span class='ocrx_word' id='word_1_131' title='bbox 344 1483 378 1540; x_wconf 93' lang='lat' dir='ltr'><strong>de</strong></span> <span class='ocrx_word' id='word_1_132' title='bbox 392 1484 478 1550; x_wconf 82' lang='lat' dir='ltr'><strong>Laeto,</strong></span> <span class='ocrx_word' id='word_1_133' title='bbox 495 1500 571 1556; x_wconf 89' lang='lat' dir='ltr'><strong>pure.</strong></span> 
     </span>
    </p>

    <p class='ocr_par' dir='ltr' id='par_1_10' title="bbox 60 1552 857 1626">
     <span class='ocr_line' id='line_1_21' title="bbox 60 1552 857 1626; baseline 0.001 -17"><span class='ocrx_word' id='word_1_134' title='bbox 60 1602 64 1609; x_wconf 91' lang='lat'><strong>.</strong></span> <span class='ocrx_word' id='word_1_135' title='bbox 91 1552 857 1626; x_wconf 68' lang='lat' dir='ltr'><strong>Mnemorrn.‹JercsnliinlenateleZachariaeprophetae,</strong></span> 
     </span>
    </p>
   </div>
   <div class='ocr_carea' id='block_1_6' title="bbox 56 1625 859 1755">
    <p class='ocr_par' dir='ltr' id='par_1_11' title="bbox 56 1625 859 1755">
     <span class='ocr_line' id='line_1_22' title="bbox 56 1625 859 1755; baseline -0.002 -74"><span class='ocrx_word' id='word_1_136' title='bbox 56 1627 150 1755; x_wconf 64' lang='lat' dir='ltr'><strong>petris</strong></span> <span class='ocrx_word' id='word_1_137' title='bbox 165 1626 249 1682; x_wconf 86' lang='lat' dir='ltr'><strong>sancti</strong></span> <span class='ocrx_word' id='word_1_138' title='bbox 270 1625 404 1681; x_wconf 82' lang='lat' dir='ltr'><strong>iohannis</strong></span> <span class='ocrx_word' id='word_1_139' title='bbox 417 1626 546 1697; x_wconf 76' lang='lat' dir='ltr'><strong>Baptistae</strong></span> <span class='ocrx_word' id='word_1_140' title='bbox 562 1644 568 1691; x_wconf 92' lang='lat'>;</span> <span class='ocrx_word' id='word_1_141' title='bbox 587 1625 633 1697; x_wconf 89' lang='lat' dir='ltr'><strong>qui</strong></span> <span class='ocrx_word' id='word_1_142' title='bbox 657 1626 710 1680; x_wconf 88' lang='lat' dir='ltr'><strong>luit</strong></span> <span class='ocrx_word' id='word_1_143' title='bbox 726 1625 859 1697; x_wconf 90' lang='lat' dir='ltr'><strong>propheta</strong></span> 
     </span>
    </p>
   </div>
   <div class='ocr_carea' id='block_1_7' title="bbox 911 411 1713 1696">
    <p class='ocr_par' dir='ltr' id='par_1_12' title="bbox 911 411 1713 1696">
     <span class='ocr_line' id='line_1_23' title="bbox 912 411 1458 470; baseline 0 -2"><span class='ocrx_word' id='word_1_144' title='bbox 912 411 1008 469; x_wconf 88' lang='lat' dir='ltr'><strong>heatus</strong></span> <span class='ocrx_word' id='word_1_145' title='bbox 1023 413 1177 469; x_wconf 83' lang='lat' dir='ltr'><strong>Bernartius</strong></span> <span class='ocrx_word' id='word_1_146' title='bbox 1191 413 1257 470; x_wconf 85' lang='lat' dir='ltr'><strong>lecit</strong></span> <span class='ocrx_word' id='word_1_147' title='bbox 1267 429 1431 470; x_wconf 91' lang='lat' dir='ltr'><strong>sermonem.</strong></span> <span class='ocrx_word' id='word_1_148' title='bbox 1448 437 1458 461; x_wconf 73' lang='grc' dir='ltr'><strong>ι</strong></span> 
     </span>
     <span class='ocr_line' id='line_1_24' title="bbox 948 483 1705 556; baseline 0.003 -15"><span class='ocrx_word' id='word_1_149' title='bbox 948 484 1132 541; x_wconf 75' lang='lat' dir='ltr'><strong>Cannensem:</strong></span> <span class='ocrx_word' id='word_1_150' title='bbox 1149 484 1424 552; x_wconf 71' lang='lat' dir='ltr'><strong>‹Eodemdiesenctre</strong></span> <span class='ocrx_word' id='word_1_151' title='bbox 1432 483 1705 556; x_wconf 77' lang='lat' dir='ltr'><strong>modestaevirginis.»</strong></span> 
     </span>
     <span class='ocr_line' id='line_1_25' title="bbox 947 556 1712 637; baseline 0 -24"><span class='ocrx_word' id='word_1_152' title='bbox 947 556 1096 623; x_wconf 77' lang='lat' dir='ltr'><strong>vincis,</strong></span> <span class='ocrx_word' id='word_1_153' title='bbox 1125 556 1250 637; x_wconf 72' lang='lat' dir='ltr'><strong>signatus</strong></span> <span class='ocrx_word' id='word_1_154' title='bbox 1266 573 1342 612; x_wconf 92' lang='lat' dir='ltr'><strong>rium.</strong></span> <span class='ocrx_word' id='word_1_155' title='bbox 1359 557 1442 621; x_wconf 72' lang='lat'><strong>5949,</strong></span> <span class='ocrx_word' id='word_1_156' title='bbox 1468 564 1542 612; x_wconf 88' lang='lat' dir='ltr'><strong>caret</strong></span> <span class='ocrx_word' id='word_1_157' title='bbox 1565 557 1712 613; x_wconf 89' lang='lat' dir='ltr'><strong>annuntia·</strong></span> 
     </span>
     <span class='ocr_line' id='line_1_26' title="bbox 912 626 1710 699; baseline 0.003 -18"><span class='ocrx_word' id='word_1_158' title='bbox 912 626 1036 682; x_wconf 90' lang='lat' dir='ltr'><strong>tionibus</strong></span> <span class='ocrx_word' id='word_1_159' title='bbox 1050 628 1187 684; x_wconf 67' lang='lat' dir='ltr'><strong>Zachariae</strong></span> <span class='ocrx_word' id='word_1_160' title='bbox 1202 635 1230 682; x_wconf 93' lang='lat' dir='ltr'><strong>et</strong></span> <span class='ocrx_word' id='word_1_161' title='bbox 1255 629 1331 684; x_wconf 82' lang='lat' dir='ltr'><strong>Leti.</strong></span> <span class='ocrx_word' id='word_1_162' title='bbox 1361 627 1484 699; x_wconf 79' lang='lat' dir='ltr'><strong>Adjicit:</strong></span> <span class='ocrx_word' id='word_1_163' title='bbox 1513 651 1523 674; x_wconf 82' lang='grc' dir='ltr'>ι</span> <span class='ocrx_word' id='word_1_164' title='bbox 1549 628 1710 695; x_wconf 89' lang='lat' dir='ltr'><strong>Beneventi,</strong></span> 
     </span>
     <span class='ocr_line' id='line_1_27' title="bbox 912 696 1712 770; baseline 0 -17"><span class='ocrx_word' id='word_1_165' title='bbox 912 700 1011 754; x_wconf 89' lang='lat' dir='ltr'><strong>natalis</strong></span> <span class='ocrx_word' id='word_1_166' title='bbox 1024 707 1112 754; x_wconf 89' lang='lat' dir='ltr'><strong>sancti</strong></span> <span class='ocrx_word' id='word_1_167' title='bbox 1127 696 1217 765; x_wconf 82' lang='lat' dir='ltr'><strong>Perdi,</strong></span> <span class='ocrx_word' id='word_1_168' title='bbox 1234 700 1363 770; x_wconf 86' lang='lat' dir='ltr'><strong>martyris</strong></span> <span class='ocrx_word' id='word_1_169' title='bbox 1375 701 1404 754; x_wconf 93' lang='lat' dir='ltr'><strong>in</strong></span> <span class='ocrx_word' id='word_1_170' title='bbox 1419 707 1520 755; x_wconf 77' lang='lat' dir='ltr'><strong>sanctae</strong></span> <span class='ocrx_word' id='word_1_171' title='bbox 1533 697 1652 770; x_wconf 80' lang='lat' dir='ltr'><strong>Sophiae.</strong></span> <span class='ocrx_word' id='word_1_172' title='bbox 1676 699 1712 754; x_wconf 89' lang='lat' dir='ltr'><strong>Et</strong></span> 
     </span>
     <span class='ocr_line' id='line_1_28' title="bbox 911 769 1540 843; baseline 0.002 -18"><span class='ocrx_word' id='word_1_173' title='bbox 911 778 1013 826; x_wconf 76' lang='lat' dir='ltr'><strong>sancte</strong></span> <span class='ocrx_word' id='word_1_174' title='bbox 1026 769 1183 841; x_wconf 82' lang='lat' dir='ltr'><strong>Trophirnae</strong></span> <span class='ocrx_word' id='word_1_175' title='bbox 1199 771 1316 841; x_wconf 81' lang='lat' dir='ltr'><strong>virginis</strong></span> <span class='ocrx_word' id='word_1_176' title='bbox 1330 779 1357 826; x_wconf 91' lang='lat' dir='ltr'><strong>et</strong></span> <span class='ocrx_word' id='word_1_177' title='bbox 1374 770 1514 843; x_wconf 91' lang='lat' dir='ltr'><strong>martyris.</strong></span> <span class='ocrx_word' id='word_1_178' title='bbox 1531 794 1540 818; x_wconf 75' lang='grc' dir='ltr'><strong>ι</strong></span> 
     </span>
     <span class='ocr_line' id='line_1_29' title="bbox 948 840 1712 914; baseline 0.001 -17"><span class='ocrx_word' id='word_1_179' title='bbox 948 841 1118 898; x_wconf 79' lang='lat' dir='ltr'><strong>Ucenniris.</strong></span> <span class='ocrx_word' id='word_1_180' title='bbox 1133 842 1162 896; x_wconf 91' lang='lat' dir='ltr'><strong>iri</strong></span> <span class='ocrx_word' id='word_1_181' title='bbox 1171 841 1225 896; x_wconf 86' lang='lat' dir='ltr'><strong>line</strong></span> <span class='ocrx_word' id='word_1_182' title='bbox 1238 860 1242 896; x_wconf 94' lang='lat'>:</span> <span class='ocrx_word' id='word_1_183' title='bbox 1263 842 1563 913; x_wconf 84' lang='lat' dir='ltr'><strong>‹ApudClarevallem,</strong></span> <span class='ocrx_word' id='word_1_184' title='bbox 1574 840 1712 914; x_wconf 84' lang='lat' dir='ltr'><strong>depositio</strong></span> 
     </span>
     <span class='ocr_line' id='line_1_30' title="bbox 912 913 1617 985; baseline 0.003 -19"><span class='ocrx_word' id='word_1_185' title='bbox 912 913 999 968; x_wconf 88' lang='lat' dir='ltr'><strong>sancti</strong></span> <span class='ocrx_word' id='word_1_186' title='bbox 1012 914 1151 968; x_wconf 78' lang='lat' dir='ltr'><strong>Melacliire</strong></span> <span class='ocrx_word' id='word_1_187' title='bbox 1162 913 1358 985; x_wconf 88' lang='lat' dir='ltr'><strong>archiepiscopi</strong></span> <span class='ocrx_word' id='word_1_188' title='bbox 1373 921 1399 969; x_wconf 91' lang='lat' dir='ltr'><strong>et</strong></span> <span class='ocrx_word' id='word_1_189' title='bbox 1413 913 1587 970; x_wconf 79' lang='lat' dir='ltr'><strong>confessoris.</strong></span> <span class='ocrx_word' id='word_1_190' title='bbox 1608 938 1617 961; x_wconf 74' lang='lat' dir='ltr'><strong>s</strong></span> 
     </span>
     <span class='ocr_line' id='line_1_31' title="bbox 947 983 1712 1056; baseline 0.005 -18"><span class='ocrx_word' id='word_1_191' title='bbox 947 985 1094 1039; x_wconf 74' lang='lat' dir='ltr'><strong>Ditiones.</strong></span> <span class='ocrx_word' id='word_1_192' title='bbox 1127 985 1248 1039; x_wconf 87' lang='lat' dir='ltr'><strong>ecclesiae</strong></span> <span class='ocrx_word' id='word_1_193' title='bbox 1277 985 1364 1039; x_wconf 88' lang='lat' dir='ltr'><strong>sancti</strong></span> <span class='ocrx_word' id='word_1_194' title='bbox 1391 984 1522 1056; x_wconf 87' lang='lat' dir='ltr'><strong>Stephani</strong></span> <span class='ocrx_word' id='word_1_195' title='bbox 1548 1004 1553 1040; x_wconf 94' lang='lat'>:</span> <span class='ocrx_word' id='word_1_196' title='bbox 1582 983 1712 1056; x_wconf 76' lang='lat' dir='ltr'><strong>hingonis</strong></span> 
     </span>
     <span class='ocr_line' id='line_1_32' title="bbox 912 1055 1602 1128; baseline 0.001 -17"><span class='ocrx_word' id='word_1_197' title='bbox 912 1055 1034 1119; x_wconf 85' lang='lat' dir='ltr'><strong>civitate,</strong></span> <span class='ocrx_word' id='word_1_198' title='bbox 1050 1055 1194 1111; x_wconf 88' lang='lat' dir='ltr'><strong>translatio</strong></span> <span class='ocrx_word' id='word_1_199' title='bbox 1204 1056 1290 1111; x_wconf 89' lang='lat' dir='ltr'><strong>sancti</strong></span> <span class='ocrx_word' id='word_1_200' title='bbox 1306 1056 1429 1125; x_wconf 74' lang='lat' dir='ltr'><strong>Gregorii</strong></span> <span class='ocrx_word' id='word_1_201' title='bbox 1446 1056 1576 1128; x_wconf 90' lang='lat' dir='ltr'><strong>episcopi.</strong></span> <span class='ocrx_word' id='word_1_202' title='bbox 1593 1080 1602 1104; x_wconf 77' lang='grc' dir='ltr'><strong>ι</strong></span> 
     </span>
     <span class='ocr_line' id='line_1_33' title="bbox 947 1126 1710 1207; baseline 0.004 -27"><span class='ocrx_word' id='word_1_203' title='bbox 947 1126 1042 1181; x_wconf 89' lang='lat' dir='ltr'><strong>Editio</strong></span> <span class='ocrx_word' id='word_1_204' title='bbox 1054 1127 1172 1182; x_wconf 80' lang='lat' dir='ltr'><strong>huneco.</strong></span> <span class='ocrx_word' id='word_1_205' title='bbox 1190 1126 1254 1183; x_wconf 85' lang='lat' dir='ltr'><strong>Coi.</strong></span> <span class='ocrx_word' id='word_1_206' title='bbox 1268 1128 1384 1197; x_wconf 88' lang='lat' dir='ltr'><strong>primani</strong></span> <span class='ocrx_word' id='word_1_207' title='bbox 1406 1127 1471 1182; x_wconf 88' lang='lat' dir='ltr'><strong>setis</strong></span> <span class='ocrx_word' id='word_1_208' title='bbox 1492 1144 1590 1207; x_wconf 87' lang='lat' dir='ltr'><strong>puram</strong></span> <span class='ocrx_word' id='word_1_209' title='bbox 1618 1126 1710 1196; x_wconf 88' lang='lat' dir='ltr'><strong>hahet,</strong></span> 
     </span>
     <span class='ocr_line' id='line_1_34' title="bbox 912 1196 1713 1269; baseline 0.005 -18"><span class='ocrx_word' id='word_1_210' title='bbox 912 1196 1075 1253; x_wconf 86' lang='lat' dir='ltr'><strong>insecenda</strong></span> <span class='ocrx_word' id='word_1_211' title='bbox 1101 1198 1208 1253; x_wconf 82' lang='lat' dir='ltr'><strong>modice</strong></span> <span class='ocrx_word' id='word_1_212' title='bbox 1223 1199 1388 1269; x_wconf 90' lang='lat' dir='ltr'><strong>interpolata</strong></span> <span class='ocrx_word' id='word_1_213' title='bbox 1407 1206 1463 1254; x_wconf 90' lang='lat' dir='ltr'><strong>est:</strong></span> <span class='ocrx_word' id='word_1_214' title='bbox 1490 1215 1520 1253; x_wconf 93' lang='lat' dir='ltr'><strong>in</strong></span> <span class='ocrx_word' id='word_1_215' title='bbox 1542 1199 1622 1253; x_wconf 90' lang='lat' dir='ltr'><strong>tertia</strong></span> <span class='ocrx_word' id='word_1_216' title='bbox 1634 1197 1713 1255; x_wconf 87' lang='lat' dir='ltr'><strong>addit</strong></span> 
     </span>
     <span class='ocr_line' id='line_1_35' title="bbox 912 1268 1712 1350; baseline 0.005 -29"><span class='ocrx_word' id='word_1_217' title='bbox 912 1268 1110 1337; x_wconf 76' lang='lat' dir='ltr'><strong>etconseescris.</strong></span> <span class='ocrx_word' id='word_1_218' title='bbox 1123 1269 1202 1323; x_wconf 84' lang='lat' dir='ltr'><strong>Tum:</strong></span> <span class='ocrx_word' id='word_1_219' title='bbox 1214 1294 1222 1315; x_wconf 80' lang='grc' dir='ltr'>ι</span> <span class='ocrx_word' id='word_1_220' title='bbox 1233 1269 1368 1336; x_wconf 86' lang='lat' dir='ltr'><strong>Treveris,</strong></span> <span class='ocrx_word' id='word_1_221' title='bbox 1381 1268 1468 1324; x_wconf 86' lang='lat' dir='ltr'><strong>sancti</strong></span> <span class='ocrx_word' id='word_1_222' title='bbox 1480 1268 1580 1325; x_wconf 88' lang='lat' dir='ltr'><strong>Fibicii</strong></span> <span class='ocrx_word' id='word_1_223' title='bbox 1590 1269 1712 1350; x_wconf 86' lang='lat' dir='ltr'><strong>episcopi</strong></span> 
     </span>
     <span class='ocr_line' id='line_1_36' title="bbox 913 1340 1711 1410; baseline 0.003 -17"><span class='ocrx_word' id='word_1_224' title='bbox 913 1347 940 1393; x_wconf 91' lang='lat' dir='ltr'><strong>et</strong></span> <span class='ocrx_word' id='word_1_225' title='bbox 953 1340 1126 1395; x_wconf 83' lang='lat' dir='ltr'><strong>confessoris.</strong></span> <span class='ocrx_word' id='word_1_226' title='bbox 1143 1341 1174 1395; x_wconf 91' lang='lat' dir='ltr'><strong>ln</strong></span> <span class='ocrx_word' id='word_1_227' title='bbox 1189 1340 1332 1396; x_wconf 90' lang='lat' dir='ltr'><strong>territorio</strong></span> <span class='ocrx_word' id='word_1_228' title='bbox 1351 1340 1528 1410; x_wconf 69' lang='lat' dir='ltr'><strong>lingonensi,</strong></span> <span class='ocrx_word' id='word_1_229' title='bbox 1545 1348 1711 1395; x_wconf 87' lang='lat' dir='ltr'><strong>monasterio</strong></span> 
     </span>
     <span class='ocr_line' id='line_1_37' title="bbox 912 1410 1710 1481; baseline 0 -15"><span class='ocrx_word' id='word_1_230' title='bbox 912 1410 1083 1478; x_wconf 84' lang='lat' dir='ltr'><strong>Clerevallis,</strong></span> <span class='ocrx_word' id='word_1_231' title='bbox 1100 1411 1187 1466; x_wconf 90' lang='lat' dir='ltr'><strong>sancti</strong></span> <span class='ocrx_word' id='word_1_232' title='bbox 1205 1411 1344 1467; x_wconf 79' lang='lat' dir='ltr'><strong>Malachiae</strong></span> <span class='ocrx_word' id='word_1_233' title='bbox 1357 1412 1476 1481; x_wconf 87' lang='lat' dir='ltr'><strong>episcopi</strong></span> <span class='ocrx_word' id='word_1_234' title='bbox 1493 1418 1520 1466; x_wconf 89' lang='lat' dir='ltr'><strong>et</strong></span> <span class='ocrx_word' id='word_1_235' title='bbox 1535 1411 1710 1476; x_wconf 85' lang='lat' dir='ltr'><strong>cctilessnris,</strong></span> 
     </span>
     <span class='ocr_line' id='line_1_38' title="bbox 912 1481 1713 1607; baseline 0.001 -72"><span class='ocrx_word' id='word_1_236' title='bbox 912 1482 960 1607; x_wconf 80' lang='lat' dir='ltr'><strong>qni</strong></span> <span class='ocrx_word' id='word_1_237' title='bbox 974 1483 1027 1537; x_wconf 88' lang='lat' dir='ltr'><strong>luit</strong></span> <span class='ocrx_word' id='word_1_238' title='bbox 1042 1482 1196 1554; x_wconf 90' lang='lat' dir='ltr'><strong>patriarche</strong></span> <span class='ocrx_word' id='word_1_239' title='bbox 1215 1483 1299 1537; x_wconf 90' lang='lat' dir='ltr'><strong>totins</strong></span> <span class='ocrx_word' id='word_1_240' title='bbox 1315 1482 1452 1538; x_wconf 78' lang='lat' dir='ltr'><strong>Hibernia</strong></span> <span class='ocrx_word' id='word_1_241' title='bbox 1467 1490 1494 1536; x_wconf 92' lang='lat' dir='ltr'><strong>et</strong></span> <span class='ocrx_word' id='word_1_242' title='bbox 1519 1483 1618 1552; x_wconf 83' lang='lat' dir='ltr'><strong>legitur</strong></span> <span class='ocrx_word' id='word_1_243' title='bbox 1643 1481 1713 1536; x_wconf 87' lang='lat' dir='ltr'><strong>iun-</strong></span> 
     </span>
     <span class='ocr_line' id='line_1_39' title="bbox 931 1552 1710 1625; baseline 0 -18"><span class='ocrx_word' id='word_1_244' title='bbox 931 1568 990 1608; x_wconf 81' lang='lat' dir='ltr'><strong>esse</strong></span> <span class='ocrx_word' id='word_1_245' title='bbox 1015 1553 1215 1625; x_wconf 81' lang='lat' dir='ltr'><strong>quinquaginta</strong></span> <span class='ocrx_word' id='word_1_246' title='bbox 1243 1563 1360 1625; x_wconf 90' lang='lat' dir='ltr'><strong>quatuor</strong></span> <span class='ocrx_word' id='word_1_247' title='bbox 1388 1553 1517 1609; x_wconf 89' lang='lat' dir='ltr'><strong>ecclesias</strong></span> <span class='ocrx_word' id='word_1_248' title='bbox 1543 1552 1710 1622; x_wconf 77' lang='lat' dir='ltr'><strong>collegiatae.</strong></span> 
     </span>
     <span class='ocr_line' id='line_1_40' title="bbox 912 1623 1712 1696; baseline -0.003 -16"><span class='ocrx_word' id='word_1_249' title='bbox 912 1623 991 1695; x_wconf 89' lang='lat' dir='ltr'><strong>cujus</strong></span> <span class='ocrx_word' id='word_1_250' title='bbox 1005 1633 1032 1679; x_wconf 88' lang='lat' dir='ltr'><strong>et</strong></span> <span class='ocrx_word' id='word_1_251' title='bbox 1047 1625 1105 1680; x_wconf 84' lang='lat' dir='ltr'><strong>vita</strong></span> <span class='ocrx_word' id='word_1_252' title='bbox 1119 1625 1269 1679; x_wconf 82' lang='lat' dir='ltr'><strong>virtutibus</strong></span> <span class='ocrx_word' id='word_1_253' title='bbox 1285 1627 1364 1696; x_wconf 91' lang='lat' dir='ltr'><strong>plena</strong></span> <span class='ocrx_word' id='word_1_254' title='bbox 1380 1625 1517 1680; x_wconf 72' lang='lat' dir='ltr'><strong>refulsit·</strong></span> <span class='ocrx_word' id='word_1_255' title='bbox 1536 1625 1566 1679; x_wconf 94' lang='lat' dir='ltr'><strong>ln</strong></span> <span class='ocrx_word' id='word_1_256' title='bbox 1576 1623 1712 1681; x_wconf 88' lang='lat' dir='ltr'><strong>Castellau</strong></span> 
     </span>
    </p>
   </div>
   <div class='ocr_carea' id='block_1_8' title="bbox 54 1695 1712 1848">
    <p class='ocr_par' dir='ltr' id='par_1_13' title="bbox 54 1695 1712 1848">
     <span class='ocr_line' id='line_1_41' title="bbox 84 1695 1474 1823; baseline -0.001 -70"><span class='ocrx_word' id='word_1_257' title='bbox 84 1697 133 1753; x_wconf 83' lang='lat' dir='ltr'><strong>ovi</strong></span> <span class='ocrx_word' id='word_1_258' title='bbox 146 1697 320 1764; x_wconf 82' lang='lat' dir='ltr'><strong>Testamenti,</strong></span> <span class='ocrx_word' id='word_1_259' title='bbox 331 1695 412 1767; x_wconf 87' lang='lat' dir='ltr'><strong>cujus</strong></span> <span class='ocrx_word' id='word_1_260' title='bbox 426 1714 456 1752; x_wconf 91' lang='lat' dir='ltr'><strong>os</strong></span> <span class='ocrx_word' id='word_1_261' title='bbox 469 1698 569 1753; x_wconf 90' lang='lat' dir='ltr'><strong>clausit</strong></span> <span class='ocrx_word' id='word_1_262' title='bbox 581 1696 694 1823; x_wconf 81' lang='lat' dir='ltr'><strong>anqelus</strong></span> <span class='ocrx_word' id='word_1_263' title='bbox 704 1697 732 1752; x_wconf 90' lang='lat' dir='ltr'><strong>iri</strong></span> <span class='ocrx_word' id='word_1_264' title='bbox 744 1698 856 1767; x_wconf 86' lang='lat' dir='ltr'><strong>teniplc,</strong></span> <span class='ocrx_word' id='word_1_265' title='bbox 873 1701 895 1760; x_wconf 87' lang='grc' dir='ltr'>Β</span> <span class='ocrx_word' id='word_1_266' title='bbox 914 1713 943 1751; x_wconf 93' lang='lat' dir='ltr'><strong>ii.</strong></span> <span class='ocrx_word' id='word_1_267' title='bbox 959 1695 1093 1752; x_wconf 90' lang='lat' dir='ltr'><strong>Novemb.</strong></span> <span class='ocrx_word' id='word_1_268' title='bbox 1112 1697 1233 1768; x_wconf 90' lang='lat' dir='ltr'><strong>ponitur,</strong></span> <span class='ocrx_word' id='word_1_269' title='bbox 1251 1696 1280 1751; x_wconf 91' lang='lat' dir='ltr'><strong>in</strong></span> <span class='ocrx_word' id='word_1_270' title='bbox 1296 1698 1418 1752; x_wconf 82' lang='lat' dir='ltr'><strong>lloinano</strong></span> <span class='ocrx_word' id='word_1_271' title='bbox 1435 1713 1474 1751; x_wconf 92' lang='lat' dir='ltr'><strong>iii.</strong></span> 
     </span>
     <span class='ocr_line' id='line_1_42' title="bbox 54 1766 1712 1848; baseline -0.002 -23"><span class='ocrx_word' id='word_1_272' title='bbox 54 1785 124 1825; x_wconf 89' lang='lat' dir='ltr'><strong>cum</strong></span> <span class='ocrx_word' id='word_1_273' title='bbox 138 1767 173 1825; x_wconf 87' lang='lat' dir='ltr'><strong>dc</strong></span> <span class='ocrx_word' id='word_1_274' title='bbox 186 1767 331 1825; x_wconf 81' lang='lat' dir='ltr'><strong>nativitate</strong></span> <span class='ocrx_word' id='word_1_275' title='bbox 352 1768 415 1833; x_wconf 88' lang='lat' dir='ltr'><strong>silii,</strong></span> <span class='ocrx_word' id='word_1_276' title='bbox 443 1784 525 1840; x_wconf 88' lang='lat' dir='ltr'><strong>quem</strong></span> <span class='ocrx_word' id='word_1_277' title='bbox 553 1785 621 1839; x_wconf 84' lang='lat' dir='ltr'><strong>ange</strong></span> <span class='ocrx_word' id='word_1_278' title='bbox 635 1784 665 1823; x_wconf 91' lang='lat' dir='ltr'><strong>us</strong></span> <span class='ocrx_word' id='word_1_279' title='bbox 695 1767 856 1840; x_wconf 74' lang='lat' dir='ltr'><strong>predicavit</strong></span> <span class='ocrx_word' id='word_1_280' title='bbox 949 1766 1075 1822; x_wconf 79' lang='lat' dir='ltr'><strong>Grinnes.</strong></span> <span class='ocrx_word' id='word_1_281' title='bbox 1095 1786 1100 1823; x_wconf 93' lang='lat'>:</span> <span class='ocrx_word' id='word_1_282' title='bbox 1122 1767 1178 1822; x_wconf 82' lang='lat' dir='ltr'><strong>«ln</strong></span> <span class='ocrx_word' id='word_1_283' title='bbox 1195 1768 1316 1824; x_wconf 76' lang='lat' dir='ltr'><strong>Cesarea</strong></span> <span class='ocrx_word' id='word_1_284' title='bbox 1339 1767 1527 1848; x_wconf 69' lang='lat' dir='ltr'><strong>Cappadociae,</strong></span> <span class='ocrx_word' id='word_1_285' title='bbox 1555 1774 1712 1823; x_wconf 85' lang='lat' dir='ltr'><strong>sanctorum</strong></span> 
     </span>
    </p>
   </div>
   <div class='ocr_carea' id='block_1_9' title="bbox 51 1839 856 1992">
    <p class='ocr_par' dir='ltr' id='par_1_14' title="bbox 51 1839 856 1992">
     <span class='ocr_line' id='line_1_43' title="bbox 52 1839 808 1966; baseline -0.003 -70"><span class='ocrx_word' id='word_1_286' title='bbox 52 1840 241 1920; x_wconf 64' lang='lat' dir='ltr'><strong>nescitum,</strong></span> <span class='ocrx_word' id='word_1_287' title='bbox 266 1856 322 1895; x_wconf 93' lang='lat' dir='ltr'><strong>non</strong></span> <span class='ocrx_word' id='word_1_288' title='bbox 343 1839 472 1908; x_wconf 85' lang='lat' dir='ltr'><strong>eredidit,</strong></span> <span class='ocrx_word' id='word_1_289' title='bbox 493 1846 520 1895; x_wconf 89' lang='lat' dir='ltr'><strong>et</strong></span> <span class='ocrx_word' id='word_1_290' title='bbox 547 1839 625 1966; x_wconf 77' lang='lat' dir='ltr'><strong>sicp</strong></span> <span class='ocrx_word' id='word_1_291' title='bbox 657 1911 662 1920; x_wconf 37' lang='grc' dir='ltr'>Ι</span> <span class='ocrx_word' id='word_1_292' title='bbox 742 1911 746 1920; x_wconf 34' lang='lat'>¹</span> <span class='ocrx_word' id='word_1_293' title='bbox 772 1910 776 1919; x_wconf 36' lang='grc' dir='ltr'>Ι</span> <span class='ocrx_word' id='word_1_294' title='bbox 803 1910 808 1919; x_wconf 34' lang='lat'><strong>·</strong></span> 
     </span>
     <span class='ocr_line' id='line_1_44' title="bbox 51 1909 856 1992; baseline -0.002 -25"><span class='ocrx_word' id='word_1_295' title='bbox 51 1910 194 1967; x_wconf 80' lang='lat' dir='ltr'><strong>lohannes</strong></span> <span class='ocrx_word' id='word_1_296' title='bbox 207 1910 338 1983; x_wconf 80' lang='lat' dir='ltr'><strong>Baptista</strong></span> <span class='ocrx_word' id='word_1_297' title='bbox 351 1912 487 1992; x_wconf 86' lang='lat' dir='ltr'><strong>loquelam</strong></span> <span class='ocrx_word' id='word_1_298' title='bbox 499 1919 526 1966; x_wconf 92' lang='lat' dir='ltr'><strong>et</strong></span> <span class='ocrx_word' id='word_1_299' title='bbox 537 1927 604 1991; x_wconf 89' lang='lat' dir='ltr'><strong>prop</strong></span> <span class='ocrx_word' id='word_1_300' title='bbox 627 1919 709 1966; x_wconf 88' lang='lat' dir='ltr'><strong>etiarn</strong></span> <span class='ocrx_word' id='word_1_301' title='bbox 720 1909 856 1966; x_wconf 87' lang='lat' dir='ltr'><strong>divinitus</strong></span> 
     </span>
    </p>
   </div>
   <div class='ocr_carea' id='block_1_10' title="bbox 53 1981 857 2054">
    <p class='ocr_par' dir='ltr' id='par_1_15' title="bbox 53 1981 857 2054">
     <span class='ocr_line' id='line_1_45' title="bbox 53 1981 857 2054; baseline -0.004 -16"><span class='ocrx_word' id='word_1_302' title='bbox 53 1982 171 2053; x_wconf 85' lang='lat' dir='ltr'><strong>recepit,</strong></span> <span class='ocrx_word' id='word_1_303' title='bbox 188 1990 217 2038; x_wconf 91' lang='lat' dir='ltr'><strong>et</strong></span> <span class='ocrx_word' id='word_1_304' title='bbox 232 1982 406 2054; x_wconf 85' lang='lat' dir='ltr'><strong>prophetavit</strong></span> <span class='ocrx_word' id='word_1_305' title='bbox 421 1982 454 2038; x_wconf 90' lang='lat' dir='ltr'><strong>dc</strong></span> <span class='ocrx_word' id='word_1_306' title='bbox 477 1981 599 2049; x_wconf 88' lang='lat' dir='ltr'><strong>Christe,</strong></span> <span class='ocrx_word' id='word_1_307' title='bbox 622 1998 650 2036; x_wconf 93' lang='lat' dir='ltr'><strong>in</strong></span> <span class='ocrx_word' id='word_1_308' title='bbox 667 1989 745 2036; x_wconf 92' lang='lat' dir='ltr'><strong>utero</strong></span> <span class='ocrx_word' id='word_1_309' title='bbox 762 1982 857 2036; x_wconf 92' lang='lat' dir='ltr'><strong>matris</strong></span> 
     </span>
    </p>
   </div>
   <div class='ocr_carea' id='block_1_11' title="bbox 623 1837 1714 1909">
    <p class='ocr_par' dir='ltr' id='par_1_16' title="bbox 623 1837 1714 1909">
     <span class='ocr_line' id='line_1_46' title="bbox 623 1837 1714 1909; baseline -0.002 -15"><span class='ocrx_word' id='word_1_310' title='bbox 623 1846 665 1895; x_wconf 93' lang='lat' dir='ltr'><strong>ost</strong></span> <span class='ocrx_word' id='word_1_311' title='bbox 681 1839 855 1894; x_wconf 86' lang='lat' dir='ltr'><strong>nativitatem</strong></span> <span class='ocrx_word' id='word_1_312' title='bbox 910 1837 1035 1905; x_wconf 86' lang='lat' dir='ltr'><strong>Domini,</strong></span> <span class='ocrx_word' id='word_1_313' title='bbox 1053 1838 1213 1909; x_wconf 87' lang='lat' dir='ltr'><strong>Epiphanii,</strong></span> <span class='ocrx_word' id='word_1_314' title='bbox 1247 1839 1394 1906; x_wconf 88' lang='lat' dir='ltr'><strong>Antonini,</strong></span> <span class='ocrx_word' id='word_1_315' title='bbox 1425 1838 1509 1893; x_wconf 89' lang='lat' dir='ltr'><strong>Marci</strong></span> <span class='ocrx_word' id='word_1_316' title='bbox 1537 1837 1658 1908; x_wconf 89' lang='lat' dir='ltr'><strong>episcopi</strong></span> <span class='ocrx_word' id='word_1_317' title='bbox 1686 1845 1714 1893; x_wconf 92' lang='lat' dir='ltr'><strong>et</strong></span> 
     </span>
    </p>
   </div>
   <div class='ocr_carea' id='block_1_12' title="bbox 911 1908 1714 2047">
    <p class='ocr_par' dir='ltr' id='par_1_17' title="bbox 911 1908 1714 2047">
     <span class='ocr_line' id='line_1_47' title="bbox 911 1908 1714 1997; baseline -0.002 -33"><span class='ocrx_word' id='word_1_318' title='bbox 911 1909 1030 1964; x_wconf 93' lang='lat' dir='ltr'><strong>aliorum</strong></span> <span class='ocrx_word' id='word_1_319' title='bbox 1041 1909 1189 1989; x_wconf 69' lang='lat' dir='ltr'><strong>decernis</strong></span> <span class='ocrx_word' id='word_1_320' title='bbox 1205 1910 1298 1997; x_wconf 80' lang='lat' dir='ltr'><strong>Capria</strong></span> <span class='ocrx_word' id='word_1_321' title='bbox 1311 1909 1425 1964; x_wconf 86' lang='lat' dir='ltr'><strong>civitate</strong></span> <span class='ocrx_word' id='word_1_322' title='bbox 1435 1908 1601 1988; x_wconf 73' lang='lat' dir='ltr'><strong>Campaniae,</strong></span> <span class='ocrx_word' id='word_1_323' title='bbox 1614 1909 1714 1988; x_wconf 77' lang='lat' dir='ltr'><strong>natalis</strong></span> 
     </span>
     <span class='ocr_line' id='line_1_48' title="bbox 912 1979 1713 2047; baseline -0.001 -14"><span class='ocrx_word' id='word_1_324' title='bbox 912 1987 1071 2035; x_wconf 87' lang='lat' dir='ltr'><strong>sanctorum</strong></span> <span class='ocrx_word' id='word_1_325' title='bbox 1086 1980 1204 2047; x_wconf 82' lang='lat' dir='ltr'><strong>Marciae,</strong></span> <span class='ocrx_word' id='word_1_326' title='bbox 1235 1979 1377 2045; x_wconf 76' lang='lat' dir='ltr'><strong>Secundae,</strong></span> <span class='ocrx_word' id='word_1_327' title='bbox 1405 1979 1547 2034; x_wconf 82' lang='lat' dir='ltr'><strong>Schrrudae</strong></span> <span class='ocrx_word' id='word_1_328' title='bbox 1565 1988 1592 2034; x_wconf 89' lang='lat' dir='ltr'><strong>et</strong></span> <span class='ocrx_word' id='word_1_329' title='bbox 1605 1979 1713 2045; x_wconf 87' lang='lat' dir='ltr'><strong>Quarti.</strong></span> 
     </span>
    </p>
   </div>
   <div class='ocr_carea' id='block_1_13' title="bbox 53 2049 1719 2980">
    <p class='ocr_par' dir='ltr' id='par_1_18' title="bbox 53 2049 1719 2980">
     <span class='ocr_line' id='line_1_49' title="bbox 53 2049 1713 2121; baseline -0.004 -11"><span class='ocrx_word' id='word_1_330' title='bbox 53 2070 111 2110; x_wconf 72' lang='lat' dir='ltr'><strong>suae</strong></span> <span class='ocrx_word' id='word_1_331' title='bbox 125 2051 220 2108; x_wconf 89' lang='lat' dir='ltr'><strong>adhuc</strong></span> <span class='ocrx_word' id='word_1_332' title='bbox 233 2055 335 2121; x_wconf 91' lang='lat' dir='ltr'><strong>clauso,</strong></span> <span class='ocrx_word' id='word_1_333' title='bbox 354 2053 421 2109; x_wconf 91' lang='lat' dir='ltr'><strong>etde</strong></span> <span class='ocrx_word' id='word_1_334' title='bbox 435 2053 552 2108; x_wconf 86' lang='lat' dir='ltr'><strong>suolilic</strong></span> <span class='ocrx_word' id='word_1_335' title='bbox 562 2061 637 2108; x_wconf 89' lang='lat' dir='ltr'><strong>nato.</strong></span> <span class='ocrx_word' id='word_1_336' title='bbox 656 2053 706 2108; x_wconf 88' lang='lat' dir='ltr'><strong>llic</strong></span> <span class='ocrx_word' id='word_1_337' title='bbox 715 2052 859 2108; x_wconf 84' lang='lat' dir='ltr'><strong>Zacharias</strong></span> <span class='ocrx_word' id='word_1_338' title='bbox 913 2050 1048 2115; x_wconf 86' lang='lat' dir='ltr'><strong>Treveris,</strong></span> <span class='ocrx_word' id='word_1_339' title='bbox 1065 2051 1152 2106; x_wconf 91' lang='lat' dir='ltr'><strong>sancti</strong></span> <span class='ocrx_word' id='word_1_340' title='bbox 1168 2050 1266 2105; x_wconf 76' lang='lat' dir='ltr'><strong>sinicii</strong></span> <span class='ocrx_word' id='word_1_341' title='bbox 1284 2051 1403 2118; x_wconf 87' lang='lat' dir='ltr'><strong>episcopi</strong></span> <span class='ocrx_word' id='word_1_342' title='bbox 1418 2058 1445 2104; x_wconf 94' lang='lat' dir='ltr'><strong>et</strong></span> <span class='ocrx_word' id='word_1_343' title='bbox 1460 2049 1634 2106; x_wconf 82' lang='lat' dir='ltr'><strong>contessoris.</strong></span> <span class='ocrx_word' id='word_1_344' title='bbox 1646 2050 1713 2104; x_wconf 89' lang='lat' dir='ltr'><strong>ltern</strong></span> 
     </span>
     <span class='ocr_line' id='line_1_50' title="bbox 54 2118 1716 2196; baseline -0.004 -16"><span class='ocrx_word' id='word_1_345' title='bbox 54 2122 254 2196; x_wconf 84' lang='lat' dir='ltr'><strong>aquibusdam</strong></span> <span class='ocrx_word' id='word_1_346' title='bbox 283 2123 387 2178; x_wconf 90' lang='lat' dir='ltr'><strong>dicitur</strong></span> <span class='ocrx_word' id='word_1_347' title='bbox 414 2124 500 2178; x_wconf 88' lang='lat' dir='ltr'><strong>inisse</strong></span> <span class='ocrx_word' id='word_1_348' title='bbox 526 2123 664 2194; x_wconf 89' lang='lat' dir='ltr'><strong>lapidatus</strong></span> <span class='ocrx_word' id='word_1_349' title='bbox 689 2123 724 2176; x_wconf 93' lang='lat' dir='ltr'><strong>ab</strong></span> <span class='ocrx_word' id='word_1_350' title='bbox 752 2124 858 2177; x_wconf 89' lang='lat' dir='ltr'><strong>Herode</strong></span> <span class='ocrx_word' id='word_1_351' title='bbox 913 2121 999 2175; x_wconf 87' lang='lat' dir='ltr'><strong>sancti</strong></span> <span class='ocrx_word' id='word_1_352' title='bbox 1016 2120 1136 2177; x_wconf 76' lang='lat' dir='ltr'><strong>Cesarii.</strong></span> <span class='ocrx_word' id='word_1_353' title='bbox 1165 2120 1464 2189; x_wconf 79' lang='lat' dir='ltr'><strong>ilpndCistercienses,</strong></span> <span class='ocrx_word' id='word_1_354' title='bbox 1490 2118 1716 2175; x_wconf 83' lang='lat' dir='ltr'><strong>hoediclestiva</strong></span> 
     </span>
     <span class='ocr_line' id='line_1_51' title="bbox 53 2189 1715 2265; baseline -0.004 -14"><span class='ocrx_word' id='word_1_355' title='bbox 53 2195 247 2252; x_wconf 81' lang='lat' dir='ltr'><strong>Aschalonita.</strong></span> <span class='ocrx_word' id='word_1_356' title='bbox 264 2194 368 2250; x_wconf 87' lang='lat' dir='ltr'><strong>Eodem</strong></span> <span class='ocrx_word' id='word_1_357' title='bbox 383 2194 428 2249; x_wconf 89' lang='lat' dir='ltr'><strong>die</strong></span> <span class='ocrx_word' id='word_1_358' title='bbox 442 2195 545 2262; x_wconf 75' lang='lat' dir='ltr'><strong>Itoniae,</strong></span> <span class='ocrx_word' id='word_1_359' title='bbox 562 2195 652 2265; x_wconf 87' lang='lat' dir='ltr'><strong>passio</strong></span> <span class='ocrx_word' id='word_1_360' title='bbox 673 2201 774 2250; x_wconf 84' lang='lat' dir='ltr'><strong>sanctae</strong></span> <span class='ocrx_word' id='word_1_361' title='bbox 788 2193 859 2249; x_wconf 91' lang='lat' dir='ltr'><strong>Per·</strong></span> <span class='ocrx_word' id='word_1_362' title='bbox 914 2192 1004 2246; x_wconf 78' lang='lat' dir='ltr'><strong>eritnr</strong></span> <span class='ocrx_word' id='word_1_363' title='bbox 1019 2191 1152 2246; x_wconf 90' lang='lat' dir='ltr'><strong>memoria</strong></span> <span class='ocrx_word' id='word_1_364' title='bbox 1167 2191 1254 2246; x_wconf 88' lang='lat' dir='ltr'><strong>sancti</strong></span> <span class='ocrx_word' id='word_1_365' title='bbox 1271 2190 1421 2254; x_wconf 71' lang='lat' dir='ltr'><strong>Malachiae,</strong></span> <span class='ocrx_word' id='word_1_366' title='bbox 1439 2189 1577 2245; x_wconf 78' lang='lat' dir='ltr'><strong>Hiberniae</strong></span> <span class='ocrx_word' id='word_1_367' title='bbox 1594 2189 1715 2262; x_wconf 87' lang='lat' dir='ltr'><strong>patriar-</strong></span> 
     </span>
     <span class='ocr_line' id='line_1_52' title="bbox 55 2208 1716 2345; baseline -0.003 -24"><span class='ocrx_word' id='word_1_368' title='bbox 55 2273 146 2338; x_wconf 88' lang='lat' dir='ltr'><strong>petuas</strong></span> <span class='ocrx_word' id='word_1_369' title='bbox 161 2265 287 2337; x_wconf 76' lang='lat' dir='ltr'><strong>conjugis</strong></span> <span class='ocrx_word' id='word_1_370' title='bbox 301 2264 388 2321; x_wconf 89' lang='lat' dir='ltr'><strong>sancti</strong></span> <span class='ocrx_word' id='word_1_371' title='bbox 404 2264 479 2320; x_wconf 90' lang='lat' dir='ltr'><strong>Petri</strong></span> <span class='ocrx_word' id='word_1_372' title='bbox 494 2265 631 2336; x_wconf 85' lang='lat' dir='ltr'><strong>Apostoli,</strong></span> <span class='ocrx_word' id='word_1_373' title='bbox 650 2280 710 2337; x_wconf 80' lang='lat' dir='ltr'><strong>quae</strong></span> <span class='ocrx_word' id='word_1_374' title='bbox 726 2264 777 2319; x_wconf 91' lang='lat' dir='ltr'><strong>sub</strong></span> <span class='ocrx_word' id='word_1_375' title='bbox 801 2281 860 2345; x_wconf 90' lang='lat' dir='ltr'><strong>per·</strong></span> <span class='ocrx_word' id='word_1_376' title='bbox 915 2208 982 2318; x_wconf 72' lang='lat' dir='ltr'><strong>cirne.</strong></span> <span class='ocrx_word' id='word_1_377' title='bbox 1001 2262 1229 2317; x_wconf 83' lang='lat' dir='ltr'><strong>Elevatiosnncti</strong></span> <span class='ocrx_word' id='word_1_378' title='bbox 1254 2261 1384 2328; x_wconf 83' lang='lat' dir='ltr'><strong>Eirierici,</strong></span> <span class='ocrx_word' id='word_1_379' title='bbox 1415 2260 1495 2316; x_wconf 88' lang='lat' dir='ltr'><strong>ducis</strong></span> <span class='ocrx_word' id='word_1_380' title='bbox 1524 2262 1660 2317; x_wconf 82' lang='lat' dir='ltr'><strong>Slavnnie</strong></span> <span class='ocrx_word' id='word_1_381' title='bbox 1689 2269 1716 2316; x_wconf 89' lang='lat' dir='ltr'><strong>et</strong></span> 
     </span>
     <span class='ocr_line' id='line_1_53' title="bbox 54 2331 1716 2407; baseline -0.005 -13"><span class='ocrx_word' id='word_1_382' title='bbox 54 2337 198 2394; x_wconf 89' lang='lat' dir='ltr'><strong>secutione</strong></span> <span class='ocrx_word' id='word_1_383' title='bbox 220 2336 338 2394; x_wconf 85' lang='lat' dir='ltr'><strong>Neronis</strong></span> <span class='ocrx_word' id='word_1_384' title='bbox 350 2335 464 2393; x_wconf 82' lang='lat' dir='ltr'><strong>Caesaris</strong></span> <span class='ocrx_word' id='word_1_385' title='bbox 490 2353 568 2407; x_wconf 91' lang='lat' dir='ltr'><strong>passe</strong></span> <span class='ocrx_word' id='word_1_386' title='bbox 586 2345 645 2401; x_wconf 90' lang='lat' dir='ltr'><strong>est;</strong></span> <span class='ocrx_word' id='word_1_387' title='bbox 675 2335 861 2391; x_wconf 86' lang='lat' dir='ltr'><strong>cuieuntiad</strong></span> <span class='ocrx_word' id='word_1_388' title='bbox 916 2331 1090 2388; x_wconf 80' lang='lat' dir='ltr'><strong>confessoris.</strong></span> <span class='ocrx_word' id='word_1_389' title='bbox 1107 2333 1400 2402; x_wconf 82' lang='lat' dir='ltr'><strong>ldebnrgematrone,</strong></span> <span class='ocrx_word' id='word_1_390' title='bbox 1419 2332 1628 2387; x_wconf 84' lang='lat' dir='ltr'><strong>niatrissenctae</strong></span> <span class='ocrx_word' id='word_1_391' title='bbox 1643 2332 1716 2387; x_wconf 86' lang='lat' dir='ltr'><strong>Ger—</strong></span> 
     </span>
     <span class='ocr_line' id='line_1_54' title="bbox 74 2403 1714 2479; baseline -0.005 -14"><span class='ocrx_word' id='word_1_392' title='bbox 74 2408 223 2478; x_wconf 86' lang='lat' dir='ltr'><strong>aseionem,</strong></span> <span class='ocrx_word' id='word_1_393' title='bbox 248 2408 343 2463; x_wconf 91' lang='lat' dir='ltr'><strong>beatus</strong></span> <span class='ocrx_word' id='word_1_394' title='bbox 368 2407 466 2462; x_wconf 89' lang='lat' dir='ltr'><strong>Petrus</strong></span> <span class='ocrx_word' id='word_1_395' title='bbox 493 2416 555 2479; x_wconf 88' lang='lat' dir='ltr'><strong>post</strong></span> <span class='ocrx_word' id='word_1_396' title='bbox 579 2415 620 2463; x_wconf 91' lang='lat' dir='ltr'><strong>ter</strong></span> <span class='ocrx_word' id='word_1_397' title='bbox 640 2424 689 2462; x_wconf 91' lang='lat' dir='ltr'><strong>nrn</strong></span> <span class='ocrx_word' id='word_1_398' title='bbox 713 2407 859 2462; x_wconf 85' lang='lat' dir='ltr'><strong>cleniavit:</strong></span> <span class='ocrx_word' id='word_1_399' title='bbox 916 2403 1006 2459; x_wconf 91' lang='lat' dir='ltr'><strong>trudis</strong></span> <span class='ocrx_word' id='word_1_400' title='bbox 1017 2403 1142 2474; x_wconf 79' lang='lat' dir='ltr'><strong>virginis.</strong></span> <span class='ocrx_word' id='word_1_401' title='bbox 1160 2430 1168 2447; x_wconf 90' lang='lat'><em>·</em></span> <span class='ocrx_word' id='word_1_402' title='bbox 1191 2403 1307 2458; x_wconf 85' lang='lat' dir='ltr'><strong>Abaliis</strong></span> <span class='ocrx_word' id='word_1_403' title='bbox 1325 2404 1445 2473; x_wconf 80' lang='lat' dir='ltr'><strong>l&#39;dribepn</strong></span> <span class='ocrx_word' id='word_1_404' title='bbox 1460 2404 1503 2457; x_wconf 85' lang='lat' dir='ltr'><strong>vel</strong></span> <span class='ocrx_word' id='word_1_405' title='bbox 1517 2405 1571 2458; x_wconf 85' lang='lat' dir='ltr'><strong>lttu</strong></span> <span class='ocrx_word' id='word_1_406' title='bbox 1587 2410 1714 2467; x_wconf 88' lang='lat' dir='ltr'><strong>vocatur;</strong></span> 
     </span>
     <span class='ocr_line' id='line_1_55' title="bbox 54 2424 1713 2549; baseline -0.005 -12"><span class='ocrx_word' id='word_1_407' title='bbox 54 2425 208 2549; x_wconf 66' lang='lat' dir='ltr'><strong>honnus,</strong></span> <span class='ocrx_word' id='word_1_408' title='bbox 223 2487 362 2536; x_wconf 89' lang='lat' dir='ltr'><strong>memento</strong></span> <span class='ocrx_word' id='word_1_409' title='bbox 373 2479 516 2537; x_wconf 74' lang='lat' dir='ltr'><strong>Domini·</strong></span> <span class='ocrx_word' id='word_1_410' title='bbox 533 2478 603 2536; x_wconf 88' lang='lat' dir='ltr'><strong>Vide</strong></span> <span class='ocrx_word' id='word_1_411' title='bbox 617 2424 662 2534; x_wconf 70' lang='lat' dir='ltr'><strong>iiie</strong></span> <span class='ocrx_word' id='word_1_412' title='bbox 679 2478 857 2549; x_wconf 74' lang='lat' dir='ltr'><strong>precedenti.</strong></span> <span class='ocrx_word' id='word_1_413' title='bbox 917 2474 980 2528; x_wconf 88' lang='lat' dir='ltr'><strong>vide</strong></span> <span class='ocrx_word' id='word_1_414' title='bbox 996 2489 1056 2545; x_wconf 86' lang='lat' dir='ltr'><strong>quae</strong></span> <span class='ocrx_word' id='word_1_415' title='bbox 1070 2474 1194 2529; x_wconf 85' lang='lat' dir='ltr'><strong>diximus</strong></span> <span class='ocrx_word' id='word_1_416' title='bbox 1212 2475 1240 2527; x_wconf 88' lang='lat' dir='ltr'><strong>in</strong></span> <span class='ocrx_word' id='word_1_417' title='bbox 1257 2474 1397 2529; x_wconf 88' lang='lat' dir='ltr'><strong>Auctariis</strong></span> <span class='ocrx_word' id='word_1_418' title='bbox 1410 2474 1444 2528; x_wconf 91' lang='lat' dir='ltr'><strong>ed</strong></span> <span class='ocrx_word' id='word_1_419' title='bbox 1460 2473 1560 2528; x_wconf 91' lang='lat' dir='ltr'><strong>Molan.</strong></span> <span class='ocrx_word' id='word_1_420' title='bbox 1578 2490 1629 2528; x_wconf 89' lang='lat' dir='ltr'><strong>viii</strong></span> <span class='ocrx_word' id='word_1_421' title='bbox 1639 2472 1713 2528; x_wconf 92' lang='lat' dir='ltr'><strong>Maii.</strong></span> 
     </span>
     <span class='ocr_line' id='line_1_56' title="bbox 56 2496 1716 2626; baseline -0.005 -18"><span class='ocrx_word' id='word_1_422' title='bbox 56 2552 88 2608; x_wconf 92' lang='lat' dir='ltr'><strong>ln</strong></span> <span class='ocrx_word' id='word_1_423' title='bbox 103 2496 229 2608; x_wconf 85' lang='lat' dir='ltr'><strong>Feiiceet</strong></span> <span class='ocrx_word' id='word_1_424' title='bbox 237 2549 356 2608; x_wconf 82' lang='lat' dir='ltr'><strong>Eusebio</strong></span> <span class='ocrx_word' id='word_1_425' title='bbox 367 2566 451 2621; x_wconf 90' lang='lat' dir='ltr'><strong>purus</strong></span> <span class='ocrx_word' id='word_1_426' title='bbox 464 2565 519 2606; x_wconf 93' lang='lat' dir='ltr'><strong>non</strong></span> <span class='ocrx_word' id='word_1_427' title='bbox 531 2558 583 2618; x_wconf 87' lang='lat' dir='ltr'><strong>est,</strong></span> <span class='ocrx_word' id='word_1_428' title='bbox 592 2558 725 2621; x_wconf 91' lang='lat' dir='ltr'><strong>notatque</strong></span> <span class='ocrx_word' id='word_1_429' title='bbox 736 2557 861 2622; x_wconf 87' lang='lat' dir='ltr'><strong>tempera</strong></span> <span class='ocrx_word' id='word_1_430' title='bbox 953 2545 1078 2626; x_wconf 63' lang='lat' dir='ltr'><strong>Mosen:</strong></span> <span class='ocrx_word' id='word_1_431' title='bbox 1101 2568 1110 2590; x_wconf 90' lang='lat'>‹</span> <span class='ocrx_word' id='word_1_432' title='bbox 1134 2547 1164 2601; x_wconf 92' lang='lat' dir='ltr'><strong>ln</strong></span> <span class='ocrx_word' id='word_1_433' title='bbox 1181 2545 1332 2625; x_wconf 29' lang='lat' dir='ltr'><strong>territorio,</strong></span> <span class='ocrx_word' id='word_1_434' title='bbox 1347 2545 1525 2625; x_wconf 71' lang='lat' dir='ltr'><strong>lingonensi,</strong></span> <span class='ocrx_word' id='word_1_435' title='bbox 1550 2543 1716 2626; x_wconf 77' lang='lat' dir='ltr'><strong>monasterio</strong></span> 
     </span>
     <span class='ocr_line' id='line_1_57' title="bbox 58 2616 1715 2695; baseline -0.006 -16"><span class='ocrx_word' id='word_1_436' title='bbox 58 2623 196 2679; x_wconf 78' lang='lat' dir='ltr'><strong>Commodi</strong></span> <span class='ocrx_word' id='word_1_437' title='bbox 207 2623 386 2695; x_wconf 82' lang='lat' dir='ltr'><strong>imperatoris.</strong></span> <span class='ocrx_word' id='word_1_438' title='bbox 403 2622 554 2694; x_wconf 85' lang='lat' dir='ltr'><strong>Sequitur:</strong></span> <span class='ocrx_word' id='word_1_439' title='bbox 573 2646 582 2668; x_wconf 88' lang='lat'>‹</span> <span class='ocrx_word' id='word_1_440' title='bbox 598 2620 802 2694; x_wconf 85' lang='lat' dir='ltr'><strong>CivitateBayo</strong></span> <span class='ocrx_word' id='word_1_441' title='bbox 821 2637 861 2688; x_wconf 91' lang='lat' dir='ltr'><strong>as,</strong></span> <span class='ocrx_word' id='word_1_442' title='bbox 919 2616 1098 2685; x_wconf 77' lang='lat' dir='ltr'><strong>ClaraevalliS,</strong></span> <span class='ocrx_word' id='word_1_443' title='bbox 1115 2624 1202 2672; x_wconf 89' lang='lat' dir='ltr'><strong>sancti</strong></span> <span class='ocrx_word' id='word_1_444' title='bbox 1218 2616 1358 2672; x_wconf 70' lang='lat' dir='ltr'><strong>Malachiae</strong></span> <span class='ocrx_word' id='word_1_445' title='bbox 1372 2632 1493 2687; x_wconf 88' lang='lat' dir='ltr'><strong>episcopi</strong></span> <span class='ocrx_word' id='word_1_446' title='bbox 1507 2616 1715 2694; x_wconf 27' lang='lat' dir='ltr'><strong>etnconlessoris,</strong></span> 
     </span>
     <span class='ocr_line' id='line_1_58' title="bbox 55 2637 1718 2767; baseline -0.008 -16"><span class='ocrx_word' id='word_1_447' title='bbox 55 2692 195 2767; x_wconf 85' lang='lat' dir='ltr'><strong>depositio</strong></span> <span class='ocrx_word' id='word_1_448' title='bbox 207 2699 293 2751; x_wconf 89' lang='lat' dir='ltr'><strong>sancti</strong></span> <span class='ocrx_word' id='word_1_449' title='bbox 311 2693 420 2765; x_wconf 80' lang='lat' dir='ltr'><strong>Vigoris</strong></span> <span class='ocrx_word' id='word_1_450' title='bbox 445 2693 538 2765; x_wconf 87' lang='lat' dir='ltr'><strong>episco</strong></span> <span class='ocrx_word' id='word_1_451' title='bbox 559 2693 577 2748; x_wconf 94' lang='lat' dir='ltr'><strong>i.</strong></span> <span class='ocrx_word' id='word_1_452' title='bbox 594 2692 705 2763; x_wconf 89' lang='lat' dir='ltr'><strong>Spectat</strong></span> <span class='ocrx_word' id='word_1_453' title='bbox 720 2691 776 2748; x_wconf 93' lang='lat' dir='ltr'><strong>edi</strong></span> <span class='ocrx_word' id='word_1_454' title='bbox 804 2637 865 2748; x_wconf 73' lang='lat' dir='ltr'><strong>ilo-</strong></span> <span class='ocrx_word' id='word_1_455' title='bbox 919 2685 998 2757; x_wconf 87' lang='lat' dir='ltr'><strong>cnjus</strong></span> <span class='ocrx_word' id='word_1_456' title='bbox 1020 2688 1106 2743; x_wconf 79' lang='lat' dir='ltr'><strong>vitem</strong></span> <span class='ocrx_word' id='word_1_457' title='bbox 1133 2687 1228 2742; x_wconf 91' lang='lat' dir='ltr'><strong>beatus</strong></span> <span class='ocrx_word' id='word_1_458' title='bbox 1242 2686 1397 2767; x_wconf 85' lang='lat' dir='ltr'><strong>Bernerdus</strong></span> <span class='ocrx_word' id='word_1_459' title='bbox 1411 2686 1556 2765; x_wconf 76' lang='lat' dir='ltr'><strong>descripsit</strong></span> <span class='ocrx_word' id='word_1_460' title='bbox 1577 2685 1718 2764; x_wconf 80' lang='lat' dir='ltr'><strong>miraculis</strong></span> 
     </span>
     <span class='ocr_line' id='line_1_59' title="bbox 55 2710 1719 2837; baseline -0.005 -18"><span class='ocrx_word' id='word_1_461' title='bbox 55 2764 190 2821; x_wconf 85' lang='lat' dir='ltr'><strong>vembris.</strong></span> <span class='ocrx_word' id='word_1_462' title='bbox 208 2790 218 2813; x_wconf 78' lang='grc' dir='ltr'>ι</span> <span class='ocrx_word' id='word_1_463' title='bbox 234 2766 264 2823; x_wconf 92' lang='lat' dir='ltr'><strong>ln</strong></span> <span class='ocrx_word' id='word_1_464' title='bbox 279 2765 408 2837; x_wconf 80' lang='lat' dir='ltr'><strong>Ungaria,</strong></span> <span class='ocrx_word' id='word_1_465' title='bbox 429 2765 517 2821; x_wconf 90' lang='lat' dir='ltr'><strong>sancti</strong></span> <span class='ocrx_word' id='word_1_466' title='bbox 534 2710 656 2820; x_wconf 71' lang='lat' dir='ltr'><strong>lieiiirici</strong></span> <span class='ocrx_word' id='word_1_467' title='bbox 676 2761 802 2837; x_wconf 79' lang='lat' dir='ltr'><strong>[opinoi·,</strong></span> <span class='ocrx_word' id='word_1_468' title='bbox 815 2779 866 2835; x_wconf 85' lang='lat' dir='ltr'><strong>pro</strong></span> <span class='ocrx_word' id='word_1_469' title='bbox 921 2758 1078 2830; x_wconf 72' lang='lat' dir='ltr'><strong>gloriosam.</strong></span> <span class='ocrx_word' id='word_1_470' title='bbox 1095 2759 1199 2814; x_wconf 82' lang='lat' dir='ltr'><strong>Eodem</strong></span> <span class='ocrx_word' id='word_1_471' title='bbox 1217 2757 1270 2825; x_wconf 90' lang='lat' dir='ltr'><strong>die,</strong></span> <span class='ocrx_word' id='word_1_472' title='bbox 1296 2765 1383 2815; x_wconf 84' lang='lat' dir='ltr'><strong>sancti</strong></span> <span class='ocrx_word' id='word_1_473' title='bbox 1408 2756 1499 2812; x_wconf 86' lang='lat' dir='ltr'><strong>Febiti</strong></span> <span class='ocrx_word' id='word_1_474' title='bbox 1514 2772 1528 2809; x_wconf 94' lang='lat' dir='ltr'><strong>e</strong></span> <span class='ocrx_word' id='word_1_475' title='bbox 1549 2771 1632 2835; x_wconf 69' lang='lat' dir='ltr'><strong>iscopp</strong></span> <span class='ocrx_word' id='word_1_476' title='bbox 1647 2754 1719 2835; x_wconf 75' lang='lat' dir='ltr'><strong>Tre-</strong></span> 
     </span>
     <span class='ocr_line' id='line_1_60' title="bbox 54 2825 1717 2912; baseline -0.008 -19"><span class='ocrx_word' id='word_1_477' title='bbox 54 2835 188 2912; x_wconf 72' lang='lat' dir='ltr'><strong>limanici]</strong></span> <span class='ocrx_word' id='word_1_478' title='bbox 207 2836 529 2894; x_wconf 78' lang='lat' dir='ltr'><strong>ducisetconlessnris.·</strong></span> <span class='ocrx_word' id='word_1_479' title='bbox 546 2837 790 2892; x_wconf 80' lang='lat' dir='ltr'><strong>Eniv.Demum:</strong></span> <span class='ocrx_word' id='word_1_480' title='bbox 816 2837 866 2890; x_wconf 83' lang='lat' dir='ltr'><strong>«ln</strong></span> <span class='ocrx_word' id='word_1_481' title='bbox 921 2831 1084 2886; x_wconf 80' lang='lat' dir='ltr'><strong>verensis.»</strong></span> <span class='ocrx_word' id='word_1_482' title='bbox 1118 2830 1283 2885; x_wconf 87' lang='lat' dir='ltr'><strong>Posteriores</strong></span> <span class='ocrx_word' id='word_1_483' title='bbox 1307 2826 1490 2883; x_wconf 85' lang='lat' dir='ltr'><strong>eilitionesde</strong></span> <span class='ocrx_word' id='word_1_484' title='bbox 1544 2825 1652 2880; x_wconf 90' lang='lat' dir='ltr'><strong>alaohia</strong></span> <span class='ocrx_word' id='word_1_485' title='bbox 1677 2841 1717 2880; x_wconf 91' lang='lat' dir='ltr'><strong>in·</strong></span> 
     </span>
     <span class='ocr_line' id='line_1_61' title="bbox 58 2896 1719 2980; baseline -0.006 -20"><span class='ocrx_word' id='word_1_486' title='bbox 58 2924 128 2980; x_wconf 77' lang='lat' dir='ltr'><strong>pago</strong></span> <span class='ocrx_word' id='word_1_487' title='bbox 138 2907 398 2976; x_wconf 77' lang='lat' dir='ltr'><strong>vastinensi,sencti</strong></span> <span class='ocrx_word' id='word_1_488' title='bbox 411 2907 575 2967; x_wconf 54' lang='lat' dir='ltr'><strong>maturini„</strong></span> <span class='ocrx_word' id='word_1_489' title='bbox 590 2907 867 2963; x_wconf 75' lang='lat' dir='ltr'><strong>Videstnrbanionem</strong></span> <span class='ocrx_word' id='word_1_490' title='bbox 922 2909 1069 2969; x_wconf 88' lang='lat' dir='ltr'><strong>terserunt,</strong></span> <span class='ocrx_word' id='word_1_491' title='bbox 1094 2926 1102 2947; x_wconf 83' lang='grc' dir='ltr'>ι</span> <span class='ocrx_word' id='word_1_492' title='bbox 1135 2901 1162 2955; x_wconf 91' lang='lat' dir='ltr'><strong>ui</strong></span> <span class='ocrx_word' id='word_1_493' title='bbox 1178 2899 1283 2971; x_wconf 81' lang='lat' dir='ltr'><strong>magnis</strong></span> <span class='ocrx_word' id='word_1_494' title='bbox 1298 2898 1449 2954; x_wconf 89' lang='lat' dir='ltr'><strong>virtutihus</strong></span> <span class='ocrx_word' id='word_1_495' title='bbox 1464 2903 1586 2968; x_wconf 87' lang='lat' dir='ltr'><strong>ternpore</strong></span> <span class='ocrx_word' id='word_1_496' title='bbox 1602 2913 1651 2951; x_wconf 89' lang='lat' dir='ltr'><strong>suo</strong></span> <span class='ocrx_word' id='word_1_497' title='bbox 1665 2896 1719 2952; x_wconf 91' lang='lat' dir='ltr'><strong>cle·</strong></span> 
     </span>
    </p>
   </div>
   <div class='ocr_carea' id='block_1_14' title="bbox 56 2966 1717 3051">
    <p class='ocr_par' dir='ltr' id='par_1_19' title="bbox 56 2966 1717 3051">
     <span class='ocr_line' id='line_1_62' title="bbox 56 2966 1717 3051; baseline -0.007 -17"><span class='ocrx_word' id='word_1_498' title='bbox 56 2995 104 3034; x_wconf 94' lang='lat' dir='ltr'><strong>ma</strong></span> <span class='ocrx_word' id='word_1_499' title='bbox 124 2995 201 3046; x_wconf 91' lang='lat' dir='ltr'><strong>narn,</strong></span> <span class='ocrx_word' id='word_1_500' title='bbox 216 2995 280 3034; x_wconf 90' lang='lat' dir='ltr'><strong>nain</strong></span> <span class='ocrx_word' id='word_1_501' title='bbox 295 2978 451 3035; x_wconf 84' lang='lat' dir='ltr'><strong>Maturinus</strong></span> <span class='ocrx_word' id='word_1_502' title='bbox 468 2980 525 3036; x_wconf 87' lang='lat' dir='ltr'><strong>adi</strong></span> <span class='ocrx_word' id='word_1_503' title='bbox 546 2979 680 3035; x_wconf 87' lang='lat' dir='ltr'><strong>Novemb.</strong></span> <span class='ocrx_word' id='word_1_504' title='bbox 697 2979 830 3051; x_wconf 87' lang='lat' dir='ltr'><strong>pertinet.</strong></span> <span class='ocrx_word' id='word_1_505' title='bbox 923 2972 992 3030; x_wconf 90' lang='lat' dir='ltr'><strong>ruit.</strong></span> <span class='ocrx_word' id='word_1_506' title='bbox 1009 2998 1017 3019; x_wconf 84' lang='lat'><em>·</em></span> <span class='ocrx_word' id='word_1_507' title='bbox 1040 2974 1079 3028; x_wconf 90' lang='lat' dir='ltr'><strong>De</strong></span> <span class='ocrx_word' id='word_1_508' title='bbox 1093 2975 1124 3028; x_wconf 87' lang='lat' dir='ltr'><strong>Fi</strong></span> <span class='ocrx_word' id='word_1_509' title='bbox 1148 2973 1207 3039; x_wconf 91' lang='lat' dir='ltr'><strong>itio,</strong></span> <span class='ocrx_word' id='word_1_510' title='bbox 1224 2979 1254 3026; x_wconf 93' lang='lat' dir='ltr'><strong>ut</strong></span> <span class='ocrx_word' id='word_1_511' title='bbox 1279 2972 1309 3026; x_wconf 92' lang='lat' dir='ltr'><strong>in</strong></span> <span class='ocrx_word' id='word_1_512' title='bbox 1324 2970 1419 3042; x_wconf 88' lang='lat' dir='ltr'><strong>priori.</strong></span> <span class='ocrx_word' id='word_1_513' title='bbox 1437 2970 1468 3024; x_wconf 93' lang='lat' dir='ltr'><strong>ln</strong></span> <span class='ocrx_word' id='word_1_514' title='bbox 1483 2968 1538 3023; x_wconf 86' lang='lat' dir='ltr'><strong>fine</strong></span> <span class='ocrx_word' id='word_1_515' title='bbox 1559 2966 1717 3034; x_wconf 78' lang='lat' dir='ltr'><strong>adiiciunt:</strong></span> 
     </span>
    </p>
   </div>
   <div class='ocr_carea' id='block_1_15' title="bbox 120 3036 1719 3176">
    <p class='ocr_par' dir='ltr' id='par_1_20' title="bbox 120 3036 1719 3176">
     <span class='ocr_line' id='line_1_63' title="bbox 120 3036 1719 3176; baseline -0.008 -72"><span class='ocrx_word' id='word_1_516' title='bbox 120 3049 194 3105; x_wconf 80' lang='lat' dir='ltr'><strong>oder</strong></span> <span class='ocrx_word' id='word_1_517' title='bbox 205 3048 339 3176; x_wconf 63' lang='lat' dir='ltr'><strong>ppincipis</strong></span> <span class='ocrx_word' id='word_1_518' title='bbox 352 3050 443 3107; x_wconf 86' lang='lat' dir='ltr'><strong>Ursini</strong></span> <span class='ocrx_word' id='word_1_519' title='bbox 458 3069 473 3108; x_wconf 92' lang='lat' dir='ltr'><strong>a</strong></span> <span class='ocrx_word' id='word_1_520' title='bbox 487 3050 673 3121; x_wconf 83' lang='lat' dir='ltr'><strong>Rosemberg:</strong></span> <span class='ocrx_word' id='word_1_521' title='bbox 695 3074 705 3097; x_wconf 79' lang='grc' dir='ltr'>ι</span> <span class='ocrx_word' id='word_1_522' title='bbox 720 3049 855 3117; x_wconf 89' lang='lat' dir='ltr'><strong>Treveris,</strong></span> <span class='ocrx_word' id='word_1_523' title='bbox 874 3053 895 3112; x_wconf 84' lang='lat' dir='ltr'><strong>G</strong></span> <span class='ocrx_word' id='word_1_524' title='bbox 926 3045 1003 3103; x_wconf 78' lang='lat' dir='ltr'><strong>-itte</strong></span> <span class='ocrx_word' id='word_1_525' title='bbox 1032 3045 1138 3116; x_wconf 89' lang='lat' dir='ltr'><strong>quinta,</strong></span> <span class='ocrx_word' id='word_1_526' title='bbox 1157 3051 1312 3099; x_wconf 86' lang='lat' dir='ltr'><strong>sanctorum</strong></span> <span class='ocrx_word' id='word_1_527' title='bbox 1338 3048 1490 3110; x_wconf 84' lang='lat' dir='ltr'><strong>martyrum</strong></span> <span class='ocrx_word' id='word_1_528' title='bbox 1512 3036 1680 3094; x_wconf 87' lang='lat' dir='ltr'><strong>Galactionis</strong></span> <span class='ocrx_word' id='word_1_529' title='bbox 1693 3045 1719 3093; x_wconf 93' lang='lat' dir='ltr'><strong>et</strong></span> 
     </span>
    </p>
   </div>
   <div class='ocr_carea' id='block_1_16' title="bbox 56 3110 1631 3193">
    <p class='ocr_par' dir='ltr' id='par_1_21' title="bbox 56 3110 1631 3193">
     <span class='ocr_line' id='line_1_64' title="bbox 56 3110 1631 3193; baseline -0.009 -16"><span class='ocrx_word' id='word_1_530' title='bbox 56 3120 153 3177; x_wconf 87' lang='lat' dir='ltr'><strong>sancti</strong></span> <span class='ocrx_word' id='word_1_531' title='bbox 166 3121 203 3175; x_wconf 89' lang='lat' dir='ltr'><strong>Fe</strong></span> <span class='ocrx_word' id='word_1_532' title='bbox 241 3119 274 3175; x_wconf 91' lang='lat' dir='ltr'><strong>rii</strong></span> <span class='ocrx_word' id='word_1_533' title='bbox 287 3119 375 3193; x_wconf 87' lang='lat' dir='ltr'><strong>episco</strong></span> <span class='ocrx_word' id='word_1_534' title='bbox 394 3124 412 3179; x_wconf 90' lang='lat' dir='ltr'><strong>i.</strong></span> <span class='ocrx_word' id='word_1_535' title='bbox 428 3149 438 3171; x_wconf 74' lang='grc' dir='ltr'><strong>ι</strong></span> <span class='ocrx_word' id='word_1_536' title='bbox 459 3123 512 3178; x_wconf 89' lang='lat' dir='ltr'><strong>Pro</strong></span> <span class='ocrx_word' id='word_1_537' title='bbox 529 3122 636 3178; x_wconf 83' lang='lat' dir='ltr'><strong>Fibitii.</strong></span> <span class='ocrx_word' id='word_1_538' title='bbox 912 3118 1078 3190; x_wconf 79' lang='lat' dir='ltr'><strong>Epistemes.</strong></span> <span class='ocrx_word' id='word_1_539' title='bbox 1094 3141 1103 3163; x_wconf 82' lang='lat'><em>·</em></span> <span class='ocrx_word' id='word_1_540' title='bbox 1124 3115 1196 3173; x_wconf 86' lang='lat' dir='ltr'><strong>Vide</strong></span> <span class='ocrx_word' id='word_1_541' title='bbox 1215 3114 1315 3171; x_wconf 91' lang='lat' dir='ltr'><strong>horum</strong></span> <span class='ocrx_word' id='word_1_542' title='bbox 1330 3120 1405 3184; x_wconf 80' lang='lat' dir='ltr'><strong>gesta</strong></span> <span class='ocrx_word' id='word_1_543' title='bbox 1421 3111 1495 3184; x_wconf 85' lang='lat' dir='ltr'><strong>apud</strong></span> <span class='ocrx_word' id='word_1_544' title='bbox 1508 3110 1631 3165; x_wconf 86' lang='lat' dir='ltr'><strong>Surium.</strong></span> 
     </span>
    </p>
   </div>
   <div class='ocr_carea' id='block_1_17' title="bbox 98 3138 858 3264">
    <p class='ocr_par' dir='ltr' id='par_1_22' title="bbox 98 3138 858 3264">
     <span class='ocr_line' id='line_1_65' title="bbox 98 3138 858 3264; baseline -0.001 -17"><span class='ocrx_word' id='word_1_545' title='bbox 98 3138 567 3252; x_wconf 62' lang='lat' dir='ltr'><strong>mirere.succedentem.2</strong></span> <span class='ocrx_word' id='word_1_546' title='bbox 600 3218 609 3240; x_wconf 89' lang='lat'>‹</span> <span class='ocrx_word' id='word_1_547' title='bbox 635 3192 777 3249; x_wconf 84' lang='lat' dir='ltr'><strong>Malachiae</strong></span> <span class='ocrx_word' id='word_1_548' title='bbox 803 3192 858 3264; x_wconf 89' lang='lat' dir='ltr'><strong>epi·</strong></span> 
     </span>
    </p>
   </div>
   <div class='ocr_carea' id='block_1_18' title="bbox 784 3323 995 3336">
    <p class='ocr_par' dir='ltr' id='par_1_23' title="bbox 784 3323 995 3336">
     <span class='ocr_line' id='line_1_66' title="bbox 784 3323 995 3336; baseline -0.019 0"><span class='ocrx_word' id='word_1_549' title='bbox 784 3323 995 3336; x_wconf 80' lang='grc'><strong>.-..---</strong></span> 
     </span>
    </p>
   </div>
   <div class='ocr_carea' id='block_1_19' title="bbox 57 3373 1716 3551">
    <p class='ocr_par' dir='ltr' id='par_1_24' title="bbox 57 3373 1716 3551">
     <span class='ocr_line' id='line_1_67' title="bbox 1621 3373 1716 3431; baseline -0.011 0"><span class='ocrx_word' id='word_1_550' title='bbox 1621 3373 1671 3431; x_wconf 87' lang='lat' dir='ltr'><strong>Die</strong></span> <span class='ocrx_word' id='word_1_551' title='bbox 1683 3373 1716 3431; x_wconf 87' lang='grc'><strong>6.</strong></span> 
     </span>
     <span class='ocr_line' id='line_1_68' title="bbox 57 3389 1716 3551; baseline -0.01 -15"><span class='ocrx_word' id='word_1_552' title='bbox 57 3389 326 3550; x_wconf 50' lang='lat' dir='ltr'><strong>Vli&#39;loiisamitfrice,</strong></span> <span class='ocrx_word' id='word_1_553' title='bbox 343 3481 443 3539; x_wconf 90' lang='lat' dir='ltr'><strong>natalis</strong></span> <span class='ocrx_word' id='word_1_554' title='bbox 458 3484 546 3541; x_wconf 87' lang='lat' dir='ltr'><strong>sancti</strong></span> <span class='ocrx_word' id='word_1_555' title='bbox 562 3481 670 3539; x_wconf 89' lang='lat' dir='ltr'><strong>Felicis.</strong></span> <span class='ocrx_word' id='word_1_556' title='bbox 682 3482 714 3537; x_wconf 94' lang='lat' dir='ltr'><strong>ln</strong></span> <span class='ocrx_word' id='word_1_557' title='bbox 728 3478 814 3551; x_wconf 86' lang='lat' dir='ltr'><strong>liujus</strong></span> <span class='ocrx_word' id='word_1_558' title='bbox 828 3477 1001 3534; x_wconf 87' lang='lat' dir='ltr'><strong>solemnitate</strong></span> <span class='ocrx_word' id='word_1_559' title='bbox 1013 3470 1159 3548; x_wconf 89' lang='lat' dir='ltr'><strong>quemdam</strong></span> <span class='ocrx_word' id='word_1_560' title='bbox 1170 3470 1306 3543; x_wconf 89' lang='lat' dir='ltr'><strong>psalmum</strong></span> <span class='ocrx_word' id='word_1_561' title='bbox 1319 3468 1415 3526; x_wconf 90' lang='lat' dir='ltr'><strong>heatus</strong></span> <span class='ocrx_word' id='word_1_562' title='bbox 1422 3464 1594 3537; x_wconf 79' lang='lat' dir='ltr'><strong>Augustinus</strong></span> <span class='ocrx_word' id='word_1_563' title='bbox 1604 3463 1716 3522; x_wconf 88' lang='lat' dir='ltr'><strong>videtur</strong></span> 
     </span>
    </p>
   </div>
   <div class='ocr_carea' id='block_1_20' title="bbox 61 3551 1716 3734">
    <p class='ocr_par' dir='ltr' id='par_1_25' title="bbox 61 3551 1716 3734">
     <span class='ocr_line' id='line_1_69' title="bbox 61 3551 1715 3645; baseline -0.012 -17"><span class='ocrx_word' id='word_1_564' title='bbox 61 3585 203 3645; x_wconf 77' lang='lat' dir='ltr'><strong>exponere</strong></span> <span class='ocrx_word' id='word_1_565' title='bbox 215 3570 252 3636; x_wconf 81' lang='lat' dir='ltr'><strong>ed</strong></span> <span class='ocrx_word' id='word_1_566' title='bbox 267 3573 413 3643; x_wconf 88' lang='lat' dir='ltr'><strong>populum.</strong></span> <span class='ocrx_word' id='word_1_567' title='bbox 424 3573 456 3628; x_wconf 92' lang='lat' dir='ltr'><strong>ln</strong></span> <span class='ocrx_word' id='word_1_568' title='bbox 470 3572 583 3630; x_wconf 87' lang='lat' dir='ltr'><strong>Oriente</strong></span> <span class='ocrx_word' id='word_1_569' title='bbox 597 3571 711 3628; x_wconf 89' lang='lat' dir='ltr'><strong>civitate</strong></span> <span class='ocrx_word' id='word_1_570' title='bbox 725 3568 869 3640; x_wconf 87' lang='lat' dir='ltr'><strong>Theopoli,</strong></span> <span class='ocrx_word' id='word_1_571' title='bbox 881 3574 1038 3624; x_wconf 87' lang='lat' dir='ltr'><strong>sanctorum</strong></span> <span class='ocrx_word' id='word_1_572' title='bbox 1052 3560 1145 3617; x_wconf 88' lang='lat' dir='ltr'><strong>decem</strong></span> <span class='ocrx_word' id='word_1_573' title='bbox 1164 3569 1329 3632; x_wconf 83' lang='lat' dir='ltr'><strong>martyrum,</strong></span> <span class='ocrx_word' id='word_1_574' title='bbox 1340 3557 1387 3629; x_wconf 88' lang='lat' dir='ltr'><strong>qni</strong></span> <span class='ocrx_word' id='word_1_575' title='bbox 1405 3555 1455 3613; x_wconf 91' lang='lat' dir='ltr'><strong>sub</strong></span> <span class='ocrx_word' id='word_1_576' title='bbox 1470 3553 1627 3611; x_wconf 88' lang='lat' dir='ltr'><strong>Sarracenis</strong></span> <span class='ocrx_word' id='word_1_577' title='bbox 1642 3551 1715 3624; x_wconf 86' lang='lat' dir='ltr'><strong>passi</strong></span> 
     </span>
     <span class='ocr_line' id='line_1_70' title="bbox 63 3641 1716 3734; baseline -0.014 -16"><span class='ocrx_word' id='word_1_578' title='bbox 63 3662 195 3734; x_wconf 73' lang='lat' dir='ltr'><strong>leguntur</strong></span> <span class='ocrx_word' id='word_1_579' title='bbox 202 3659 232 3716; x_wconf 92' lang='lat' dir='ltr'><strong>in</strong></span> <span class='ocrx_word' id='word_1_580' title='bbox 244 3659 329 3732; x_wconf 76' lang='lat' dir='ltr'><strong>pestis</strong></span> <span class='ocrx_word' id='word_1_581' title='bbox 346 3669 503 3717; x_wconf 88' lang='lat' dir='ltr'><strong>sanctorum</strong></span> <span class='ocrx_word' id='word_1_582' title='bbox 524 3659 713 3734; x_wconf 80' lang='lat' dir='ltr'><strong>qnadraginta.</strong></span> <span class='ocrx_word' id='word_1_583' title='bbox 731 3659 762 3713; x_wconf 93' lang='lat' dir='ltr'><strong>ln</strong></span> <span class='ocrx_word' id='word_1_584' title='bbox 777 3657 878 3729; x_wconf 71' lang='lat' dir='ltr'><strong>Megia,</strong></span> <span class='ocrx_word' id='word_1_585' title='bbox 890 3653 977 3712; x_wconf 90' lang='lat' dir='ltr'><strong>sancti</strong></span> <span class='ocrx_word' id='word_1_586' title='bbox 1002 3650 1097 3708; x_wconf 86' lang='lat' dir='ltr'><strong>Attici.</strong></span> <span class='ocrx_word' id='word_1_587' title='bbox 1125 3648 1221 3723; x_wconf 81' lang='lat' dir='ltr'><strong>[Addit</strong></span> <span class='ocrx_word' id='word_1_588' title='bbox 1247 3648 1394 3705; x_wconf 80' lang='lat' dir='ltr'><strong>Bouiltart.</strong></span> <span class='ocrx_word' id='word_1_589' title='bbox 1410 3645 1447 3703; x_wconf 86' lang='lat' dir='ltr'><strong>od</strong></span> <span class='ocrx_word' id='word_1_590' title='bbox 1460 3660 1537 3700; x_wconf 85' lang='lat' dir='ltr'><strong>oront</strong></span> <span class='ocrx_word' id='word_1_591' title='bbox 1559 3648 1644 3699; x_wconf 70' lang='lat' dir='ltr'><strong>netu</strong></span> <span class='ocrx_word' id='word_1_592' title='bbox 1658 3658 1666 3696; x_wconf 89' lang='lat'><em>:</em></span> <span class='ocrx_word' id='word_1_593' title='bbox 1682 3641 1716 3697; x_wconf 93' lang='lat' dir='ltr'><strong>ln</strong></span> 
     </span>
    </p>
   </div>
   <div class='ocr_carea' id='block_1_21' title="bbox 64 3739 1088 3824">
    <p class='ocr_par' dir='ltr' id='par_1_26' title="bbox 64 3739 1088 3824">
     <span class='ocr_line' id='line_1_71' title="bbox 64 3739 1088 3824; baseline -0.013 -14"><span class='ocrx_word' id='word_1_594' title='bbox 64 3763 136 3824; x_wconf 66' lang='lat' dir='ltr'><strong>papo</strong></span> <span class='ocrx_word' id='word_1_595' title='bbox 146 3747 338 3809; x_wconf 66' lang='lat' dir='ltr'><strong>lemovicensi</strong></span> <span class='ocrx_word' id='word_1_596' title='bbox 351 3749 506 3821; x_wconf 85' lang='lat' dir='ltr'><strong>Nobiliaco,</strong></span> <span class='ocrx_word' id='word_1_597' title='bbox 527 3751 628 3808; x_wconf 89' lang='lat' dir='ltr'><strong>natalis</strong></span> <span class='ocrx_word' id='word_1_598' title='bbox 640 3747 732 3805; x_wconf 87' lang='lat' dir='ltr'><strong>Sancti</strong></span> <span class='ocrx_word' id='word_1_599' title='bbox 748 3746 885 3803; x_wconf 88' lang='lat' dir='ltr'><strong>Leonardi</strong></span> <span class='ocrx_word' id='word_1_600' title='bbox 896 3739 1088 3814; x_wconf 75' lang='lat' dir='ltr'><strong>contessoris]</strong></span> 
     </span>
    </p>
   </div>
   <div class='ocr_carea' id='block_1_22' title="bbox 108 3871 953 4046">
    <p class='ocr_par' dir='ltr' id='par_1_27' title="bbox 108 3871 953 4046">
     <span class='ocr_line' id='line_1_72' title="bbox 836 3871 953 3926; baseline 0 0"><span class='ocrx_word' id='word_1_601' title='bbox 836 3871 953 3926; x_wconf 82' lang='lat' dir='ltr'><strong>NOTAE.</strong></span> 
     </span>
     <span class='ocr_line' id='line_1_73' title="bbox 108 3970 916 4046; baseline -0.016 -9"><span class='ocrx_word' id='word_1_602' title='bbox 108 3970 288 4046; x_wconf 57' lang='lat' dir='ltr'><strong>Bistam„</strong></span> <span class='ocrx_word' id='word_1_603' title='bbox 306 3974 465 4044; x_wconf 68' lang='lat' dir='ltr'><strong>Tornccett„</strong></span> <span class='ocrx_word' id='word_1_604' title='bbox 480 3975 628 4038; x_wconf 79' lang='lat' dir='ltr'><strong>Munerat,</strong></span> <span class='ocrx_word' id='word_1_605' title='bbox 645 3973 755 4028; x_wconf 76' lang='lat' dir='ltr'><strong>(irenen.</strong></span> <span class='ocrx_word' id='word_1_606' title='bbox 774 3977 800 4028; x_wconf 88' lang='lat' dir='ltr'><strong>et</strong></span> <span class='ocrx_word' id='word_1_607' title='bbox 815 3971 916 4029; x_wconf 86' lang='lat' dir='ltr'><strong>Motnn.</strong></span> 
     </span>
    </p>
   </div>
   <div class='ocr_carea' id='block_1_23' title="bbox 676 4101 1111 4161">
    <p class='ocr_par' dir='ltr' id='par_1_28' title="bbox 676 4101 1111 4161">
     <span class='ocr_line' id='line_1_74' title="bbox 676 4101 1111 4161; baseline -0.014 0"><span class='ocrx_word' id='word_1_608' title='bbox 676 4103 878 4161; x_wconf 77' lang='lat' dir='ltr'><strong>vanientes</strong></span> <span class='ocrx_word' id='word_1_609' title='bbox 905 4101 1111 4160; x_wconf 81' lang='lat' dir='ltr'><strong>LECTIONES.</strong></span> 
     </span>
    </p>
   </div>
   <div class='ocr_carea' id='block_1_24' title="bbox 63 4187 1723 5067">
    <p class='ocr_par' dir='ltr' id='par_1_29' title="bbox 63 4187 1720 4559">
     <span class='ocr_line' id='line_1_75' title="bbox 68 4187 1719 4287; baseline -0.015 -21"><span class='ocrx_word' id='word_1_610' title='bbox 68 4192 171 4266; x_wconf 82' lang='lat' dir='ltr'><strong>Tonizo</strong></span> <span class='ocrx_word' id='word_1_611' title='bbox 186 4214 228 4263; x_wconf 88' lang='lat' dir='ltr'><strong>est</strong></span> <span class='ocrx_word' id='word_1_612' title='bbox 240 4205 368 4265; x_wconf 86' lang='lat' dir='ltr'><strong>codicum</strong></span> <span class='ocrx_word' id='word_1_613' title='bbox 383 4206 520 4275; x_wconf 88' lang='lat' dir='ltr'><strong>omnium,</strong></span> <span class='ocrx_word' id='word_1_614' title='bbox 537 4213 718 4287; x_wconf 75' lang='lat' dir='ltr'><strong>preterquam</strong></span> <span class='ocrx_word' id='word_1_615' title='bbox 734 4203 863 4271; x_wconf 89' lang='lat' dir='ltr'><strong>Greveni,</strong></span> <span class='ocrx_word' id='word_1_616' title='bbox 918 4215 1013 4255; x_wconf 89' lang='lat' dir='ltr'><strong>rursus</strong></span> <span class='ocrx_word' id='word_1_617' title='bbox 1036 4196 1140 4265; x_wconf 80' lang='lat' dir='ltr'><strong>Fripin,</strong></span> <span class='ocrx_word' id='word_1_618' title='bbox 1155 4194 1196 4248; x_wconf 80' lang='lat' dir='ltr'><strong>&#39;ex</strong></span> <span class='ocrx_word' id='word_1_619' title='bbox 1227 4191 1369 4247; x_wconf 84' lang='lat' dir='ltr'><strong>codicibus</strong></span> <span class='ocrx_word' id='word_1_620' title='bbox 1395 4204 1478 4268; x_wconf 78' lang='lat' dir='ltr'><strong>prope</strong></span> <span class='ocrx_word' id='word_1_621' title='bbox 1493 4187 1641 4242; x_wconf 89' lang='lat' dir='ltr'><strong>omnibns:</strong></span> <span class='ocrx_word' id='word_1_622' title='bbox 1668 4187 1719 4242; x_wconf 89' lang='lat' dir='ltr'><strong>soli</strong></span> 
     </span>
     <span class='ocr_line' id='line_1_76' title="bbox 64 4257 1720 4353; baseline -0.015 -16"><span class='ocrx_word' id='word_1_623' title='bbox 64 4280 113 4353; x_wconf 89' lang='lat' dir='ltr'><strong>qui</strong></span> <span class='ocrx_word' id='word_1_624' title='bbox 127 4279 202 4336; x_wconf 83' lang='lat' dir='ltr'><strong>mele</strong></span> <span class='ocrx_word' id='word_1_625' title='bbox 218 4279 430 4350; x_wconf 83' lang='lat' dir='ltr'><strong>TcnscApbrs‘ce</strong></span> <span class='ocrx_word' id='word_1_626' title='bbox 438 4294 580 4335; x_wconf 89' lang='lat' dir='ltr'><strong>morcsuo.</strong></span> <span class='ocrx_word' id='word_1_627' title='bbox 601 4274 866 4335; x_wconf 79' lang='lat' dir='ltr'><strong>Thamisscscribnnt</strong></span> <span class='ocrx_word' id='word_1_628' title='bbox 919 4272 1026 4326; x_wconf 88' lang='lat' dir='ltr'><strong>Prateii.</strong></span> <span class='ocrx_word' id='word_1_629' title='bbox 1048 4276 1075 4322; x_wconf 92' lang='lat' dir='ltr'><strong>et</strong></span> <span class='ocrx_word' id='word_1_630' title='bbox 1090 4265 1207 4320; x_wconf 86' lang='lat' dir='ltr'><strong>Greven.</strong></span> <span class='ocrx_word' id='word_1_631' title='bbox 1229 4261 1331 4316; x_wconf 86' lang='lat' dir='ltr'><strong>habent</strong></span> <span class='ocrx_word' id='word_1_632' title='bbox 1355 4260 1489 4327; x_wconf 76' lang='lat' dir='ltr'><strong>unripa3</strong></span> <span class='ocrx_word' id='word_1_633' title='bbox 1515 4257 1720 4338; x_wconf 69' lang='lat' dir='ltr'><strong>M1ilan.,reete</strong></span> 
     </span>
     <span class='ocr_line' id='line_1_77' title="bbox 63 4325 1717 4424; baseline -0.016 -17"><span class='ocrx_word' id='word_1_634' title='bbox 63 4348 517 4424; x_wconf 73' lang='lat' dir='ltr'><strong>aliitsedpro&#39;l&#39;onizastatetiam</strong></span> <span class='ocrx_word' id='word_1_635' title='bbox 529 4344 865 4404; x_wconf 86' lang='lat' dir='ltr'><strong>Beroniuseirltinerario</strong></span> <span class='ocrx_word' id='word_1_636' title='bbox 919 4341 1048 4410; x_wconf 85' lang='lat' dir='ltr'><strong>Phrppic.</strong></span> <span class='ocrx_word' id='word_1_637' title='bbox 1091 4337 1241 4415; x_wconf 83' lang='lat' dir='ltr'><strong>Tornacen.</strong></span> <span class='ocrx_word' id='word_1_638' title='bbox 1280 4338 1307 4385; x_wconf 92' lang='lat' dir='ltr'><strong>et</strong></span> <span class='ocrx_word' id='word_1_639' title='bbox 1335 4329 1470 4409; x_wconf 83' lang='lat' dir='ltr'><strong>Munerat.</strong></span> <span class='ocrx_word' id='word_1_640' title='bbox 1502 4325 1609 4405; x_wconf 73' lang='lat' dir='ltr'><strong>legunt</strong></span> <span class='ocrx_word' id='word_1_641' title='bbox 1635 4327 1717 4380; x_wconf 79' lang='lat' dir='ltr'><strong>Atros.</strong></span> 
     </span>
     <span class='ocr_line' id='line_1_78' title="bbox 64 4403 1720 4520; baseline -0.019 -39"><span class='ocrx_word' id='word_1_642' title='bbox 64 4422 225 4489; x_wconf 77' lang='lat' dir='ltr'><strong>Antonini3</strong></span> <span class='ocrx_word' id='word_1_643' title='bbox 253 4421 302 4479; x_wconf 89' lang='lat' dir='ltr'><strong>nbi</strong></span> <span class='ocrx_word' id='word_1_644' title='bbox 330 4421 452 4492; x_wconf 85' lang='lat' dir='ltr'><strong>ejusdem</strong></span> <span class='ocrx_word' id='word_1_645' title='bbox 466 4420 578 4477; x_wconf 90' lang='lat' dir='ltr'><strong>Notatio</strong></span> <span class='ocrx_word' id='word_1_646' title='bbox 601 4418 695 4485; x_wconf 93' lang='lat' dir='ltr'><strong>aliam,</strong></span> <span class='ocrx_word' id='word_1_647' title='bbox 711 4417 767 4472; x_wconf 83' lang='lat' dir='ltr'><strong>lere</strong></span> <span class='ocrx_word' id='word_1_648' title='bbox 784 4432 864 4487; x_wconf 89' lang='lat' dir='ltr'><strong>syno-</strong></span> <span class='ocrx_word' id='word_1_649' title='bbox 921 4412 1025 4470; x_wconf 76' lang='lat' dir='ltr'><strong>Castora</strong></span> <span class='ocrx_word' id='word_1_650' title='bbox 1048 4407 1083 4464; x_wconf 90' lang='lat' dir='ltr'><strong>de</strong></span> <span class='ocrx_word' id='word_1_651' title='bbox 1108 4406 1225 4475; x_wconf 75' lang='lat' dir='ltr'><strong>Aprrcae,</strong></span> <span class='ocrx_word' id='word_1_652' title='bbox 1244 4403 1445 4483; x_wconf 66' lang='lat' dir='ltr'><strong>solempnitate,</strong></span> <span class='ocrx_word' id='word_1_653' title='bbox 1466 4405 1494 4453; x_wconf 89' lang='lat' dir='ltr'><strong>et</strong></span> <span class='ocrx_word' id='word_1_654' title='bbox 1517 4411 1540 4450; x_wconf 91' lang='lat' dir='ltr'><strong>si</strong></span> <span class='ocrx_word' id='word_1_655' title='bbox 1566 4411 1629 4520; x_wconf 74' lang='lat' dir='ltr'><strong>quen</strong></span> <span class='ocrx_word' id='word_1_656' title='bbox 1654 4403 1720 4474; x_wconf 81' lang='lat' dir='ltr'><strong>sunt</strong></span> 
     </span>
     <span class='ocr_line' id='line_1_79' title="bbox 64 4462 1719 4559; baseline -0.018 -9"><span class='ocrx_word' id='word_1_657' title='bbox 64 4510 85 4550; x_wconf 91' lang='lat' dir='ltr'><strong>n</strong></span> <span class='ocrx_word' id='word_1_658' title='bbox 107 4509 181 4550; x_wconf 85' lang='lat' dir='ltr'><strong>mam</strong></span> <span class='ocrx_word' id='word_1_659' title='bbox 210 4492 312 4551; x_wconf 77' lang='lat' dir='ltr'><strong>Alricre</strong></span> <span class='ocrx_word' id='word_1_660' title='bbox 337 4492 478 4549; x_wconf 87' lang='lat' dir='ltr'><strong>civitatem</strong></span> <span class='ocrx_word' id='word_1_661' title='bbox 502 4490 654 4558; x_wconf 89' lang='lat' dir='ltr'><strong>componit,</strong></span> <span class='ocrx_word' id='word_1_662' title='bbox 683 4487 804 4558; x_wconf 83' lang='lat' dir='ltr'><strong>Tpniesc,</strong></span> <span class='ocrx_word' id='word_1_663' title='bbox 821 4487 865 4542; x_wconf 89' lang='lat' dir='ltr'><strong>vel</strong></span> <span class='ocrx_word' id='word_1_664' title='bbox 921 4480 1091 4554; x_wconf 89' lang='lat' dir='ltr'><strong>hujusmodi,</strong></span> <span class='ocrx_word' id='word_1_665' title='bbox 1110 4479 1183 4559; x_wconf 76' lang='lat' dir='ltr'><strong>inter</strong></span> <span class='ocrx_word' id='word_1_666' title='bbox 1213 4479 1347 4528; x_wconf 89' lang='lat' dir='ltr'><strong>minutias</strong></span> <span class='ocrx_word' id='word_1_667' title='bbox 1373 4477 1541 4546; x_wconf 73' lang='lat' dir='ltr'><strong>reputamris.</strong></span> <span class='ocrx_word' id='word_1_668' title='bbox 1588 4462 1719 4519; x_wconf 87' lang='lat' dir='ltr'><strong>etehitin</strong></span> 
     </span>
    </p>

    <p class='ocr_par' dir='ltr' id='par_1_30' title="bbox 66 4536 1723 4921">
     <span class='ocr_line' id='line_1_80' title="bbox 135 4536 1718 4636; baseline -0.02 -16"><span class='ocrx_word' id='word_1_669' title='bbox 135 4565 141 4576; x_wconf 86' lang='lat'>’</span> <span class='ocrx_word' id='word_1_670' title='bbox 189 4564 300 4636; x_wconf 79' lang='lat' dir='ltr'><strong>,vulgo</strong></span> <span class='ocrx_word' id='word_1_671' title='bbox 319 4565 455 4620; x_wconf 71' lang='lat' dir='ltr'><strong>tunsam.</strong></span> <span class='ocrx_word' id='word_1_672' title='bbox 472 4562 543 4619; x_wconf 84' lang='lat' dir='ltr'><strong>Hinc</strong></span> <span class='ocrx_word' id='word_1_673' title='bbox 559 4560 675 4618; x_wconf 90' lang='lat' dir='ltr'><strong>dubium</strong></span> <span class='ocrx_word' id='word_1_674' title='bbox 692 4557 818 4614; x_wconf 90' lang='lat' dir='ltr'><strong>redditur</strong></span> <span class='ocrx_word' id='word_1_675' title='bbox 831 4573 865 4612; x_wconf 91' lang='lat' dir='ltr'><strong>aii</strong></span> <span class='ocrx_word' id='word_1_676' title='bbox 922 4551 1060 4610; x_wconf 84' lang='lat' dir='ltr'><strong>Auctariis</strong></span> <span class='ocrx_word' id='word_1_677' title='bbox 1084 4548 1193 4606; x_wconf 89' lang='lat' dir='ltr'><strong>codices</strong></span> <span class='ocrx_word' id='word_1_678' title='bbox 1209 4542 1367 4608; x_wconf 90' lang='lat' dir='ltr'><strong>nonnullos,</strong></span> <span class='ocrx_word' id='word_1_679' title='bbox 1398 4547 1429 4621; x_wconf 84' lang='lat' dir='ltr'><strong>ut</strong></span> <span class='ocrx_word' id='word_1_680' title='bbox 1455 4536 1718 4614; x_wconf 83' lang='lat' dir='ltr'><strong>Belin.,Antuerp.,</strong></span> 
     </span>
     <span class='ocr_line' id='line_1_81' title="bbox 66 4610 1719 4706; baseline -0.021 -13"><span class='ocrx_word' id='word_1_681' title='bbox 66 4644 140 4693; x_wconf 86' lang='lat' dir='ltr'><strong>recte</strong></span> <span class='ocrx_word' id='word_1_682' title='bbox 150 4634 282 4693; x_wconf 81' lang='lat' dir='ltr'><strong>&#39;lonizam</strong></span> <span class='ocrx_word' id='word_1_683' title='bbox 294 4641 531 4692; x_wconf 87' lang='lat' dir='ltr'><strong>nostramvertent</strong></span> <span class='ocrx_word' id='word_1_684' title='bbox 540 4633 611 4688; x_wconf 91' lang='lat' dir='ltr'><strong>inter</strong></span> <span class='ocrx_word' id='word_1_685' title='bbox 632 4638 701 4687; x_wconf 92' lang='lat' dir='ltr'><strong>retes</strong></span> <span class='ocrx_word' id='word_1_686' title='bbox 712 4645 759 4703; x_wconf 90' lang='lat' dir='ltr'><strong>per</strong></span> <span class='ocrx_word' id='word_1_687' title='bbox 773 4630 864 4685; x_wconf 84' lang='lat' dir='ltr'><strong>Tanis.</strong></span> <span class='ocrx_word' id='word_1_688' title='bbox 880 4648 904 4706; x_wconf 73' lang='lat' dir='ltr'>D</span> <span class='ocrx_word' id='word_1_689' title='bbox 923 4622 1123 4688; x_wconf 83' lang='lat' dir='ltr'><strong>Mar.·hnhee.,</strong></span> <span class='ocrx_word' id='word_1_690' title='bbox 1135 4628 1188 4674; x_wconf 90' lang='lat' dir='ltr'><strong>etc.</strong></span> <span class='ocrx_word' id='word_1_691' title='bbox 1202 4632 1250 4688; x_wconf 94' lang='lat' dir='ltr'><strong>pro</strong></span> <span class='ocrx_word' id='word_1_692' title='bbox 1264 4615 1295 4670; x_wconf 89' lang='lat' dir='ltr'><strong>ln</strong></span> <span class='ocrx_word' id='word_1_693' title='bbox 1307 4613 1433 4683; x_wconf 80' lang='lat' dir='ltr'><strong>Phrpptc,</strong></span> <span class='ocrx_word' id='word_1_694' title='bbox 1449 4610 1518 4663; x_wconf 91' lang='lat' dir='ltr'><strong>male</strong></span> <span class='ocrx_word' id='word_1_695' title='bbox 1533 4621 1719 4689; x_wconf 80' lang='lat' dir='ltr'><strong>supposuisse,</strong></span> 
     </span>
     <span class='ocr_line' id='line_1_82' title="bbox 66 4677 1722 4771; baseline -0.018 -8"><span class='ocrx_word' id='word_1_696' title='bbox 66 4704 226 4763; x_wconf 87' lang='lat' dir='ltr'><strong>Servandus</strong></span> <span class='ocrx_word' id='word_1_697' title='bbox 239 4704 292 4762; x_wconf 81' lang='lat' dir='ltr'><strong>fnit</strong></span> <span class='ocrx_word' id='word_1_698' title='bbox 312 4706 410 4763; x_wconf 89' lang='lat' dir='ltr'><strong>modus</strong></span> <span class='ocrx_word' id='word_1_699' title='bbox 423 4703 590 4762; x_wconf 79' lang='lat' dir='ltr'><strong>scribendis</strong></span> <span class='ocrx_word' id='word_1_700' title='bbox 629 4703 713 4771; x_wconf 91' lang='lat' dir='ltr'><strong>icum,</strong></span> <span class='ocrx_word' id='word_1_701' title='bbox 730 4701 758 4756; x_wconf 90' lang='lat' dir='ltr'><strong>ni</strong></span> <span class='ocrx_word' id='word_1_702' title='bbox 773 4699 864 4767; x_wconf 85' lang='lat' dir='ltr'><strong>fallor,</strong></span> <span class='ocrx_word' id='word_1_703' title='bbox 922 4700 954 4753; x_wconf 89' lang='lat' dir='ltr'><strong>ln</strong></span> <span class='ocrx_word' id='word_1_704' title='bbox 976 4694 1082 4765; x_wconf 67' lang='lat' dir='ltr'><strong>Atrine.</strong></span> <span class='ocrx_word' id='word_1_705' title='bbox 1098 4694 1129 4749; x_wconf 90' lang='lat' dir='ltr'><strong>ln</strong></span> <span class='ocrx_word' id='word_1_706' title='bbox 1156 4686 1313 4762; x_wconf 81' lang='lat' dir='ltr'><strong>apographo</strong></span> <span class='ocrx_word' id='word_1_707' title='bbox 1340 4690 1438 4762; x_wconf 37' lang='lat' dir='ltr'><strong>nostro·</strong></span> <span class='ocrx_word' id='word_1_708' title='bbox 1460 4680 1598 4759; x_wconf 71' lang='lat' dir='ltr'><strong>Pratensi,</strong></span> <span class='ocrx_word' id='word_1_709' title='bbox 1612 4677 1722 4749; x_wconf 82' lang='lat' dir='ltr'><strong>virgula</strong></span> 
     </span>
     <span class='ocr_line' id='line_1_83' title="bbox 66 4749 1722 4851; baseline -0.016 -17"><span class='ocrx_word' id='word_1_710' title='bbox 66 4779 245 4851; x_wconf 85' lang='lat' dir='ltr'><strong>antiquorum</strong></span> <span class='ocrx_word' id='word_1_711' title='bbox 269 4777 395 4834; x_wconf 88' lang='lat' dir='ltr'><strong>omnium</strong></span> <span class='ocrx_word' id='word_1_712' title='bbox 423 4778 453 4833; x_wconf 92' lang='lat' dir='ltr'><strong>in</strong></span> <span class='ocrx_word' id='word_1_713' title='bbox 474 4777 614 4848; x_wconf 75' lang='lat' dir='ltr'><strong>precedens,</strong></span> <span class='ocrx_word' id='word_1_714' title='bbox 650 4773 758 4830; x_wconf 85' lang='lat' dir='ltr'><strong>nainvis</strong></span> <span class='ocrx_word' id='word_1_715' title='bbox 779 4771 813 4827; x_wconf 90' lang='lat' dir='ltr'><strong>ab</strong></span> <span class='ocrx_word' id='word_1_716' title='bbox 838 4787 870 4826; x_wconf 92' lang='lat' dir='ltr'><strong>ea</strong></span> <span class='ocrx_word' id='word_1_717' title='bbox 922 4768 1105 4846; x_wconf 69' lang='lat' dir='ltr'><strong>subductum,</strong></span> <span class='ocrx_word' id='word_1_718' title='bbox 1116 4761 1238 4843; x_wconf 84' lang='lat' dir='ltr'><strong>adeoque</strong></span> <span class='ocrx_word' id='word_1_719' title='bbox 1252 4766 1382 4838; x_wconf 83' lang='lat' dir='ltr'><strong>tanquam</strong></span> <span class='ocrx_word' id='word_1_720' title='bbox 1395 4754 1533 4834; x_wconf 68' lang='lat' dir='ltr'><strong>adjectum</strong></span> <span class='ocrx_word' id='word_1_721' title='bbox 1549 4754 1649 4833; x_wconf 79' lang='lat' dir='ltr'><strong>legitpr</strong></span> <span class='ocrx_word' id='word_1_722' title='bbox 1665 4767 1671 4805; x_wconf 91' lang='lat'><strong>:</strong></span> <span class='ocrx_word' id='word_1_723' title='bbox 1689 4749 1722 4805; x_wconf 84' lang='lat' dir='ltr'><strong>ln</strong></span> 
     </span>
     <span class='ocr_line' id='line_1_84' title="bbox 67 4791 1723 4921; baseline -0.017 -16"><span class='ocrx_word' id='word_1_724' title='bbox 67 4849 224 4906; x_wconf 82' lang='lat' dir='ltr'><strong>mutatione</strong></span> <span class='ocrx_word' id='word_1_725' title='bbox 237 4866 264 4904; x_wconf 85' lang='lat' dir='ltr'><strong>in</strong></span> <span class='ocrx_word' id='word_1_726' title='bbox 290 4848 320 4906; x_wconf 92' lang='lat' dir='ltr'><strong>in</strong></span> <span class='ocrx_word' id='word_1_727' title='bbox 333 4866 362 4919; x_wconf 89' lang='lat' dir='ltr'><strong>n,</strong></span> <span class='ocrx_word' id='word_1_728' title='bbox 378 4865 438 4921; x_wconf 81' lang='lat' dir='ltr'><strong>qne</strong></span> <span class='ocrx_word' id='word_1_729' title='bbox 467 4847 560 4905; x_wconf 88' lang='lat' dir='ltr'><strong>nescio</strong></span> <span class='ocrx_word' id='word_1_730' title='bbox 587 4791 654 4919; x_wconf 77' lang='lat' dir='ltr'><strong>quii</strong></span> <span class='ocrx_word' id='word_1_731' title='bbox 670 4845 782 4902; x_wconf 90' lang='lat' dir='ltr'><strong>dialecti</strong></span> <span class='ocrx_word' id='word_1_732' title='bbox 807 4842 866 4898; x_wconf 91' lang='lat' dir='ltr'><strong>His·</strong></span> <span class='ocrx_word' id='word_1_733' title='bbox 921 4842 994 4909; x_wconf 85' lang='lat' dir='ltr'><strong>Pcpo</strong></span> <span class='ocrx_word' id='word_1_734' title='bbox 1007 4839 1176 4894; x_wconf 61' lang='lat' dir='ltr'><strong>lenovensi</strong></span> <span class='ocrx_word' id='word_1_735' title='bbox 1195 4847 1251 4886; x_wconf 75' lang='lat' dir='ltr'><strong>usco</strong></span> <span class='ocrx_word' id='word_1_736' title='bbox 1266 4830 1407 4895; x_wconf 75' lang='lat' dir='ltr'><strong>santiliaco,</strong></span> <span class='ocrx_word' id='word_1_737' title='bbox 1425 4826 1525 4907; x_wconf 81' lang='lat' dir='ltr'><strong>natqtac</strong></span> <span class='ocrx_word' id='word_1_738' title='bbox 1538 4829 1623 4903; x_wconf 68' lang='lat' dir='ltr'><strong>invicti</strong></span> <span class='ocrx_word' id='word_1_739' title='bbox 1650 4822 1723 4899; x_wconf 65' lang='lat' dir='ltr'><strong>Ben-</strong></span> 
     </span>
    </p>

    <p class='ocr_par' dir='ltr' id='par_1_31' title="bbox 67 4890 1721 5067">
     <span class='ocr_line' id='line_1_85' title="bbox 124 4890 1721 4992; baseline -0.02 -16"><span class='ocrx_word' id='word_1_740' title='bbox 124 4922 175 4979; x_wconf 80' lang='lat' dir='ltr'><strong>ioae</strong></span> <span class='ocrx_word' id='word_1_741' title='bbox 196 4920 312 4992; x_wconf 88' lang='lat' dir='ltr'><strong>redolet,</strong></span> <span class='ocrx_word' id='word_1_742' title='bbox 336 4920 452 4977; x_wconf 93' lang='lat' dir='ltr'><strong>omnino</strong></span> <span class='ocrx_word' id='word_1_743' title='bbox 466 4918 637 4976; x_wconf 88' lang='lat' dir='ltr'><strong>abhorream.</strong></span> <span class='ocrx_word' id='word_1_744' title='bbox 658 4915 792 4988; x_wconf 81' lang='lat' dir='ltr'><strong>Theophili</strong></span> <span class='ocrx_word' id='word_1_745' title='bbox 819 4929 867 4986; x_wconf 92' lang='lat' dir='ltr'><strong>pro</strong></span> <span class='ocrx_word' id='word_1_746' title='bbox 922 4911 1003 4966; x_wconf 71' lang='lat' dir='ltr'><strong>ascrih</strong></span> <span class='ocrx_word' id='word_1_747' title='bbox 1017 4905 1183 4986; x_wconf 32' lang='lat' dir='ltr'><strong>confessoris..</strong></span> <span class='ocrx_word' id='word_1_748' title='bbox 1199 4903 1260 4984; x_wconf 81' lang='lat' dir='ltr'><strong>Mon</strong></span> <span class='ocrx_word' id='word_1_749' title='bbox 1272 4906 1343 4983; x_wconf 70' lang='lat' dir='ltr'><strong>pecte</strong></span> <span class='ocrx_word' id='word_1_750' title='bbox 1353 4897 1497 4979; x_wconf 78' lang='lat' dir='ltr'><strong>Bernqrda,</strong></span> <span class='ocrx_word' id='word_1_751' title='bbox 1514 4895 1560 4952; x_wconf 89' lang='lat' dir='ltr'><strong>sed</strong></span> <span class='ocrx_word' id='word_1_752' title='bbox 1572 4892 1639 4965; x_wconf 88' lang='lat' dir='ltr'><strong>qnid</strong></span> <span class='ocrx_word' id='word_1_753' title='bbox 1652 4890 1721 4947; x_wconf 87' lang='lat' dir='ltr'><strong>velit</strong></span> 
     </span>
     <span class='ocr_line' id='line_1_86' title="bbox 67 4936 1472 5067; baseline -0.019 -16"><span class='ocrx_word' id='word_1_754' title='bbox 67 4936 200 5067; x_wconf 61' lang='lat' dir='ltr'><strong>iiten</strong></span> <span class='ocrx_word' id='word_1_755' title='bbox 221 5008 298 5051; x_wconf 88' lang='lat' dir='ltr'><strong>error</strong></span> <span class='ocrx_word' id='word_1_756' title='bbox 325 5000 368 5050; x_wconf 89' lang='lat' dir='ltr'><strong>cst</strong></span> <span class='ocrx_word' id='word_1_757' title='bbox 392 4991 424 5051; x_wconf 86' lang='lat' dir='ltr'><strong>in</strong></span> <span class='ocrx_word' id='word_1_758' title='bbox 459 4990 594 5051; x_wconf 83' lang='lat' dir='ltr'><strong>Munerat.</strong></span> <span class='ocrx_word' id='word_1_759' title='bbox 620 4997 648 5046; x_wconf 89' lang='lat' dir='ltr'><strong>et</strong></span> <span class='ocrx_word' id='word_1_760' title='bbox 675 4987 793 5046; x_wconf 82' lang='lat' dir='ltr'><strong>Greven.</strong></span> <span class='ocrx_word' id='word_1_761' title='bbox 827 4985 869 5042; x_wconf 86' lang='lat' dir='ltr'><strong>En</strong></span> <span class='ocrx_word' id='word_1_762' title='bbox 923 4998 1003 5039; x_wconf 92' lang='lat' dir='ltr'><strong>nemo</strong></span> <span class='ocrx_word' id='word_1_763' title='bbox 1018 4997 1074 5038; x_wconf 90' lang='lat' dir='ltr'><strong>non</strong></span> <span class='ocrx_word' id='word_1_764' title='bbox 1089 4979 1231 5047; x_wconf 81' lang='lat' dir='ltr'><strong>intelligit.</strong></span> <span class='ocrx_word' id='word_1_765' title='bbox 1247 4972 1472 5031; x_wconf 82' lang='lat' dir='ltr'><strong>VideAuctaria.</strong></span> 
     </span>
    </p>
   </div>
   <div class='ocr_carea' id='block_1_25' title="bbox 755 5107 1046 5168">
    <p class='ocr_par' dir='ltr' id='par_1_32' title="bbox 755 5107 1046 5168">
     <span class='ocr_line' id='line_1_87' title="bbox 755 5107 1046 5168; baseline -0.014 0"><span class='ocrx_word' id='word_1_766' title='bbox 755 5107 1046 5168; x_wconf 82' lang='lat' dir='ltr'><strong>OBSERVATIONES</strong></span> 
     </span>
    </p>
   </div>
   <div class='ocr_carea' id='block_1_26' title="bbox 69 5182 1753 5870">
    <p class='ocr_par' dir='ltr' id='par_1_33' title="bbox 69 5182 1753 5870">
     <span class='ocr_line' id='line_1_88' title="bbox 105 5182 1721 5312; baseline -0.025 -35"><span class='ocrx_word' id='word_1_767' title='bbox 105 5204 276 5302; x_wconf 77' lang='lat' dir='ltr'><strong>Apoprepha</strong></span> <span class='ocrx_word' id='word_1_768' title='bbox 290 5215 505 5289; x_wconf 76' lang='lat' dir='ltr'><strong>hieronymians</strong></span> <span class='ocrx_word' id='word_1_769' title='bbox 516 5211 589 5286; x_wconf 88' lang='lat' dir='ltr'><strong>apud</strong></span> <span class='ocrx_word' id='word_1_770' title='bbox 604 5209 807 5267; x_wconf 88' lang='lat' dir='ltr'><strong>Florentiiiium</strong></span> <span class='ocrx_word' id='word_1_771' title='bbox 831 5207 871 5264; x_wconf 89' lang='lat' dir='ltr'><strong>sic</strong></span> <span class='ocrx_word' id='word_1_772' title='bbox 926 5205 1003 5262; x_wconf 83' lang='lat' dir='ltr'><strong>Adde</strong></span> <span class='ocrx_word' id='word_1_773' title='bbox 1017 5202 1100 5258; x_wconf 87' lang='lat' dir='ltr'><strong>verba</strong></span> <span class='ocrx_word' id='word_1_774' title='bbox 1115 5207 1208 5281; x_wconf 82' lang='lat' dir='ltr'><strong>textus</strong></span> <span class='ocrx_word' id='word_1_775' title='bbox 1221 5195 1331 5276; x_wconf 46' lang='lat' dir='ltr'><strong>nostri)</strong></span> <span class='ocrx_word' id='word_1_776' title='bbox 1350 5194 1408 5264; x_wconf 90' lang='lat' dir='ltr'><strong>ipsa</strong></span> <span class='ocrx_word' id='word_1_777' title='bbox 1417 5187 1588 5266; x_wconf 87' lang='lat' dir='ltr'><strong>Adonianam</strong></span> <span class='ocrx_word' id='word_1_778' title='bbox 1600 5182 1721 5312; x_wconf 86' lang='lat' dir='ltr'><strong>phrasim</strong></span> 
     </span>
     <span class='ocr_line' id='line_1_89' title="bbox 69 5254 1723 5355; baseline -0.024 -7"><span class='ocrx_word' id='word_1_779' title='bbox 69 5291 154 5348; x_wconf 90' lang='lat' dir='ltr'><strong>hodie</strong></span> <span class='ocrx_word' id='word_1_780' title='bbox 168 5288 340 5347; x_wconf 88' lang='lat' dir='ltr'><strong>unanimiter</strong></span> <span class='ocrx_word' id='word_1_781' title='bbox 353 5289 378 5344; x_wconf 90' lang='lat' dir='ltr'><strong>le</strong></span> <span class='ocrx_word' id='word_1_782' title='bbox 399 5294 457 5342; x_wconf 89' lang='lat' dir='ltr'><strong>unt:</strong></span> <span class='ocrx_word' id='word_1_783' title='bbox 475 5289 510 5341; x_wconf 81' lang='lat' dir='ltr'><strong>Et</strong></span> <span class='ocrx_word' id='word_1_784' title='bbox 520 5285 548 5339; x_wconf 86' lang='lat' dir='ltr'><strong>in</strong></span> <span class='ocrx_word' id='word_1_785' title='bbox 567 5283 678 5348; x_wconf 80' lang='lat' dir='ltr'><strong>Tonizc,</strong></span> <span class='ocrx_word' id='word_1_786' title='bbox 694 5281 737 5337; x_wconf 86' lang='lat' dir='ltr'><strong>vel</strong></span> <span class='ocrx_word' id='word_1_787' title='bbox 764 5278 869 5346; x_wconf 77' lang='lat' dir='ltr'><strong>Tonise,</strong></span> <span class='ocrx_word' id='word_1_788' title='bbox 926 5277 1030 5355; x_wconf 77' lang='lat' dir='ltr'><strong>integre</strong></span> <span class='ocrx_word' id='word_1_789' title='bbox 1056 5277 1250 5352; x_wconf 84' lang='lat' dir='ltr'><strong>constituunt,¹</strong></span> <span class='ocrx_word' id='word_1_790' title='bbox 1269 5267 1317 5348; x_wconf 78' lang='lat' dir='ltr'><strong>nbi</strong></span> <span class='ocrx_word' id='word_1_791' title='bbox 1350 5263 1552 5346; x_wconf 79' lang='lat' dir='ltr'><strong>Martyrolcgns</strong></span> <span class='ocrx_word' id='word_1_792' title='bbox 1578 5257 1625 5311; x_wconf 89' lang='lat' dir='ltr'><strong>ile</strong></span> <span class='ocrx_word' id='word_1_793' title='bbox 1651 5254 1723 5336; x_wconf 79' lang='lat' dir='ltr'><strong>snb-</strong></span> 
     </span>
     <span class='ocr_line' id='line_1_90' title="bbox 69 5306 1723 5434; baseline -0.022 -14"><span class='ocrx_word' id='word_1_794' title='bbox 69 5363 183 5434; x_wconf 70' lang='lat' dir='ltr'><strong>Asticus,</strong></span> <span class='ocrx_word' id='word_1_795' title='bbox 200 5360 297 5418; x_wconf 77' lang='lat' dir='ltr'><strong>Falinis</strong></span> <span class='ocrx_word' id='word_1_796' title='bbox 315 5379 322 5428; x_wconf 91' lang='lat'>;</span> <span class='ocrx_word' id='word_1_797' title='bbox 349 5306 396 5416; x_wconf 80' lang='lat' dir='ltr'><strong>rei</strong></span> <span class='ocrx_word' id='word_1_798' title='bbox 408 5358 509 5415; x_wconf 64' lang='lat' dir='ltr'><strong>noblis</strong></span> <span class='ocrx_word' id='word_1_799' title='bbox 523 5354 630 5419; x_wconf 80' lang='lat' dir='ltr'><strong>Felicis,</strong></span> <span class='ocrx_word' id='word_1_800' title='bbox 655 5351 700 5407; x_wconf 88' lang='lat' dir='ltr'><strong>vel</strong></span> <span class='ocrx_word' id='word_1_801' title='bbox 726 5349 827 5405; x_wconf 70' lang='lat' dir='ltr'><strong>naulis</strong></span> <span class='ocrx_word' id='word_1_802' title='bbox 841 5350 869 5406; x_wconf 90' lang='lat' dir='ltr'><strong>S.</strong></span> <span class='ocrx_word' id='word_1_803' title='bbox 925 5346 1055 5403; x_wconf 89' lang='lat' dir='ltr'><strong>dubitans</strong></span> <span class='ocrx_word' id='word_1_804' title='bbox 1065 5343 1166 5423; x_wconf 78' lang='lat' dir='ltr'><strong>diserte</strong></span> <span class='ocrx_word' id='word_1_805' title='bbox 1174 5344 1316 5420; x_wconf 84' lang='lat' dir='ltr'><strong>exprimit,</strong></span> <span class='ocrx_word' id='word_1_806' title='bbox 1329 5336 1434 5414; x_wconf 80' lang='lat' dir='ltr'><strong>osdetnr</strong></span> <span class='ocrx_word' id='word_1_807' title='bbox 1442 5347 1580 5402; x_wconf 76' lang='lat' dir='ltr'><strong>exponere,</strong></span> <span class='ocrx_word' id='word_1_808' title='bbox 1594 5343 1630 5409; x_wconf 81' lang='lat' dir='ltr'><strong>ex</strong></span> <span class='ocrx_word' id='word_1_809' title='bbox 1638 5333 1723 5383; x_wconf 90' lang='lat' dir='ltr'><strong>citato</strong></span> 
     </span>
     <span class='ocr_line' id='line_1_91' title="bbox 69 5400 1720 5525; baseline -0.024 -33"><span class='ocrx_word' id='word_1_810' title='bbox 69 5435 178 5492; x_wconf 75' lang='lat' dir='ltr'><strong>Felicis.</strong></span> <span class='ocrx_word' id='word_1_811' title='bbox 193 5432 239 5489; x_wconf 90' lang='lat' dir='ltr'><strong>Ad</strong></span> <span class='ocrx_word' id='word_1_812' title='bbox 253 5448 314 5505; x_wconf 85' lang='lat' dir='ltr'><strong>quse</strong></span> <span class='ocrx_word' id='word_1_813' title='bbox 329 5430 455 5487; x_wconf 71' lang='lat' dir='ltr'><strong>observat</strong></span> <span class='ocrx_word' id='word_1_814' title='bbox 469 5431 677 5490; x_wconf 89' lang='lat' dir='ltr'><strong>commentator,</strong></span> <span class='ocrx_word' id='word_1_815' title='bbox 690 5438 767 5494; x_wconf 84' lang='lat' dir='ltr'><strong>penes</strong></span> <span class='ocrx_word' id='word_1_816' title='bbox 780 5423 870 5492; x_wconf 77' lang='lat' dir='ltr'><strong>Augu·</strong></span> <span class='ocrx_word' id='word_1_817' title='bbox 926 5423 1044 5473; x_wconf 88' lang='lat' dir='ltr'><strong>tractatu</strong></span> <span class='ocrx_word' id='word_1_818' title='bbox 1066 5429 1160 5470; x_wconf 91' lang='lat' dir='ltr'><strong>omnia</strong></span> <span class='ocrx_word' id='word_1_819' title='bbox 1186 5418 1274 5467; x_wconf 88' lang='lat' dir='ltr'><strong>sancti</strong></span> <span class='ocrx_word' id='word_1_820' title='bbox 1291 5408 1412 5485; x_wconf 77' lang='lat' dir='ltr'><strong>doctoris</strong></span> <span class='ocrx_word' id='word_1_821' title='bbox 1432 5403 1514 5483; x_wconf 79' lang='lat' dir='ltr'><strong>verba</strong></span> <span class='ocrx_word' id='word_1_822' title='bbox 1542 5400 1720 5525; x_wconf 79' lang='lat' dir='ltr'><strong>subpunqens,</strong></span> 
     </span>
     <span class='ocr_line' id='line_1_92' title="bbox 70 5475 1724 5566; baseline -0.024 -2"><span class='ocrx_word' id='word_1_823' title='bbox 70 5508 176 5564; x_wconf 86' lang='lat' dir='ltr'><strong>sticum</strong></span> <span class='ocrx_word' id='word_1_824' title='bbox 201 5512 308 5561; x_wconf 81' lang='lat' dir='ltr'><strong>enatare</strong></span> <span class='ocrx_word' id='word_1_825' title='bbox 322 5501 406 5559; x_wconf 76' lang='lat' dir='ltr'><strong>macti</strong></span> <span class='ocrx_word' id='word_1_826' title='bbox 415 5500 510 5558; x_wconf 79' lang='lat' dir='ltr'><strong>Felicis</strong></span> <span class='ocrx_word' id='word_1_827' title='bbox 524 5496 691 5562; x_wconf 84' lang='lat' dir='ltr'><strong>Mentoricin,</strong></span> <span class='ocrx_word' id='word_1_828' title='bbox 708 5493 816 5548; x_wconf 76' lang='lat' dir='ltr'><strong>treclin</strong></span> <span class='ocrx_word' id='word_1_829' title='bbox 828 5508 870 5562; x_wconf 80' lang='lat' dir='ltr'><strong>ps.</strong></span> <span class='ocrx_word' id='word_1_830' title='bbox 926 5505 986 5560; x_wconf 76' lang='lat' dir='ltr'><strong>qnae</strong></span> <span class='ocrx_word' id='word_1_831' title='bbox 995 5504 1030 5543; x_wconf 93' lang='lat' dir='ltr'><strong>aii</strong></span> <span class='ocrx_word' id='word_1_832' title='bbox 1044 5485 1111 5566; x_wconf 82' lang='lat' dir='ltr'><strong>huic</strong></span> <span class='ocrx_word' id='word_1_833' title='bbox 1123 5482 1215 5564; x_wconf 90' lang='lat' dir='ltr'><strong>potius</strong></span> <span class='ocrx_word' id='word_1_834' title='bbox 1228 5495 1310 5554; x_wconf 88' lang='lat' dir='ltr'><strong>quarn</strong></span> <span class='ocrx_word' id='word_1_835' title='bbox 1320 5479 1399 5556; x_wconf 84' lang='lat' dir='ltr'><strong>alteri</strong></span> <span class='ocrx_word' id='word_1_836' title='bbox 1413 5475 1545 5539; x_wconf 87' lang='lat' dir='ltr'><strong>Felici‚ut</strong></span> <span class='ocrx_word' id='word_1_837' title='bbox 1555 5477 1619 5527; x_wconf 89' lang='lat' dir='ltr'><strong>sunt</strong></span> <span class='ocrx_word' id='word_1_838' title='bbox 1631 5487 1648 5543; x_wconf 93' lang='lat' dir='ltr'><strong>p</strong></span> <span class='ocrx_word' id='word_1_839' title='bbox 1662 5486 1724 5551; x_wconf 79' lang='lat' dir='ltr'><strong>ures</strong></span> 
     </span>
     <span class='ocr_line' id='line_1_93' title="bbox 72 5545 1723 5650; baseline -0.025 -14"><span class='ocrx_word' id='word_1_840' title='bbox 72 5580 133 5636; x_wconf 72' lang='lat' dir='ltr'><strong>tet.</strong></span> <span class='ocrx_word' id='word_1_841' title='bbox 148 5579 255 5650; x_wconf 89' lang='lat' dir='ltr'><strong>Nempe</strong></span> <span class='ocrx_word' id='word_1_842' title='bbox 282 5592 343 5648; x_wconf 80' lang='lat' dir='ltr'><strong>que</strong></span> <span class='ocrx_word' id='word_1_843' title='bbox 359 5590 408 5646; x_wconf 89' lang='lat' dir='ltr'><strong>per</strong></span> <span class='ocrx_word' id='word_1_844' title='bbox 425 5571 612 5644; x_wconf 82' lang='lat' dir='ltr'><strong>conjecturam</strong></span> <span class='ocrx_word' id='word_1_845' title='bbox 626 5566 687 5622; x_wconf 87' lang='lat' dir='ltr'><strong>Ado</strong></span> <span class='ocrx_word' id='word_1_846' title='bbox 718 5565 869 5636; x_wconf 89' lang='lat' dir='ltr'><strong>proposuit,</strong></span> <span class='ocrx_word' id='word_1_847' title='bbox 926 5558 1008 5630; x_wconf 83' lang='lat' dir='ltr'><strong>liujus</strong></span> <span class='ocrx_word' id='word_1_848' title='bbox 1024 5573 1155 5623; x_wconf 90' lang='lat' dir='ltr'><strong>nominis,</strong></span> <span class='ocrx_word' id='word_1_849' title='bbox 1179 5555 1431 5612; x_wconf 87' lang='lat' dir='ltr'><strong>vereconveniant‚</strong></span> <span class='ocrx_word' id='word_1_850' title='bbox 1460 5545 1592 5633; x_wconf 71' lang='lat' dir='ltr'><strong>lineteipus</strong></span> <span class='ocrx_word' id='word_1_851' title='bbox 1608 5557 1723 5597; x_wconf 91' lang='lat' dir='ltr'><strong>omnino</strong></span> 
     </span>
     <span class='ocr_line' id='line_1_94' title="bbox 71 5615 1720 5725; baseline -0.026 -14"><span class='ocrx_word' id='word_1_852' title='bbox 71 5656 205 5725; x_wconf 68' lang='lat' dir='ltr'><strong>tauquam</strong></span> <span class='ocrx_word' id='word_1_853' title='bbox 221 5654 296 5707; x_wconf 85' lang='lat' dir='ltr'><strong>certa</strong></span> <span class='ocrx_word' id='word_1_854' title='bbox 322 5645 429 5714; x_wconf 89' lang='lat' dir='ltr'><strong>asserit,</strong></span> <span class='ocrx_word' id='word_1_855' title='bbox 458 5645 612 5701; x_wconf 87' lang='lat' dir='ltr'><strong>Romanum</strong></span> <span class='ocrx_word' id='word_1_856' title='bbox 640 5636 815 5702; x_wconf 87' lang='lat' dir='ltr'><strong>hodiernum,</strong></span> <span class='ocrx_word' id='word_1_857' title='bbox 843 5634 871 5689; x_wconf 91' lang='lat' dir='ltr'><strong>ni</strong></span> <span class='ocrx_word' id='word_1_858' title='bbox 926 5638 1031 5688; x_wconf 90' lang='lat' dir='ltr'><strong>certum</strong></span> <span class='ocrx_word' id='word_1_859' title='bbox 1049 5644 1104 5684; x_wconf 89' lang='lat' dir='ltr'><strong>non</strong></span> <span class='ocrx_word' id='word_1_860' title='bbox 1127 5633 1177 5693; x_wconf 91' lang='lat' dir='ltr'><strong>est,</strong></span> <span class='ocrx_word' id='word_1_861' title='bbox 1194 5630 1224 5679; x_wconf 92' lang='lat' dir='ltr'><strong>ut</strong></span> <span class='ocrx_word' id='word_1_862' title='bbox 1253 5623 1323 5703; x_wconf 84' lang='lat' dir='ltr'><strong>hene</strong></span> <span class='ocrx_word' id='word_1_863' title='bbox 1346 5618 1503 5700; x_wconf 76' lang='lat' dir='ltr'><strong>observavit</strong></span> <span class='ocrx_word' id='word_1_864' title='bbox 1527 5615 1720 5696; x_wconf 70' lang='lat' dir='ltr'><strong>¹liastellanns:</strong></span> 
     </span>
     <span class='ocr_line' id='line_1_95' title="bbox 71 5693 1753 5783; baseline -0.024 -6"><span class='ocrx_word' id='word_1_865' title='bbox 71 5722 155 5779; x_wconf 82' lang='lat' dir='ltr'><strong>fallor</strong></span> <span class='ocrx_word' id='word_1_866' title='bbox 181 5727 303 5777; x_wconf 89' lang='lat' dir='ltr'><strong>secutus.</strong></span> <span class='ocrx_word' id='word_1_867' title='bbox 330 5719 435 5773; x_wconf 86' lang='lat' dir='ltr'><strong>Auctor</strong></span> <span class='ocrx_word' id='word_1_868' title='bbox 461 5712 577 5772; x_wconf 84' lang='lat' dir='ltr'><strong>Romani</strong></span> <span class='ocrx_word' id='word_1_869' title='bbox 603 5708 681 5783; x_wconf 85' lang='lat' dir='ltr'><strong>parvi</strong></span> <span class='ocrx_word' id='word_1_870' title='bbox 709 5705 872 5778; x_wconf 88' lang='lat' dir='ltr'><strong>simpliciter</strong></span> <span class='ocrx_word' id='word_1_871' title='bbox 926 5697 1093 5775; x_wconf 88' lang='lat' dir='ltr'><strong>quamvisde</strong></span> <span class='ocrx_word' id='word_1_872' title='bbox 1107 5693 1722 5776; x_wconf 71' lang='lat' dir='ltr'><strong>ceternlacileBoionioassentrirquousquc</strong></span> <span class='ocrx_word' id='word_1_873' title='bbox 1750 5706 1753 5714; x_wconf 47' lang='lat'><strong><em>¹</em></strong></span> 
     </span>
     <span class='ocr_line' id='line_1_96' title="bbox 73 5755 1724 5870; baseline -0.026 -19"><span class='ocrx_word' id='word_1_874' title='bbox 73 5765 238 5870; x_wconf 76' lang='lat' dir='ltr'><strong>scrips&#39;erat:</strong></span> <span class='ocrx_word' id='word_1_875' title='bbox 259 5791 363 5850; x_wconf 76' lang='lat' dir='ltr'><strong>uentae</strong></span> <span class='ocrx_word' id='word_1_876' title='bbox 384 5787 495 5860; x_wconf 76' lang='lat' dir='ltr'><strong>Africae,</strong></span> <span class='ocrx_word' id='word_1_877' title='bbox 507 5782 591 5843; x_wconf 83' lang='lat' dir='ltr'><strong>sancti</strong></span> <span class='ocrx_word' id='word_1_878' title='bbox 616 5779 710 5839; x_wconf 82' lang='lat' dir='ltr'><strong>Felicis</strong></span> <span class='ocrx_word' id='word_1_879' title='bbox 733 5777 871 5849; x_wconf 71' lang='lat' dir='ltr'><strong>tnertpiis.</strong></span> <span class='ocrx_word' id='word_1_880' title='bbox 925 5791 984 5831; x_wconf 89' lang='lat' dir='ltr'><strong>reni</strong></span> <span class='ocrx_word' id='word_1_881' title='bbox 998 5786 1109 5830; x_wconf 91' lang='lat' dir='ltr'><strong>omnem</strong></span> <span class='ocrx_word' id='word_1_882' title='bbox 1124 5774 1279 5828; x_wconf 81' lang='lat' dir='ltr'><strong>accuratius</strong></span> <span class='ocrx_word' id='word_1_883' title='bbox 1297 5776 1455 5823; x_wconf 83' lang='lat' dir='ltr'><strong>examinare</strong></span> <span class='ocrx_word' id='word_1_884' title='bbox 1465 5773 1612 5834; x_wconf 86' lang='lat' dir='ltr'><strong>possimus.</strong></span> <span class='ocrx_word' id='word_1_885' title='bbox 1629 5755 1724 5812; x_wconf 88' lang='lat' dir='ltr'><strong>Socios</strong></span> 
     </span>
    </p>
   </div>
   <div class='ocr_carea' id='block_1_27' title="bbox 0 0 1933 6132">
    <p class='ocr_par' dir='ltr' id='par_1_34' title="bbox 0 0 1933 6132">
     <span class='ocr_line' id='line_1_97' title="bbox 0 0 1933 6132; baseline 0 0"><span class='ocrx_word' id='word_1_886' title='bbox 0 0 1933 6132; x_wconf 95' lang='lat' dir='ltr'><strong> </strong></span> 
     </span>
    </p>
   </div>
  </div>
 </body>
</html>
