3834 6136
204 205 252 262 tat
693 194 703 215 ‘'
861 196 1014 254 t'sttattnt
1032 196 1202 254 honneur.

1800 196 1854 252 tot

203 345 329 402 corpore,
360 326 465 384 Christi
497 332 646 396 martyrem
673 324 750 381 iecit.
779 327 883 392 Romae,
913 332 1013 381 sancta
1040 323 1132 381 Luciae
1164 323 1281 396 uirginis
1308 341 1371 381 cum
1400 323 1463 380 aliis
1490 323 1590 396 viginti
1620 323 1739 381 dnobus.
1759 323 1861 397 tudda

204 419 352 475 Bouillart.
371 436 376 471 :
394 429 404 454 ι
421 417 488 471 ltem
504 413 648 470 translatio
661 414 751 503 salicti
770 413 865 485 Eligii,
882 414 1004 485 episcopi
1019 422 1046 470 et
1061 413 1249 486 confessoris]

944 540 1063 596 NOTAE.

237 643 299 698 Pari
313 647 379 699 sunt
394 640 504 696 codices
516 647 634 713 quatuor
647 640 798 706 Heriniea„
812 637 1058 708 Aataerp.-dlujor,
1078 639 1187 693 (ἔνεισι.
1204 647 1230 694 et
1247 640 1348 694 Melan.

236 784 249 809 ⁸
267 772 369 828 Verum
399 777 449 826 est.
485 769 555 825 lluic
588 769 705 824 articulo
739 766 833 823 subdit
865 765 1003 820 Pratensis
1017 769 1042 827 A
1058 773 1180 822 utcxtra
1200 767 1308 839 culpam
1325 775 1465 823 noncsset
1488 766 1539 821 iste
1564 763 1652 822 codex
1667 767 1689 822 si
1704 783 1766 822 eam
1782 767 1861 824 orni-

201 844 289 898 sancti
313 841 398 914 Eligii
423 841 640 897 translationem.
662 838 714 895 Sed
739 837 806 911 qnid
835 838 888 892 hoc
920 838 947 891 in
972 853 1001 892 re

201 915 346 986 peccavit?
375 914 457 968 Facta
481 920 521 968 est
546 912 603 967 hac
616 912 760 967 translatio
781 909 871 964 medio
885 908 1002 979 septimo

202 988 302 1042 seculo
317 992 343 1039 et
359 985 388 1040 in
405 983 554 1040 Gallicanis
568 983 691 1050 ecclesiis
703 982 839 1055 precipue
849 980 1001 1035 celebrata:

1056 837 1137 892 sisset
1149 857 1155 904 ;
1167 847 1193 894 et
1201 855 1256 894 non
1267 839 1392 894 omisisse
1402 838 1472 892 vitio
1482 837 1528 892 dat
1539 838 1672 893 Sollerius
1683 855 1858 912 :quanquam

1058 909 1180 964 Pratensi
1192 910 1370 966 consentiunt
1382 918 1484 982 septem
1497 926 1530 964 ex
1542 909 1684 966 codicillus
1694 926 1764 982 quos
1775 910 1857 980 vidit,

1057 989 1084 1035 et
1099 981 1227 1037 undecim
1242 998 1311 1054 quos
1329 981 1397 1053 ipse.
1416 982 1583 1036 Rourruxnr.

816 1105 1019 1163 vastantes
1039 1103 1243 1163 Lectiones

237 1212 337 1282 Purrlri
361 1213 482 1266 Baream
499 1207 639 1262 distinctis
663 1205 778 1261 vocibus
806 1212 878 1259 recte
907 1204 1002 1259 scribit

201 1286 338 1349 Molanus,
357 1290 387 1335 ut
398 1282 431 1335 ab
447 1279 618 1334 llensclrenio
633 1279 800 1348 explicatum
817 1283 866 1331 est.
884 1278 913 1329 lu
929 1276 1002 1330 Gre-

202 1374 273 1411 reuo
288 1364 329 1409 est
344 1354 535 1408 Peribaroeam.
551 1350 606 1403 Nus
618 1366 680 1403 curn
696 1347 803 1402 dnobus
818 1347 880 1400 aliis
894 1352 920 1400 et
932 1346 1002 1400 reli-

221 1427 263 1481 uis
291 1426 374 1478 terme
399 1421 538 1485 omnibus,
567 1425 598 1473 ut
621 1428 662 1474 est
687 1419 715 1472 in
729 1425 818 1472 textu.
835 1419 908 1471 luter
922 1419 1001 1487 plura

201 1444 463 1575 antuerp-Maioris
475 1490 638 1561 sphalmata,
651 1489 770 1560 primum
786 1496 836 1553 est,
847 1487 918 1541 beati
930 1488 1002 1542 Petri

200 1566 327 1639 apostola,
354 1581 404 1636 pro
429 1563 519 1618 Pauli.
539 1561 675 1626 Alterum,
696 1559 830 1614 Gallicani
842 1559 998 1628 presbyteri,

220 1656 250 1693 ro
270 1637 406 1706 rrrartpris.
432 1634 493 1688 Non
520 1632 637 1686 multum
665 1631 792 1685 absimile
816 1631 952 1700 reperitur
972 1630 999 1684 in

200 1656 343 1766 iterinien.
370 1705 416 1778 qni
439 1721 489 1776 pro
505 1703 688 1769 Constantius,
712 1702 775 1773 legit
795 1703 958 1763 Contemptis,
974 1709 1001 1755 et

201 1797 250 1854 pro
264 1797 352 1844 caras,
369 1779 470 1832 clarus.
486 1777 588 1830 Rursus
604 1773 630 1827 in
648 1772 897 1843 Antuerp.-blajore
912 1772 1001 1827 hahe-

201 1861 264 1915 tur,
282 1869 312 1905 ac
335 1848 435 1905 Christi
458 1846 595 1916 turparem,
609 1844 655 1899 nbi
679 1844 834 1914 legendum,
855 1861 886 1898 uc
901 1844 1001 1899 Christi

200 1929 341 1993 martyres.
354 1921 409 1987 Sic,
420 1917 592 1980 contrari-itur,
607 1932 656 1987 pro
666 1933 804 1970 corroersas
818 1923 855 1970 est
867 1916 1000 1981 uiderint-t,

1058 1219 1105 1273 pro
1121 1203 1248 1255 ridmeat.
1265 1203 1342 1268 Item,
1358 1200 1509 1267 sarrientem,
1525 1201 1596 1268 loco,
1611 1207 1636 1256 et
1646 1202 1772 1260 Coasale.
1789 1205 1859 1260 Fara-

1056 1275 1157 1327 dealam
1172 1290 1220 1345 pro
1237 1273 1418 1342 effrrrrdenlem,
1434 1281 1485 1327 etc.
1501 1274 1540 1327 De
1559 1280 1760 1344 corrharpaeret,
1776 1274 1860 1330 dixi-

1056 1361 1117 1398 mus
1133 1361 1223 1414 supra.
1241 1344 1342 1398 Christi
1357 1350 1500 1413 annularem
1514 1343 1584 1412 (ecit,
1602 1345 1726 1402 scribant
1741 1346 1860 1404 Codrces

1056 1432 1162 1483 ornnes,
1180 1416 1340 1486 inquorum
1361 1414 1514 1480 nonnullis,
1531 1423 1561 1470 ut
1578 1415 1606 1470 iu
1622 1416 1788 1485 lleriniensi,
1802 1435 1861 1474 su-

1057 1487 1148 1558 perius
1173 1486 1319 1542 recentiori
1346 1502 1429 1540 uranu
1444 1486 1591 1557 adjectum,
1608 1504 1642 1542 se.
1663 1487 1713 1544 Sed
1728 1489 1861 1546 Molanus

1055 1574 1137 1629 supra
1153 1565 1264 1614 caeteros
1277 1574 1369 1628 sapere
1384 1557 1484 1623 voluit,
1500 1557 1539 1614 sic
1558 1565 1666 1614 textum
1690 1559 1857 1628 immutans,

1057 1630 1157 1685 Christi
1184 1636 1288 1698 martyr
1308 1629 1426 1700 efficitur.
1456 1628 1516 1695 Quo
1544 1629 1654 1754 quidem
1679 1647 1692 1685 s
1714 1632 1808 1687 ntaxis
1827 1632 1859 1688 iit

1055 1700 1284 1765 curendatior,sed
1295 1716 1356 1754 cum
1363 1699 1549 1770 jacturasimp
1564 1701 1665 1757 icitatis
1701 1703 1852 1759 suardinae.

1054 1771 1169 1897 {udices
1192 1771 1293 1826 habent
1313 1772 1419 1838 Latrim
1445 1772 1544 1827 melius
1568 1773 1746 1830 scribendum
1773 1783 1857 1843 essct,

1078 1861 1165 1899 arcera.

875 2041 1177 2098 onsaavnttonas.

237 2144 370 2200 llodierni
394 2152 487 2200 textus
514 2151 571 2199 tota
595 2142 701 2212 genesis
720 2157 753 2196 ex
773 2143 895 2198 Rornano
916 2145 1037 2222 parvoB
1056 2148 1237 2197 revertamur.
1273 2140 1347 2197 ldem
1378 2140 1406 2195 in
1434 2158 1466 2196 eo
1493 2150 1533 2197 est
1555 2141 1627 2207 lons,
1653 2141 1728 2198 idem
1754 2145 1855 2203 tradux

201 2216 387 2287 perditonem
404 2215 536 2287 procedit,
553 2224 660 2270 servato
677 2213 785 2285 penitus
804 2214 999 2268 sarnuntratio-

200 2304 266 2342 num
285 2288 391 2342 ordine.
414 2288 459 2342 Sic
482 2287 580 2357 incipit
595 2284 783 2366 Martyrologii
799 2283 875 2338 illius
889 2285 1000 2354 compi-

201 2359 271 2413 lator
285 2377 290 2413 :
304 2361 384 2429 Apud
396 2359 601 2427 l’qrriberaara,
614 2358 760 2427 Sosrputris
770 2356 895 2425 discipuli
910 2356 998 2410 Pauli.

201 2430 389 2486 Hisceverbis
404 2431 474 2485 nihil
490 2445 654 2502 magnopere
663 2427 853 2499 superaddidit
868 2427 937 2492 Ado,
951 2444 1000 2482 uec

200 2502 298 2557 hoster
322 2503 411 2557 aldoni
435 2502 597 2573 quidnam,
620 2500 686 2556 satis
710 2499 813 2554 habens
834 2498 893 2570 ejus
918 2498 1000 2552 rerba

199 2575 415 2643 transcripsisse.
441 2576 490 2628 Est
505 2519 556 2627 iric
575 2572 666 2627 denno
686 2586 721 2625 ex
741 2569 844 2626 Christi
868 2577 916 2624 aut
929 2586 1000 2640 apo-

200 2644 333 2697 stolorum
350 2644 493 2713 discipulis
505 2644 617 2714 aliquis,
633 2641 752 2711 primum
768 2641 802 2695 ab
816 2648 926 2696 auctore
941 2642 1000 2696 llo-

201 2713 275 2768 mani
292 2714 367 2783 parvi
378 2730 426 2784 pro
437 2713 529 2778 libitu,
545 2712 573 2767 ni
585 2713 674 2775 fallor,
688 2710 740 2765 hoc
753 2711 798 2765 die
810 2710 998 2781 consignatus,

200 2784 352 2855 etquidem
368 2784 483 2839 contuso
498 2783 619 2850 nomine,
635 2798 697 2838 cum
714 2783 833 2852 Sopater,
850 2798 904 2836 nou
921 2784 999 2838 Sosi-

197 2861 285 2924 pater,
301 2854 435 2909 dicendus
447 2855 482 2909 sit
497 2854 643 2910 Beraeasis
658 2852 716 2920 ille,
727 2852 760 2908 de
773 2869 827 2924 quo
842 2852 887 2908 bic
897 2853 997 2924 agitur,

199 2932 230 2979 ut
244 2934 336 2980 censet
353 2925 541 2981 Heuschenius
555 2926 584 2980 in
609 2925 714 2997 sylloge
728 2940 776 2978 sua
795 2923 927 2979 historico
939 2925 998 2980 cri-

198 2995 271 3062 tica;
296 2996 349 3051 nisi
376 2996 446 3051 sorte
468 2996 518 3052 snb
538 3004 654 3068 utroque
679 2995 790 3050 nomine
804 2995 877 3050 idem
894 2996 995 3063 veniat,

199 3067 272 3139 quod
289 3068 391 3123 sentire
406 3067 516 3123 videtur
530 3067 723 3123 Tillemontius
736 3075 811 3121 tomo
824 3067 846 3130 l,
862 3082 922 3136 pag.
933 3068 996 3125 565.

200 3138 297 3209 Siquid
314 3138 516 3195 llenscheuium
529 3139 669 3215 fefellerit,
679 3138 779 3210 poterit
791 3138 824 3192 ad
841 3154 881 3191 ιιι
891 3137 957 3193 lolii
968 3139 996 3194 in

199 3210 276 3264 Actis
291 3211 409 3279 restitui,
426 3211 491 3266 dum
506 3210 540 3266 de
554 3211 669 3278 Nasone,
684 3227 732 3283 pro
747 3211 842 3264 lasona
856 3211 899 3265 vel
915 3212 998 3266 Maa-

199 3297 271 3348 sone,
299 3298 331 3337 eo
353 3282 397 3337 die
418 3299 434 3337 a
453 3283 522 3337 biart
544 3283 645 3354 rologis
669 3281 771 3337 nostris
798 3281 915 3352 signato,
945 3284 997 3338 erit

198 3352 400 3409 disserendum.
415 3357 454 3411 De
471 3299 610 3410 διιῖιίαιιο
625 3369 659 3408 cx
674 3353 759 3425 priori
776 3353 824 3408 SS.
845 3352 957 3407 Jourrm's
970 3362 997 3409 et

197 3424 281 3480 ΡιιιιιιΙ
296 3428 428 3481 Actorum
444 3433 530 3497 parte,
548 3425 625 3497 longa
637 3425 743 3481 texitur
752 3422 786 3479 ab
803 3424 898 3479 Adone
912 3423 996 3480 histo·

1056 2211 1150 2266 eadem
1165 2213 1290 2268 omnium
1309 2212 1401 2276 verba,
1419 2212 1520 2284 quibus
1535 2213 1704 2285 exprimitur
1717 2219 1856 2275 annuntia

1054 2283 1094 2339 tio
1121 2283 1230 2352 ultima,
1263 2292 1344 2356 atque
1372 2284 1439 2339 adeo
1468 2284 1611 2365 perspicua
1636 2294 1678 2341 est
1701 2287 1856 2346 Usuardina

1054 2353 1345 2434 siurplicitas,exclusa
1355 2356 1439 2410 sancti
1454 2356 1538 2426 Elipia
1551 2357 1737 2425 transtatione,
1750 2375 1812 2431 quae
1826 2362 1854 2416 iu

1055 2424 1155 2482 Codice
1170 2427 1293 2482 Pratensi
1308 2434 1335 2482 et
1348 2427 1490 2482 Munerato
1504 2443 1645 2498 perperam
1656 2430 1747 2484 textui
1762 2433 1857 2487 ascri-

1053 2495 1139 2552 bitur.
1156 2499 1240 2555 Porro
1255 2498 1318 2572 quid
1336 2498 1369 2554 de
1385 2498 1465 2553 Lucia
1480 2499 1522 2553 vel
1538 2499 1634 2554 erceiu
1649 2507 1676 2554 et
1690 2500 1776 2556 sociis
1793 2520 1856 2559 vere

1053 2570 1221 2625 censendum
1234 2571 1280 2637 sit,
1296 2569 1417 2624 dubitari
1428 2569 1524 2641 utique
1539 2578 1686 2640 pelastes
1701 2573 1855 2642 plurimum

1054 2640 1226 2696 variantibus
1241 2641 1373 2697 Codicum
1393 2641 1672 2711 hieronymianorum
1691 2644 1855 2701 stallorum

1055 2712 1229 2767 lectionibus.
1245 2713 1280 2767 Et
1295 2711 1336 2767 illi
1351 2711 1463 2784 quidem
1487 2728 1543 2766 uon
1558 2713 1673 2768 omnino
1685 2715 1854 2784 conformes,

1053 2782 1098 2838 rlic
1126 2783 1302 2853 praecedenti,
1327 2783 1397 2838 Festi
1423 2789 1448 2837 et
1474 2783 1563 2838 Larcio
1586 2786 1743 2840 cara-sociis
1758 2788 1854 2858 viciati

1052 2854 1172 2917 duodas;
1201 2854 1251 2910 hac
1271 2854 1316 2909 die
1339 2854 1440 2909 Luceire
1463 2855 1575 2925 uirqiais
1588 2861 1612 2909 et
1625 2853 1712 2911 Acet'oe
1729 2857 1854 2928 cirpiair,

1052 2926 1154 2997 absque
1169 2925 1251 2981 sociis
1262 2943 1268 2991 ;
1281 2925 1325 2980 die
1340 2926 1464 2996 sequenti
1481 2925 1583 2980 eraeia
1596 2927 1709 2995 virqiat's
1722 2934 1748 2982 et
1761 2930 1854 3001 Diope

1052 2998 1112 3062 ais;
1132 2997 1242 3052 dearum
1260 3014 1268 3051 ι
1282 2996 1359 3064 lulli,
1377 2997 1477 3051 Circeia
1497 2997 1611 3066 cispinis
1626 3004 1650 3051 et
1663 2997 1770 3054 Aueria
1784 3003 1855 3072 roais

1051 3084 1115 3124 cum
1138 3067 1219 3122 sociis
1242 3085 1292 3122 vsu
1308 3069 1351 3122 vel
1369 3085 1397 3122 rx
1413 3068 1576 3124 meminere:
1592 3069 1632 3125 sic
1647 3077 1678 3124 ut
1702 3070 1852 3128 minimum

1052 3139 1258 3211 quadruplicem
1280 3139 1413 3202 Luceium,
1434 3140 1476 3192 vel
1495 3139 1604 3194 Latmia
1628 3139 1768 3210 invenias,
1790 3144 1851 3215 plns

1049 3210 1134 3282 justo,
1152 3210 1180 3264 ui
1197 3210 1285 3277 lallor,
1304 3209 1523 3281 multiplicatam,
1534 3218 1560 3264 et
1576 3212 1662 3281 magis
1677 3211 1848 3270 adhucmul·

1051 3280 1241 3353 tiplicandam‚
1253 3282 1276 3336 si
1290 3281 1461 3353 singulorum
1476 3281 1758 3352 Hierouyruianorum
1770 3285 1851 3342 Codi-

1051 3368 1114 3408 cum
1130 3361 1222 3408 textus
1237 3353 1309 3407 inter
1321 3368 1350 3406 se
1364 3353 1552 3423 scrupulosius
1575 3353 1765 3411 conferantur.
1782 3358 1850 3424 Alii,

1052 3424 1080 3479 in
1095 3422 1203 3479 diversa
1218 3424 1359 3490 abe'untes,
1372 3423 1447 3478 hisce
1458 3423 1578 3479 tenebris
1593 3423 1682 3480 lucem
1694 3442 1749 3481 nou
1765 3427 1852 3483 alluu-

197 3494 247 3560 ria,
265 3512 325 3566 qnae
341 3497 369 3551 in
385 3497 592 3567 compendium,
605 3496 651 3552 sed
662 3497 744 3552 solito
760 3495 877 3568 longius,
889 3506 995 3552 contra·
1014 3495 1129 3562 cdunt.
1157 3494 1212 3552 Nec
1231 3512 1297 3550 vero
1319 3493 1402 3567 hujus
1426 3495 1478 3550 loci
1493 3503 1533 3550 est
1548 3494 1637 3550 lusior
1651 3513 1681 3551 ea
1695 3497 1729 3553 de
1746 3515 1775 3555 re
1789 3500 1853 3555 dis-

197 3563 297 3621 hitura
306 3568 415 3634 Nostro,
425 3567 541 3622 servatis
552 3567 655 3638 ubique
665 3567 845 3620 antecessoris
858 3567 993 3622 terminis.
1051 3566 1175 3638 quisine.
1191 3566 1300 3622 Vidcsis
1311 3583 1370 3637 quae
1386 3565 1414 3620 in
1426 3566 1514 3631 Actis,
1525 3583 1577 3638 qua
1588 3567 1678 3638 potuit
1689 3570 1851 3626 verisimili·

196 3635 290 3690 Nitida
310 3654 386 3698 sane,
411 3638 558 3706 eleganter,
582 3645 609 3693 et
633 3645 861 3706 praetermorem,
878 3638 994 3707 prolixe,
1050 3637 1156 3704 tudine,
1174 3636 1270 3693 statuit
1288 3638 1511 3707 Papebrochius;
1538 3639 1581 3693 vel
1597 3639 1815 3707 Florentinium,
1829 3642 1853 3698 si

197 3706 239 3761 sic
252 3715 283 3761 ut
298 3708 399 3761 mirum
411 3707 439 3761 iu
455 3707 565 3763 modum
578 3717 605 3763 et
615 3707 705 3762 Adoni
718 3713 744 3761 et
756 3706 879 3762 Usuardo
890 3709 996 3776 placere
1051 3708 1138 3775 lubet,
1160 3708 1290 3775 oonsule;
1314 3709 1380 3763 dum
1402 3708 1482 3763 nobis
1501 3717 1593 3764 textus
1616 3710 1732 3766 Usuardi
1748 3712 1779 3767 iu
1792 3721 1853 3768 tato

197 3774 323 3831 debuerit
344 3786 401 3833 tota
416 3778 465 3832 illa
487 3778 521 3834 de
541 3779 643 3833 laureae
662 3785 689 3832 et
703 3779 790 3833 Paalo
805 3776 930 3845 historia,
946 3780 996 3834 sub
1051 3779 1155 3851 positus
1178 3787 1232 3835 est:
1250 3795 1266 3834 a
1281 3778 1359 3849 cnjus
1381 3781 1526 3846 sententia,
1551 3797 1606 3851 qua
1630 3791 1707 3851 parte
1729 3783 1852 3839 Luceium

198 3848 322 3918 specioso
341 3851 491 3905 Termetiani
511 3849 652 3920 cujusdam
669 3849 781 3904 nomine
801 3849 952 3918 venditata,
965 3867 997 3906 ac
1051 3850 1158 3918 attinet,
1176 3867 1231 3908 non
1248 3850 1328 3921 longe
1343 3851 1445 3906 recedit
1460 3851 1686 3921 wandalbertus,
1702 3852 1780 3912 hisce
1795 3855 1852 3910 suis

196 3918 276 3974 aedae
292 3919 375 3975 etiam
390 3922 510 3991 cognita,
525 3929 555 3975 ut
570 3919 673 3992 patebit
687 3919 731 3974 die
751 3921 887 3992 sequenti.
903 3921 996 3993 ltaque
1052 3923 1196 3978 versibus:

196 3998 332 4046 vetustam
355 4008 414 4047 esse
434 4001 461 4047 et
486 3993 585 4047 saeculo
605 3998 703 4046 octavo
718 3991 901 4063 antiquiorem
917 3994 997 4064 plane

197 4069 324 4127 constat;
343 4079 433 4119 reram
451 4063 565 4118 oxnniuo
579 4078 646 4130 esse,
668 4079 749 4117 uerno
764 4063 810 4134 qui
827 4079 885 4117 earu
897 4079 997 4135 expen-

196 4130 280 4200 derit,
301 4134 482 4205 pronuntiare
510 4134 632 4190 audebit.
661 4134 795 4191 Videatur
818 4135 996 4204 Papebrochii

196 4202 216 4258 C
230 4206 438 4273 ommentarius,
450 4215 476 4261 et
489 4205 659 4261 Tillemoutii
672 4213 737 4261 uota
746 4213 821 4260 tomo
832 4206 892 4273 l'll,
907 4222 922 4260 a
935 4223 995 4279 pag.

197 4275 258 4330 tta.
291 4276 342 4332 Sed
371 4277 404 4333 dc
437 4277 481 4332 his
509 4278 576 4333 satis
594 4296 601 4345 ;
621 4277 655 4333 ad
681 4278 843 4333 laterculum
872 4285 996 4333 nostrum

1114 4003 1227 4064 Septeno
1241 4003 1350 4054 Romam
1368 4003 1459 4052 buceta
1470 4013 1577 4052 exurant
1594 4017 1693 4062 aurore,

1114 4067 1245 4125 Scampis,
1269 4068 1308 4114 bis
1319 4066 1385 4113 dena
1401 4073 1427 4112 et
1439 4065 1499 4114 bino
1513 4075 1622 4128 martyre
1635 4068 1707 4115 laeta:

1114 4128 1152 4175 De
1167 4128 1262 4189 quibus
1275 4129 1368 4176 atteias
1381 4128 1452 4175 socio
1465 4129 1576 4176 collucet
1594 4132 1699 4179 honore.

1073 4206 1139 4335 [ιιιιί
1169 4209 1239 4265 torte
1267 4207 1411 4281 legendum
1434 4209 1555 4281 Campis,
1577 4219 1608 4266 ut
1638 4210 1674 4266 sit
1699 4213 1781 4282 pauit
1808 4214 1854 4269 rel

1051 4296 1092 4335 arc
1104 4297 1158 4334 rar.

918 4402 1109 4461 AUCletlA.

232 4501 369 4559 Pusaeus.
387 4502 416 4558 in
433 4501 487 4557 line
502 4499 615 4557 subdit:
640 4504 726 4558 ‹ltem
743 4501 886 4558 translatio
907 4501 1031 4560 sanctii]
1082 4504 1113 4558 ln
1137 4502 1731 4573 ausonensium-Lunna,bernsuidae,
1748 4505 1852 4560 omissa

195 4573 279 4698 llitigii
303 4574 423 4646 episcopi
449 4583 476 4630 et
501 4572 675 4630 confessoris.
698 4601 706 4622 ·
728 4574 835 4631 Colitur
851 4591 859 4628 ι
878 4575 995 4628 llecem-

215 4661 263 4699 rrs.

231 4715 390 4769 Toarracns.
402 4715 436 4769 de
448 4717 538 4786 elogio
553 4717 698 4782 Gallicani,
715 4718 861 4788 plusquam
876 4715 993 4769 mediam

194 4792 300 4856 partein
317 4785 421 4850 onrisit,
433 4802 494 4840 narn
503 4787 592 4841 solum
609 4787 690 4841 habel
704 4803 790 4858 usquc
805 4786 839 4839 ad
854 4802 995 4837 corruamus

195 4863 241 4910 erl.
258 4857 288 4911 lu
304 4855 410 4929 reliquo
430 4865 506 4910 textu
521 4872 615 4926 purus.

232 4929 378 4982 lloswarn.
394 4934 467 4982 caret
482 4927 692 4981 anxurutiatione
707 4928 823 4993 ultima;
840 4925 919 4998 cujus
934 4925 994 4982 loco

195 4999 253 5055 huo
266 5000 491 5055 substituuntur:
511 5022 520 5043 ‹
535 4999 698 5062 llarentrian
711 4998 854 5054 translatio
870 4999 993 5054 lladbotli

195 5071 315 5143 episcopi
342 5080 368 5126 ct
395 5069 569 5126 confessuris.
585 5093 594 5116 ι
611 5070 715 5124 Natalis
727 5078 768 5125 est
788 5087 856 5125 xxtx
870 5070 994 5125 Novem-

195 5143 261 5199 bris.
286 5142 414 5199 ·lbidem
443 5141 559 5197 Lebuini
587 5139 774 5214 presbyteri.»
800 5141 931 5197 ltillertur
959 5142 993 5198 ad

195 5231 235 5269 ,ιιι
250 5215 424 5271 Novembris.

231 5286 378 5342 lllt'usaxr.
402 5287 478 5343 deest
491 5285 572 5342 etiam
588 5285 697 5341 Luceia.
719 5283 865 5356 Adjectum
881 5303 886 5341 :
908 5286 993 5341 ‹Ea-

195 5355 257 5411 dem
273 5355 327 5423 die,
344 5360 487 5414 translatio
511 5358 632 5429 corperis
652 5357 723 5413 beati
738 5357 822 5429 Eligii
839 5356 992 5429 presbyteri

196 5426 333 5500 [episcopii
350 5437 376 5483 et
389 5429 564 5485 corricssoris.
581 5454 589 5475 ·

230 5499 401 5555 lausaim:
420 5524 429 5545 ‹
447 5502 549 5556 Natalis
564 5509 720 5556 sanctorum
732 5499 992 5567 Gaudentii,Felicis

195 5576 222 5624 et
237 5570 356 5638 daupiti.
379 5596 387 5617 ·
410 5571 578 5626 Dill'eruntur
592 5572 624 5626 ad
641 5589 708 5627 xxm
723 5573 808 5628 lunii.
835 5598 843 5620 ‹
860 5572 920 5642 lpso
935 5571 990 5638 dic,

195 5641 281 5696 sancti
291 5642 408 5696 narrandi
421 5643 594 5699 corriussoris.
607 5668 616 5689 ·
631 5644 683 5710 Qui
694 5662 755 5699 cunr
775 5642 984 5699 ‹domnoleno›

194 5711 333 5838 ⁰⁰¹i¹¹¹sll¹¹
345 5713 516 5771 Petrucoriis.
528 5715 642 5778 «lterum,
651 5726 752 5772 satiatae
765 5715 855 5772 Lucia
863 5712 991 5782 virginis,

194 5800 257 5839 cnm
272 5800 287 5838 a
301 5801 335 5839 us
350 5800 419 5838 xxti.
436 5810 444 5829 ·

1053 4573 1162 4642 lmceia,
1177 4575 1211 4631 de
1225 4592 1279 4647 qua
1298 4575 1385 4647 pridie
1400 4591 1428 4629 se
1442 4575 1527 4646 egisse
1542 4583 1685 4645 putarunt.

1086 4647 1230 4701 durasse.
1258 4648 1345 4710 Max,
1376 4647 1555 4712 Utruarrcr,
1591 4647 1726 4714 Laruas,
1755 4649 1853 4715 Earn,

1052 4717 1273 4773 Uariana-Buta.
1302 4727 1389 4773 totum
1418 4725 1523 4772 testum
1552 4718 1693 4781 relarunt;
1725 4719 1774 4774 sed
1789 4729 1854 4791 post

1050 4787 1234 4854 Gallicanum,
1251 4790 1354 4844 inserta
1376 4798 1440 4843 sunt
1458 4790 1618 4860 sequentia:
1642 4790 1744 4857 «Item,
1762 4795 1852 4848 sancti

1050 4859 1175 4930 Prosperi
1191 4859 1323 4931 episcopi,
1339 4858 1459 4916 doctoris
1477 4860 1617 4932 praecipui.
1635 4888 1643 4906 ι
1666 4861 1734 4928 Quis
1751 4861 1798 4917 hic
1814 4864 1851 4918 sit

1049 4931 1175 5001 Prosper,
1208 4930 1271 4986 vide
1299 4932 1327 4986 iu
1356 4933 1441 4988 Actis.
1468 4933 1592 4988 ·Eodeur
1622 4933 1677 4999 die,
1704 4935 1853 4988 translatio

1049 5010 1136 5057 sancti
1161 5002 1277 5057 liebuini
1303 5002 1454 5074 presbyteri
1474 5012 1500 5058 et
1516 5004 1716 5058 contessoris.»
1740 5005 1852 5061 Colitur

1049 5074 1160 5144 quidem
1175 5076 1333 5146 Autuerpiar
1344 5083 1371 5129 et
1382 5075 1448 5129 alibi
1461 5074 1573 5139 hacdie,
1583 5075 1630 5130 sed
1642 5074 1743 5129 uatalis
1756 5084 1798 5130 est
1810 5094 1851 5133 ,ιιι

1047 5144 1221 5201 Novembris.

1084 5218 1208 5275 Auerna.
1222 5226 1248 5273 et
1258 5219 1356 5273 Dante
1368 5216 1543 5273 Conveniunt
1555 5233 1641 5290 usque
1658 5216 1692 5274 ad
1706 5219 1850 5289 Prosperi,

1048 5287 1195 5355 inclusive,
1211 5289 1311 5344 omisso
1327 5288 1450 5343 lebuino
1464 5297 1491 5343 et
1507 5287 1615 5344 Luccia.

1083 5360 1236 5415 Lovamsa.
1266 5366 1374 5415 truncat
1388 5360 1506 5431 elogium
1523 5360 1668 5427 Gallicani,
1686 5371 1757 5433 post,
1780 5381 1851 5417 con-

1047 5448 1138 5486 versus
1152 5438 1198 5497 est,
1214 5431 1370 5487 immediate
1389 5439 1571 5488 corrnectens:
1587 5435 1646 5503 lpse
1660 5451 1730 5501 cero,
1746 5443 1800 5491 etc.
1818 5437 1848 5491 ln

1048 5503 1161 5574 reliquis
1176 5503 1276 5559 similis
1290 5512 1331 5559 est
1346 5504 1591 5570 ‚sarissa-Mn,
1613 5514 1665 5560 etc.

1083 5576 1242 5631 (laxaturus.
1255 5575 1283 5630 iu
1300 5575 1711 5647 primaarrnunliutionepurus,
1724 5578 1765 5635 sic
1779 5595 1848 5649 per-

1047 5644 1100 5716 git:
1120 5646 1199 5715 ‹lpso
1214 5646 1269 5707 die,
1286 5648 1372 5703 sancti
1387 5648 1471 5718 Eligii
1482 5648 1536 5702 Nor
1546 5647 1677 5702 iourensis
1687 5650 1811 5721 episcopi
1821 5659 1848 5706 et

1046 5715 1221 5772 confessoris.
1250 5718 1436 5786 Alexandriae,
1466 5718 1553 5773 sancti
1582 5718 1728 5782 Gallicani,
1754 5721 1845 5776 incliti

1046 5795 1128 5860 atque
1144 5787 1309 5845 nobilissimi
1323 5789 1402 5844 ducis
1418 5791 1615 5857 Rornanorum,
1630 5791 1678 5862 qui
1695 5809 1759 5850 curri
1776 5801 1846 5847 esset
