3834 6136
123 185 260 244 Mll-

769 168 921 231 USUARDI
944 170 1114 231 MCNACHl.

125 308 184 381 ejus
213 304 306 362 Vitam
331 301 403 374 apud
426 300 548 365 Surium,
576 299 695 356 Notatur
722 299 751 354 iii
776 297 916 377 margine:
933 299 1010 363 Atio
1027 298 1110 353 trium
1126 312 1219 368 regum
1236 295 1386 423 llaffrum,
1397 307 1462 349 cuin
1478 290 1585 348 duobus
1599 291 1673 348 aliis.
1688 293 1777 360 Nota,

133 405 142 427 ι
157 377 215 434 llac
228 373 273 432 die
289 372 406 446 singulis
418 372 499 427 annis
513 369 545 426 fii
558 371 695 443 processio
710 370 842 426 solemnis
856 385 920 424 cuni

126 449 162 508 V.
182 452 352 505 sacramento
366 451 393 500 et
406 453 564 500 sanctorum
579 441 704 518 reliqniis
714 457 764 515 per
774 438 921 497 circuitum

126 519 248 580 ciuitatis
264 515 456 589 Trajectensis.
472 539 481 562 ι

162 590 311 655 Vicinam,
327 587 450 659 signatus
464 603 541 642 num.
558 585 646 643 aete:
671 586 798 652 «nome,
816 590 922 641 sancto·

126 678 188 719 runi
204 660 346 717 Vincentii
362 669 388 714 et
407 658 570 713 Primitivae.
587 680 596 703 ι

162 733 325 789 Srnozziin.
345 728 469 786 ·Eodem
486 729 541 795 die,
552 728 640 785 sancti
656 726 747 799 Rasipi
763 725 915 798 martyris·

162 805 285 861 neniis.
323 801 370 857 SS.
399 801 536 856 Timothei
565 807 591 855 et
620 799 742 870 Apollin.
782 799 922 870 proprium

125 875 226 931 babet:
260 873 386 940 «Remis,
416 873 561 929 translatio
579 887 736 942 corporum,
766 877 923 924 sanctorum

126 945 228 1003 Nicasii
245 944 365 1017 episcopi
378 951 405 999 et
421 943 553 1016 martyris
567 950 593 998 et
606 950 706 999 sancta
721 941 860 1013 Eutropia
875 956 925 995 so-

128 1016 309 1088 rorisejns.·

165 1089 266 1144 Ennio
281 1085 492 1143 Luaron-Coi.:
521 1111 529 1133 ι
545 1084 625 1156 Apud
645 1083 787 1142 Coloniam
804 1081 925 1162 Aggrip-

147 1159 235 1226 inam,
250 1157 395 1214 translatio
409 1173 555 1228 corporum
572 1158 655 1211 trium
673 1156 824 1227 Magorum,
838 1169 884 1225 qui
897 1168 925 1208 in

128 1175 281 1300 Evangelio
311 1230 449 1298 leguntur,
481 1237 545 1282 nato
568 1227 596 1281 in
616 1226 756 1281 Bethleem
789 1223 924 1281 Saliatori

128 1301 261 1356 obtulisse
277 1312 401 1365 miniera,
416 1314 524 1365 aurum,
550 1298 614 1353 thus
629 1305 656 1351 et
671 1296 821 1367 myrrham.
847 1296 927 1361 Quo-

128 1388 189 1427 rum
206 1372 321 1443 pigriora
334 1369 490 1424 veneranda
507 1368 606 1440 praesul
621 1367 830 1424 Coloniensinm
849 1366 927 1445 ney-

128 1442 230 1497 noldus
244 1441 278 1496 ab
289 1441 452 1510 imperatore
468 1439 613 1494 Frederico
627 1438 773 1509 postulata,
782 1436 816 1492 do
826 1437 927 1491 Medio·

129 1513 192 1567 lano
209 1512 243 1567 ad
258 1511 401 1568 Coloniam
414 1526 488 1564 anno
504 1509 614 1565 Domini
630 1524 735 1564 11111111
748 1524 811 1563 cum
844 1507 927 1562 audio

128 1592 155 1639 et
170 1584 355 1638 exsultatione
369 1580 494 1636 omnium
511 1581 663 1647 transtulit,
686 1587 713 1635 et
737 1579 764 1634 iii
784 1524 928 1634 ecciesiam

975 386 1089 441 corpora
1104 377 1262 425 sanctorum
1307 380 1432 437 agorum,
1463 369 1494 419 ut
1515 361 1584 419 dicit
1607 362 1781 423 Vincentius

976 439 1024 496 lib.
1053 457 1122 507 xiiii,
1151 439 1218 496 olim
1248 438 1282 493 ab
1312 437 1475 509 imperatore
1504 432 1778 509 Constantinopolim

978 512 1107 568 translata
1117 521 1144 567 et
1156 509 1220 566 inde
1233 508 1417 565 Mediolanum
1430 504 1594 561 miraculose
1604 513 1774 577 transvecta,

976 599 1039 639 curii
1052 584 1199 650 imperator
1209 579 1382 636 Fredericusl
1394 576 1581 632 Mediolanum
1592 577 1780 647 destrueret,a

977 653 1110 716 Reinaldo
1125 652 1283 710 Coloniensi
1298 650 1515 729 archiepiscopo,
1529 648 1577 720 qni
1593 657 1653 705 tum
1669 650 1781 707 auxilio

978 725 1136 796 imperatori
1158 731 1281 788 venerat,
1305 722 1447 778 Coloniam
1464 721 1597 776 translata
1616 730 1684 777 sunt
1703 738 1781 779 anno

978 796 1089 852 Domini
1105 812 1209 851 ucesiu
1232 811 1286 850 uria
1300 809 1362 848 curii
1384 789 1486 847 sanctis
1502 790 1592 846 Felice
1615 799 1642 847 et
1658 791 1780 862 Nabore,

978 876 1059 940 atque
1074 868 1101 922 iii
1114 866 1228 923 ecclesia
1242 864 1404 929 cathedrali,
1424 878 1521 933 magna
1535 862 1662 918 omnium
1677 864 1781 921 exsul-

978 939 1081 993 tatione
1098 938 1234 1010 reposita,
1257 937 1303 992 nbi
1320 935 1401 990 etiarn
1418 935 1514 989 multis
1528 944 1675 990 coruscant
1690 936 1782 990 mira-

979 1012 1058 1067 culis.
1086 1010 1189 1065 Eodem
1218 1009 1264 1064 die
1284 1013 1440 1062 sanctorum
1467 1012 1619 1076 martyrum
1651 1006 1780 1062 1111111111

1000 1081 1131 1153 resbyteri
1147 1089 1175 1136 et
1189 1078 1312 1149 Rasiphi,
1334 1077 1448 1133 fratrum
1468 1076 1665 1143 Cenomannis,
1689 1078 1783 1135 sancti

979 1099 1084 1208 [iboni
1099 1151 1217 1233 episcopi
1229 1158 1256 1205 et
1267 1147 1432 1206 contessoris
1444 1148 1537 1203 multae
1547 1148 1702 1204 sanctitatis
1713 1149 1780 1204 viri.

980 1221 1065 1290 Quem
1082 1229 1255 1294 episcopatus
1273 1219 1316 1275 sui
1337 1235 1409 1274 anno
1422 1217 1651 1290 quinquagesimo
1674 1219 1783 1275 deiun-

980 1303 1067 1360 otum,
1083 1294 1178 1349 beatus
1194 1292 1329 1348 Martinus
1343 1291 1511 1346 Turonensis
1525 1289 1652 1362 sepeliit.
1673 1292 1781 1360 Romae,

981 1365 1134 1422 Primitiae
1148 1364 1276 1436 virginis.
1301 1361 1381 1433 Apud
1397 1363 1566 1430 Ravennam,
1582 1362 1784 1445 111111111βί-

982 1436 1035 1492 nis.
1053 1438 1156 1504 Romai,
1167 1434 1304 1507 depositio
1314 1441 1414 1490 sancta
1426 1432 1551 1504 Brigittae
1560 1431 1662 1500 viduae,
1674 1433 1783 1490 nobilis

982 1507 1015 1564 de
1038 1524 1122 1579 regno
1143 1507 1265 1563 Sweciae.
1291 1505 1356 1572 Quae
1379 1503 1544 1560 transcursis
1566 1505 1595 1558 in
1614 1505 1702 1560 malta
1725 1506 1784 1560 sin·

982 1580 1096 1636 caritate
1111 1587 1183 1634 statu
1199 1577 1327 1649 virginati
1339 1585 1366 1632 et
1375 1574 1525 1647 conjugali,
1535 1574 1673 1631 divinitus
1686 1575 1783 1632 admu-

89 1668 93 1675 ·
129 1669 206 1710 suain
230 1653 414 1709 cathedralem
437 1651 588 1708 honorilice
610 1650 776 1707 collocavit:
807 1650 835 1704 iii
861 1665 924 1721 qua,
941 1662 964 1721 Β
982 1651 1042 1707 nita
1056 1651 1206 1706 Jerusalem
1229 1664 1339 1721 peregre
1354 1646 1434 1727 adiit,
1456 1645 1574 1720 indeque
1593 1647 1708 1704 llouiaui
1733 1664 1783 1704 re-

129 1733 260 1807 operante
273 1725 360 1796 gratia
373 1722 480 1790 divina,
495 1722 590 1778 crebra
605 1723 737 1776 miracula
751 1736 844 1775 eorum
862 1736 925 1774 me-

130 1798 192 1852 ritis
207 1801 362 1852 coruscant.
384 1794 451 1848 ltem
468 1793 582 1850 Colonia
598 1793 758 1865 Agrippina,
782 1792 926 1847 translatio

130 1866 217 1923 sancti
237 1866 336 1921 Felicis
349 1872 376 1920 et
390 1864 506 1920 Nabaris
522 1864 641 1919 militum
657 1873 684 1920 et
699 1872 863 1935 martyrum,
879 1862 925 1935 qui

130 1939 213 1993 etiam
247 1953 276 1992 er
291 1936 452 2008 praedictum
468 1935 674 1991 Coloniensiuni
689 1933 926 2004 archiepiscopum

131 1953 307 2079 lleynoidum
322 2006 415 2062 eodem
428 2013 550 2077 tempore
562 2007 596 2062 de
606 2005 719 2061 civitate
728 2003 926 2060 Mediolanensi

130 2077 202 2134 iacta
217 2085 266 2135 est.
284 2078 351 2132 lterii
368 2078 458 2132 natale
474 2077 545 2133 beati
561 2077 750 2148 Appoltinaris
764 2076 884 2148 episcopi
900 2082 927 2131 et

130 2149 270 2222 martyris.
303 2150 353 2205 llic
367 2149 401 2203 ab
416 2148 565 2204 Antiochia
579 2158 689 2204 secutus
704 2149 857 2220 apostolum
873 2149 927 2202 Pe-

130 2228 203 2276 trum
221 2220 256 2277 ad
266 2220 363 2276 urbem
380 2220 529 2277 Romanam
544 2227 571 2275 et
585 2219 619 2275 ab
634 2219 729 2274 eodem
746 2222 773 2274 in
788 2219 856 2273 urbe
871 2217 926 2290 epi·

130 2309 229 2374 scopus
243 2292 386 2348 ordinatus
409 2300 436 2347 et
452 2292 609 2347 Ravennam
632 2290 732 2346 missus
754 2299 794 2346 est
816 2288 865 2363 [et]
887 2288 927 2344 ibi

131 2374 204 2420 rexit
215 2364 363 2419 Ecclesiam
377 2363 458 2418 annis
471 2379 571 2427 iiiviri,
585 2378 677 2417 mense
688 2379 706 2430 i,
718 2361 862 2418 diebusiv.
874 2361 928 2428 Qui

130 2436 211 2492 etiarn
232 2437 260 2490 in
299 2433 405 2490 artibus
425 2434 633 2491 Corinthiorum
650 2441 677 2489 et
692 2433 720 2488 in
735 2434 827 2500 Nicea,
852 2441 879 2487 11
899 2433 927 2487 11

130 2506 191 2579 ripa
203 2450 323 2562 Danuiiii
336 2512 363 2560 et
380 2506 407 2561 iri
422 2506 547 2578 partibus
562 2505 684 2560 Thracia
697 2503 867 2579 praedicavit.
897 2505 928 2560 ln

130 2579 231 2649 quibus
245 2579 313 2634 locis
326 2578 425 2632 exsilio
441 2579 574 2649 relegatus
589 2584 640 2641 est,
651 2585 677 2632 et
692 2575 850 2647 ubicunque
864 2591 928 2645 per-

131 2648 380 2713 venit,innnnieras
389 2648 506 2704 virtutes
516 2648 590 2702 lecit.
603 2646 816 2718 Posteaprofide
825 2646 928 2703 Christi

131 2717 928 2789 diversasetiniiumerascaedesperpessusest.Tandemsnb

132 2791 302 2862 Vespasiano
316 2790 432 2855 Caesare,
447 2788 631 2845 Demosthene
644 2788 771 2863 patricio,
786 2796 859 2844 inter
872 2790 929 2860 ipsa

131 2861 267 2928 uicissim,
282 2868 336 2916 etc.
353 2862 455 2926 Romae,
472 2862 562 2916 natale
572 2870 672 2917 sancta
684 2859 928 2933 Primitivaevirgi·

132 2931 270 3001 nisApud
282 2930 492 2988 Cenomanicani
502 2931 609 3000 urbem,
620 2932 707 2989 sancti
719 2931 922 2999 Liborii,etc.,›

132 3010 163 3057 ut
178 3004 336 3059 Anaeticam
353 3004 511 3058 etlinun:
536 3027 545 3050 ‹
561 3004 665 3059 Eodem
680 3003 736 3070 die,
753 3012 853 3058 sanctae
868 3003 925 3058 Bri·
942 3025 963 3082 C

132 3075 207 3147 gitta
222 3073 323 3142 iiduae,
341 3090 401 3146 quae
415 3075 444 3129 in
459 3082 517 3130 vita
531 3091 590 3142 sua,
606 3077 724 3131 Domino
738 3074 768 3129 in
783 3074 841 3146 ipsa
855 3092 925 3147 ope-

132 3155 221 3207 rante.
237 3147 444 3218 quatuordecim
461 3155 583 3202 mortuos
598 3147 752 3203 suscitavit.
768 3169 777 3192 »

131 3289 187 3359 die,
207 3291 295 3346 sancti
310 3292 402 3362 llasipi
418 3291 558 3363 martyris.
573 3314 582 3337 ι

168 3362 311 3420 Genuam:
335 3363 437 3435 «Apud
451 3361 594 3420 Coloniam
611 3363 800 3436 Agrippinam,
809 3365 923 3422 transla-

980 1722 1069 1789 diens,
1093 1721 1158 1778 vite
1173 1737 1229 1776 suae
1244 1721 1380 1792 reliquum
1394 1717 1497 1774 ibidem
1520 1718 1548 1772 iii
1565 1733 1665 1792 magna
1677 1718 1781 1777 sancti·

981 1800 1045 1861 tate,
1077 1792 1294 1848 revelationibus
1321 1790 1438 1846 assiduis
1464 1805 1480 1844 a
1503 1789 1622 1846 Domino
1656 1790 1782 1860 visitata,

981 1864 1082 1936 exegit.
1100 1866 1160 1936 lpsa
1173 1866 1255 1918 etiarn
1274 1878 1378 1918 novum
1393 1859 1518 1917 ordinem
1534 1861 1719 1919 monasticum
1739 1862 1781 1918 in

981 1936 1082 2000 stituit,
1099 1935 1296 2005 miraculisque
1311 1934 1406 1988 multis
1420 1932 1555 1988 claruit.»

1016 2008 1145 2062 Moram:
1175 2031 1183 2053 ι
1197 2007 1302 2062 Eadem
1317 2006 1372 2072 die,
1397 2004 1489 2076 Rasipi
1506 2004 1648 2077 martyris.
1676 2005 1782 2073 Roma,

981 2079 1080 2135 natalis
1095 2086 1196 2134 sanctae
1217 2077 1340 2157 Birgittae
1356 2075 1457 2144 viduae,
1482 2092 1542 2149 qnae
1563 2077 1593 2131 in
1608 2075 1666 2131 vitii
1679 2085 1783 2133 terram

981 2158 1103 2207 sanctam
1126 2157 1152 2205 et
1176 2149 1230 2205 alta
1249 2149 1359 2205 diversa
1375 2149 1434 2204 loca
1454 2157 1614 2204 sanctorum
1638 2147 1782 2218 visitabat,

981 2231 1009 2279 et
1023 2222 1074 2277 sub
1091 2237 1159 2294 papa
1172 2220 1304 2291 Gregorio
1320 2219 1368 2286 111,
1390 2234 1463 2274 anrio
1477 2217 1587 2274 llomini
1608 2235 1782 2289 ucecixxiii,

982 2293 1159 2349 annositatis
1180 2309 1236 2347 snae
1251 2308 1316 2358 ixx,
1347 2290 1466 2363 sumptis
1487 2292 1676 2359 sacramentis,
1703 2291 1784 2349 beato

983 2365 1038 2421 fine
1048 2364 1164 2437 quievit.
1178 2366 1200 2418 A
1223 2364 1259 2419 ud
1272 2362 1417 2419 Coloniam
1433 2362 1625 2434 Agrippinam,
1636 2363 1785 2420 translatio

983 2437 1068 2492 trium
1082 2452 1110 2491 re
1129 2452 1175 2491 um
1219 2450 1342 2507 agotum,
1366 2434 1413 2506 qui
1431 2433 1459 2489 in
1474 2433 1627 2508 Evangelio
1642 2434 1784 2508 leguntur,

984 2515 1048 2563 nato
1063 2507 1091 2562 in
1108 2452 1270 2562 liethlehem
1284 2505 1434 2574 Salvatori,
1449 2521 1559 2574 aarum,
1581 2504 1785 2579 1111111111-

984 2581 1065 2635 rbnm
1080 2578 1223 2635 obtulisse.
1236 2578 1359 2645 Quorum
1376 2576 1500 2649 pignora,
1513 2593 1568 2633 uria
1582 2593 1646 2633 cuni
1661 2577 1784 2660 corpori-

983 2651 1035 2708 bus
1050 2659 1208 2706 sanetorum
1221 2656 1374 2721 martyrum
1389 2649 1488 2706 Felicis
1498 2658 1525 2705 et
1534 2647 1662 2719 Naborie,
1674 2649 1784 2707 1111111-

983 2720 1036 2778 dus
1050 2722 1143 2777 archie
1165 2721 1274 2792 iscopus
1288 2721 1491 2777 Coloniensisa
1507 2719 1654 2776 Frederico
1668 2721 1784 2794 impera·

983 2803 1042 2850 tore
1065 2739 1214 2864 postuiaia,
1238 2792 1272 2847 de
1287 2792 1443 2847 Mediolano
1464 2791 1605 2849 Coloniam
1631 2792 1784 2851 honorilice

984 2864 1136 2921 transtulit.
1154 2890 1162 2912 ι
1185 2865 1213 2920 11
1230 2864 1401 2920 editionibus
1415 2863 1487 2932 aliis,
1504 2863 1618 2920 scribit:
1655 2864 1785 2921 «Eodem

984 2938 1040 3002 die,
1070 2935 1157 2992 sancti
1173 2934 1287 3008 Rasiphi
1304 2934 1469 3007 martyris.»
1503 2937 1543 2991 De
1558 2935 1685 3016 Birgitta‚
1711 2937 1784 2993 utin

978 3008 1074 3137 Briori.
1105 3008 1195 3063 Turn:
1237 3006 1439 3075 «Cenomanis,
1468 3007 1605 3079 depositio
1625 3015 1785 3064 sanctorum

999 3079 1083 3135 aricii
1107 3084 1134 3135 et
1157 3078 1261 3135 Liborii
1288 3081 1479 3150 episcoporum
1503 3085 1530 3134 et
1554 3077 1779 3136 confessorum.»

979 3150 1133 3208 'translatio
1147 3151 1232 3205 trium
1251 3165 1361 3221 regum,
1374 3150 1441 3206 item
1456 3149 1556 3207 Felicis
1570 3159 1597 3207 et
1611 3151 1730 3208 Nabaris
1772 3167 1786 3207 r

167 3218 263 3274 Burin.
277 3226 383 3300 textum
395 3234 494 3299 purum
506 3218 598 3288 habet,
608 3220 656 3276 sed
666 3217 780 3291 adjicit:
799 3217 923 3275 «Eodem
980 3222 1156 3289 lleinoldum‚
1168 3221 1272 3276 eisdem
1291 3223 1375 3277 etiarn
1391 3220 1483 3278 verbis
1500 3222 1678 3294 exprimitur,
1685 3167 1786 3296 quires

979 3296 1007 3351 iii
1021 3295 1110 3366 prinia
1123 3293 1252 3349 editione.

853 3501 921 3511 -ο
924 3499 1053 3510 -ο-σο--α

136 3541 175 3600 111
194 3541 261 3600 Kal.

1669 3546 1722 3606 Die
1739 3551 1786 3608 st.

169 3632 261 3687 Roma
278 3629 323 3684 via
335 3625 490 3697 Tiburtina,
503 3628 602 3686 natalis
611 3631 699 3687 sancti
712 3629 1278 3711 11111111111111ιά111111111111111111111
1293 3640 1444 3709 civitatem,
1457 3643 1543 3698 sancti
1555 3643 1677 3699 Victoris
1686 3645 1788 3701 milita·

134 3720 183 3787 ris,
199 3720 246 3790 qui
261 3734 325 3773 cnm
339 3716 447 3772 duobus
462 3717 594 3775 iratribus
607 3719 741 3776 stercatio
756 3729 783 3776 et
799 3724 975 3796 Antinogeno
990 3725 1107 3783 diversis
1121 3730 1296 3786 examinatus
1311 3734 1465 3805 suppliciis,
1479 3734 1646 3806 martyrium
1658 3751 1787 3792 consum·

135 3807 232 3864 mavit.
242 3807 273 3862 lii
288 3806 366 3863 ltalia
380 3805 491 3863 civitate
505 3806 588 3880 Tyro,
603 3815 703 3865 sanctae
717 3807 864 3869 Christinai
879 3815 1006 3887 virginis,
1017 3833 1077 3888 qnae
1087 3818 1117 3872 in
1133 3817 1272 3875 Christum
1289 3820 1413 3891 crederis,
1427 3818 1518 3896 prim'o
1528 3822 1580 3880 sub
1595 3822 1788 3895 duobusjudi·

135 3896 214 3955 cibus
228 3904 365 3953 tormenta
377 3903 535 3952 constanter
547 3896 693 3969 perferens,
719 3899 868 3957 novissime
883 3918 931 3972 per
949 3921 1132 3964 successorem
1146 3924 1253 3977 eorum,
1279 3912 1434 3970 abscisione
1449 3913 1555 3986 linguae
1581 3923 1607 3970 at
1623 3913 1787 3985 sagittarum

133 3986 299 4055 confixione,
314 4002 425 4042 cursum
446 3986 571 4057 martyrii
586 3987 628 4041 sui
643 3989 802 4060 complevit.
819 3991 923 4048 Eodem
939 3993 994 4063 die,
1011 3997 1110 4052 natalis
1124 4006 1284 4055 sanctorum
1304 4001 1405 4057 Nicetes
1421 4009 1449 4057 et
1468 4002 1619 4074 Aquilinai,
1637 4019 1699 4076 qnae
1714 4003 1778 4060 beat

135 4075 300 4134 Christofori
317 4075 447 4147 martyris
461 4073 656 4146 predicatione
668 4075 703 4132 ad
718 4075 858 4135 Christum
872 4097 1021 4153 conversae,
1037 4085 1163 4158 martyrii
1178 4088 1297 4159 palmam
1313 4088 1413 4160 capitis
1429 4089 1585 4147 abscisione
1597 4097 1787 4163 sumpserunt.

136 4167 255 4227 Ciuitate
268 4166 452 4236 Amiternina,
464 4165 585 4223 militnm
600 4167 739 4241 octoginta
753 4169 849 4229 trium.
862 4168 1029 4245 [Bouitlord.
1045 4173 1108 4231 add.
1123 4175 1152 4230 ia
1163 4177 1304 4248 mareiae:
1319 4177 1403 4251 Apud
1416 4178 1538 4238 Senones
1546 4188 1708 4239 sanctornm
1721 4196 1788 4253 prai-

136 4258 228 4315 sulum
248 4256 367 4315 Ursicini
381 4265 462 4332 atque
476 4256 610 4334 Parisii]

903 4394 927 4451 N
952 4395 973 4451 Τ
1013 4441 1019 4455 .

172 4490 213 4550 lta
225 4491 347 4562 Pialeia,
362 4489 511 4561 Herinien.,
527 4490 672 4561 Munerat,
691 4491 800 4551 Graeca.
821 4500 849 4551 et
862 4397 1008 4554 Meteiii.AE

747 4618 950 4678 vastantes
969 4622 1176 4683 Lectiones,

173 4735 265 4792 Deoia
278 4735 429 4801 Tiburtina,
440 4733 506 4788 alibi
516 4733 624 4813 dictum
634 4741 683 4790 est.
699 4734 826 4790 Vincentii
837 4737 934 4793 scribit
949 4754 972 4812 p
990 4739 1084 4795 nescio
1099 4740 1171 4795 unde
1186 4739 1215 4795 in
1231 4740 1372 4797 Herinien.
1384 4741 1534 4813 irrepserit,
1552 4751 1682 4801 tormenta
1696 4745 1787 4802 multi-

140 4807 257 4864 Greven.
272 4807 308 4861 Et
317 4805 451 4886 Munerat.
463 4805 565 4870 militis,
578 4821 627 4885 pro
640 4805 777 4861 militaris.
792 4806 896 4864 llursus
906 4808 935 4862 in
987 4811 1095 4892 pliciter
1109 4818 1211 4867 exucta.
1228 4813 1296 4867 ltern
1312 4811 1481 4884 consessione,
1497 4832 1546 4889 pro
1560 4817 1721 4887 confixione.
1739 4817 1788 4875 nbi

140 4875 691 4955 11111111.11111191111111111111111.
719 4877 826 4932 Prateii.
852 4878 935 4935 habet
990 4897 1017 4935 in
1033 4881 1159 4937 Grercno
1174 4889 1225 4951 est,
1239 4884 1376 4956 infixione.
1400 4887 1473 4942 Nicia
1508 4888 1648 4944 roNicete
1661 4889 1789 4946 scribunt

139 4950 252 5032 diversis
266 4948 455 5030 subinductus
469 4947 617 5071 suppliciis,
639 4946 673 5026 ad
688 4962 744 5003 rem
763 4947 935 5030 1111111111-
989 4952 1131 5010 111111111.
1145 4963 1172 5010 11
1187 4954 1321 5013 Munerat.
1334 4965 1365 5012 ut
1377 4957 1459 5014 habet
1474 4905 1573 5016 lplorus
1587 4959 1632 5017 die
1649 4961 1788 5034 sequenti.

139 5028 201 5091 site,
229 5029 259 5077 nt
272 5020 339 5077 alibi
357 5018 487 5091 praeleren
509 5032 556 5070 um
573 5025 739 5100 putarimus.
765 5020 936 5102 1111111111-
990 5025 1071 5080 Forte
1081 5026 1218 5083 Pratensis
1229 5036 1289 5098 post
1300 5028 1436 5097 Adonem,
1448 5029 1517 5087 bene
1531 5030 1623 5112 posuit
1633 5033 1788 5103 Aquiloe,in

140 5101 263 5166 qunntnr
273 5093 391 5150 Grei'en.
404 5090 546 5170 ettMolan.
558 5105 609 5161 per
624 5089 735 5145 diuersis
745 5097 935 5149 exterminatur
990 5111 1044 5222 pun
1059 5097 1146 5154 codex
1160 5114 1232 5154 rinus
1246 5108 1293 5155 ant
1308 5102 1376 5156 alter
1391 5101 1416 5156 ei
1431 5103 1563 5171 concinit,
1576 5102 1620 5159 sed
1636 5105 1789 5161 cecendum

140 5166 286 5236 suppliciis.
299 5165 336 5221 At
350 5168 440 5220 1111111
455 5160 501 5216 bic
515 5177 577 5241 curii
594 5160 689 5243 Adone
700 5163 937 5244 legunt3di'eersis
1004 5168 1044 5223 uit
1072 5169 1241 5242 reliquorum
1266 5173 1391 5227 torrenti.
1422 5173 1492 5246 Lego
1520 5174 1695 5244 christofori,
1724 5192 1789 5232 cum

140 5238 317 5305 examinatus,
329 5244 381 5293 etc.
393 5234 462 5290 Male
473 5232 626 5300 llerinien.,
640 5235 703 5289 liro
714 5251 721 5301 ;
733 5243 799 5291 item
813 5236 938 5292 Crietiaoe
991 5239 1113 5295 maximo
1127 5241 1253 5297 codicum
1269 5259 1393 5311 numero,
1430 5246 1537 5302 uamvis
1555 5247 1652 5302 melius
1668 5247 1789 5304 habeant

139 5321 203 5385 euni
214 5309 349 5367 Munerat.
361 5315 387 5363 et
398 5306 515 5362 Graven.
528 5304 629 5362 rectius
641 5303 688 5359 alii
699 5322 762 5361 cuni
772 5313 848 5362 teitu
861 5307 937 5364 Chri-
993 5311 1177 5382 christophori
1201 5313 1340 5369 Herinien.
1363 5322 1389 5371 et
1405 5261 1539 5376 iiolanus.
1564 5318 1717 5376 Amiteriiiu
1738 5334 1789 5392 pro

140 5380 224 5433 stiae.
238 5378 339 5436 Omnes
349 5378 461 5447 habent,
479 5383 607 5432 tormenta
620 5382 769 5433 1111111111·
782 5378 936 5451 perferens:
991 5383 1171 5454 Amiternino,
1190 5383 1291 5441 ritinin
1306 5392 1346 5443 est
1360 5385 1389 5443 in
1404 5387 1538 5448 Munerat.

812 5499 1113 5560 OllSEllVATIONliS.

178 5599 273 5681 Totius
286 5600 370 5674 hujus
382 5610 485 5687 teritus,
495 5605 574 5687 valde
588 5603 666 5686 dubii
678 5612 706 5686 et
715 5604 936 5733 imgleiiiaeram
993 5615 1083 5690 retur.
1099 5608 1151 5676 Qui
1167 5608 1196 5666 in
1211 5611 1334 5668 Romano
1348 5627 1432 5685 parvo
1447 5613 1564 5687 primus,
1584 5615 1729 5673 1111111111
1747 5613 1790 5673 ti·-

144 5679 171 5729 et
184 5687 295 5729 unicani
314 5683 508 5747 scaturiginem
524 5684 656 5749 attigeris,
681 5694 704 5733 si
727 5678 751 5732 A
771 5693 851 5734 onem
873 5694 936 5735 cum
992 5679 1111 5747 bertine,
1131 5680 1258 5739 Vincentii
1277 5683 1349 5740 idem
1373 5692 1400 5740 et
1425 5684 1453 5741 iii
1477 5686 1602 5744 Usuardo
1617 5694 1671 5754 est,
1687 5687 1736 5745 sed
1759 5687 1790 5744 iii

144 5751 240 5803 nostro
249 5741 382 5810 conferas,
393 5743 458 5802 lieet
472 5762 527 5801 non
541 5746 613 5804 idem
626 5748 656 5804 in
670 5757 786 5822 utroque
796 5749 864 5806 ordo
878 5764 933 5806 ser·
992 5750 1099 5820 Adone,
1110 5753 1230 5811 secundo
1245 5754 1306 5812 loco
1322 5755 1445 5828 ponitur,
1457 5757 1504 5814 ubi
1519 5757 1566 5817 bic
1580 5758 1789 5832 interjicitnril·
