3834 6136
146 205 198 268 103

807 200 961 259 usuram
979 157 1139 260 nonnam

1747 200 1801 262 tot

140 324 593 403 uiusetl’apebrochius,vixquid
634 340 676 380 am
688 325 945 408 reperientes3qnod
961 329 988 386 A
1003 328 1073 397 scopi
1087 326 1169 381 tituto
1183 324 1341 407 insignitus,
1358 321 1511 395 implexum
1523 323 1632 379 facessit
1646 325 1802 397 negotium.

141 402 175 459 de
190 401 292 458 Felicis
307 397 435 454 laudibus
445 405 522 453 certo
536 413 591 468 prae
613 398 697 465 icant,
714 400 945 469 praetereprstola

141 474 326 544 fragmentum
338 487 353 524 a
363 468 472 542 Cyrillo
482 469 675 524 Alexandrino
683 478 708 523 et
720 469 846 525 Concilio
857 470 946 541 Ephe-

141 545 203 602 sino
219 543 369 598 recitatum
398 541 468 596 l'ide
483 558 543 613 qnae
566 540 641 596 hisce
660 541 848 612 superaddidit
864 541 945 597 Title-

141 615 264 672 montius
278 623 354 668 tomo
370 613 405 668 tt'
423 630 435 667 a
452 629 511 683 pag.
525 613 586 668 362.
603 614 641 668 lle
658 613 782 684 martyrii
795 622 841 667 ant
854 612 945 668 obitus

140 687 197 754 die,
219 693 280 757 post
296 684 526 777 l'apebroclrium,
544 700 575 738 ex
593 684 715 763 professo
732 684 855 754 ‹lisputat
870 692 945 740 torno

140 760 203 814 eorl.
214 773 275 829 pag.
286 756 350 823 681,
363 757 409 810 ulii
422 773 454 810 ex
466 774 490 810 v.
505 756 553 810 riis
569 755 847 827 llreronymianornm
867 757 943 824 locis,

139 845 175 885 ex
192 827 345 885 Frontonis
360 827 526 882 Kalendario
541 843 609 881 xxix
625 827 703 888 lntii,
715 843 748 880 ex
759 829 944 882 Sacramenta·

138 900 189 956 riis
205 899 324 971 aliisque
341 899 543 959 monnmentis.
562 897 731 970 probabilius
745 906 853 963 censet,
870 898 944 953 hrrrrc

137 987 199 1026 xxx
216 971 294 1039 Maii,
313 971 504 1026 translationis
523 969 640 1039 alicujus
654 987 744 1037 carisa,
764 969 943 1025 celebriorem

138 1042 289 1099 redditum.
306 1042 489 1109 Quibuscum
513 1041 630 1096 certiora
656 1041 737 1095 modo
758 1057 813 1095 non
837 1057 944 1112 suppe-

140 1119 219 1180 tant,
236 1115 366 1169 nolnmus
382 1113 553 1184 conjecturas
572 1113 724 1168 criniutare.
751 1114 789 1167 lte.
810 1112 943 1168 Feliciam

141 1186 305 1241 corrlrrsioue
316 1195 343 1241 et
360 1185 540 1241 districtione
556 1191 680 1256 superest
690 1183 816 1255 quaestio,
829 1184 861 1238 ad
874 1201 945 1239 xsrx

138 1256 207 1311 tulit
225 1257 253 1310 in
265 1257 342 1311 Actis
355 1257 549 1311 exaurinanda.
568 1256 674 1312 l'atelrit
690 1255 771 1322 inira,
785 1255 859 1310 hunc
870 1256 943 1310 diem

140 1327 224 1382 etiam
240 1345 255 1382 a
270 1328 469 1383 Wandalherto
483 1330 614 1382 selectum
630 1343 697 1381 esse.

174 1399 217 1454 Ex
225 1399 320 1454 eodem
330 1400 406 1455 tonte
415 1408 441 1453 et
454 1400 545 1453 riuulo
556 1397 709 1469 procudunt
720 1404 856 1468 martyres
866 1396 942 1453 Sardi

138 1470 260 1525 Gabinus
284 1478 311 1525 et
337 1472 498 1540 Crispulus;
523 1485 640 1550 quornm
657 1477 747 1522 tamen
765 1469 898 1523 memoria
916 1469 944 1523 in

137 1540 302 1612 apographis
326 1541 551 1613 Hieronymianrs
574 1539 657 1595 etiam
683 1538 854 1601 celebratur,
884 1555 943 1610 quae

136 1610 257 1667 fortasse
276 1613 414 1682 scaturigo
433 1627 520 1682 pnma
536 1610 591 1665 dici
611 1609 720 1665 debent.
745 1609 869 1663 l'rimmn
893 1626 943 1665 nos

1002 398 1112 454 Etenim
1133 403 1298 452 recentiores
1315 395 1424 451 codices
1438 393 1595 462 Usuardini,
1611 403 1642 451 ut
1655 396 1683 450 in
1700 397 1804 454 Aucta·

1002 470 1051 526 riis
1076 468 1189 540 patebit,
1216 468 1375 540 episcopum
1401 467 1480 521 illum
1505 466 1669 521 leodiensem
1685 469 1803 539 incunt,

1001 542 1046 597 alii
1062 543 1247 612 Tunqreurem,
1262 555 1324 594 cum
1337 539 1430 593 serius
1441 539 1511 593 torte
1526 538 1804 607 Traiectensisdicen·

1001 613 1053 667 dus
1077 615 1122 680 sit,
1148 612 1170 666 si
1196 619 1286 665 tarrren
1302 611 1335 665 de
1350 610 1477 682 episcopo
1494 610 1543 664 illo
1558 609 1640 664 hodie
1653 621 1760 682 agatur,
1776 620 1805 668 et

1002 701 1056 739 non
1074 685 1154 754 longe
1171 683 1359 738 ierosimilins
1378 682 1411 737 de
1426 682 1541 736 liuberto
1556 683 1682 738 arenario
1697 684 1804 739 Britin·

1001 756 1126 822 reincensa,
1152 762 1183 809 ut
1209 755 1238 809 in
1263 753 1340 809 Actis
1365 760 1457 808 censet
1481 752 1693 823 PapebrochinS,
1720 755 1803 826 cujus

1000 827 1237 883 Conrnrentarium
1251 825 1383 897 prasium
1396 838 1472 878 ιιιιιιι.
1485 824 1495 876 1
1507 832 1533 877 ct
1544 823 1569 891 Ξ,
1579 825 1707 898 curiosus
1717 827 1804 883 lector

999 900 1136 954 consulat.
1154 899 1253 953 lt'otatu
1268 896 1350 967 digna
1365 902 1406 950 est
1430 895 1563 950 hodierna
1582 896 1732 952 Casteltani
1747 915 1804 954 au-

1000 971 1140 1024 nnntiatio
1156 968 1244 1024 textui
1268 967 1384 1023 Rornani
1404 966 1526 1020 moderni
1552 967 1579 1020 in
1603 967 1756 1039 Martyrolo
1776 971 1805 1026 io

1000 1042 1150 1095 uniuersali
1167 1039 1329 1110 suhjhncta,
1345 1054 1426 1110 quam
1442 1054 1475 1091 ex
1492 1037 1597 1093 Gallica
1613 1039 1739 1095 Latinam
1756 986 1805 1096 ia-

1000 1113 1043 1167 cio
1059 1131 1064 1167 ε
1078 1113 1159 1167 Furia
1171 1113 1258 1181 (culpo
1273 1113 1431 1177 Terruerunt
1443 1109 1590 1163 Bruaetlas
1600 1110 1669 1165 inter
1679 1119 1703 1166 et
1717 1113 1804 1174 Loca

999 1184 1087 1248 nium,
1099 1184 1228 1237 transitus
1238 1182 1321 1236 sancti
1332 1181 1443 1236 Huberli
1455 1181 1578 1251 episcopi,
1589 1182 1636 1252 qui
1649 1185 1804 1239 cathedram

999 1255 1169 1325 episcopalem
1186 1253 1307 1322 Traiecto
1322 1252 1447 1307 brodium
1462 1252 1608 1307 transtulit.
1627 1254 1730 1325 Corpus
1743 1255 1804 1325 ejus

999 1327 1122 1379 contiuuo
1146 1325 1271 1380 Leodiron
1294 1326 1466 1390 lrarrslatum,
1489 1329 1567 1393 atque
1587 1325 1622 1378 ibi
1636 1330 1665 1378 in
1679 1327 1803 1381 oratorio

999 1397 1083 1451 siracti
1105 1397 1178 1451 Petri
1197 1398 1328 1466 sepultum
1347 1401 1393 1449 est.
1419 1394 1533 1450 Sedecim
1547 1403 1607 1465 post
1625 1398 1734 1452 anniae
1757 1405 1801 1452 tu-

998 1470 1071 1521 mulo
1087 1469 1199 1522 leuatum
1215 1474 1261 1533 est,
1278 1467 1354 1521 tertio
1369 1466 1411 1520 die
1432 1465 1607 1531 Narenrbris;
1627 1473 1651 1522 et
1673 1475 1803 1539 regnante

999 1539 1131 1592 Ludcoico
1151 1539 1200 1594 Pio
1223 1540 1384 1593 translatum
1407 1537 1442 1591 ad
1463 1537 1596 1591 abbatiam
1622 1538 1803 1595 Adainensenr

999 1609 1026 1663 in
1039 1609 1182 1677 Ardennis,
1201 1626 1260 1679 qua
1273 1610 1334 1663 inde
1343 1614 1434 1679 postea
1443 1624 1538 1662 nomen
1551 1616 1663 1664 mutauit
1672 1611 1701 1664 r'n
1714 1612 1804 1667 sancti

138 1682 239 1739 Gabini
251 1683 469 1748 enuntiavimus,
482 1697 647 1753 quamquam
660 1682 813 1737 ltonranum
828 1696 944 1751 paruum
962 1681 985 1740 B
1002 1681 1122 1736 lietberti.
1149 1682 1260 1735 Sanctus
1286 1681 1385 1750 aliquis
1408 1681 1551 1734 monachus
1573 1698 1732 1752 sgnorrpmus
1753 1684 1803 1739 hoc

140 1762 167 1810 et
182 1753 244 1808 Ado
260 1755 341 1809 aliter
357 1754 482 1808 ellerant.
504 1753 549 1808 Sic
569 1753 633 1807 item
654 1768 704 1822 pro
721 1751 858 1822 Craspnli,
875 1752 947 1823 legi·
1003 1753 1044 1806 die
1074 1753 1222 1806 irorroratur
1245 1752 1389 1806 Britannici
1416 1752 1443 1804 in
1471 1752 1573 1806 diocesi
1602 1754 1799 1824 Suessionensi,

141 1840 205 1878 mus
218 1825 348 1895 Crispoti,
365 1840 398 1877 ex
414 1823 541 1878 codicum
559 1833 715 1877 nostrorum
733 1823 949 1893 antiquissimo·
1003 1824 1066 1903 quia
1081 1840 1158 1877 cerne
1173 1823 1228 1892 q'us
1242 1823 1297 1877 dies
1311 1823 1396 1877 obitus
1410 1822 1594 1893 igrrnrobatur.
1607 1824 1731 1907 llaecpro
1744 1843 1800 1882 ma·

137 1911 203 1950 rum
218 1911 367 1951 consensu.
382 1894 433 1949 Sed
452 1895 510 1950 haec
525 1911 580 1948 non
598 1892 713 1949 niaximi
731 1895 863 1949 momenti
878 1893 948 1949 diffi·
1000 1895 1054 1966 Jori
1072 1902 1148 1966 parte
1163 1911 1195 1949 ex
1217 1894 1302 1951 citato
1316 1893 1494 1966 Papehrochii
1510 1904 1710 1952 commentario
1724 1913 1800 1954 acce·

140 1967 233 2022 cultas
254 1975 307 2034 est,
333 1965 463 2035 majorem
486 1966 575 2037 tangit
599 1963 799 2033 llenschenius,
842 1981 949 2021 uarens
1023 1974 1050 2020 ta
1062 1974 1136 2021 sunt.
1148 1966 1219 2022 Vide
1235 1965 1373 2021 intraxxx
1388 1965 1726 2036 Septernhrishuctarium
1743 1969 1800 2024 blo·

139 2043 236 2091 utrum
257 2037 304 2092 hic
322 2038 440 2092 Gabinus
456 2036 586 2092 diuersus
602 2037 638 2091 sit
658 2036 691 2091 ab
711 2037 765 2092 alo
788 1982 889 2092 Gaiiuo
905 2038 947 2093 rel
1004 1982 1071 2103 iani,
1084 2053 1117 2092 ex
1132 2036 1330 2108 posterioribus
1340 2036 1399 2109 ejus
1409 2037 1586 2094 editionibus.
1599 2039 1726 2112 Reliqua,
1737 2056 1798 2113 quar

139 2107 254 2175 Garine,
270 2108 316 2180 qni
331 2125 393 2165 cum
408 2108 471 2163 aliis
486 2109 579 2174 sociis,
597 2109 624 2162 in
639 2107 706 2180 ipsis
722 2107 948 2179 Hieronymianis
1004 2108 1155 2163 llubertum
1172 2110 1329 2181 episcopum
1346 2109 1482 2176 attinent,
1501 2126 1530 2164 m
1546 2110 1727 2177 Nouembris,
1743 2129 1800 2185 quo

138 2179 273 2235 recolitur
293 2194 350 2234 xxr
366 2180 501 2236 Octobris.
525 2180 648 2235 Obscura
670 2178 715 2235 hic
738 2180 828 2234 denuo
853 2181 939 2235 multa
1002 2180 1082 2235 etiarn
1108 2180 1267 2251 Antuerpiae
1291 2181 1407 2236 solemni
1429 2180 1519 2235 officio
1542 2183 1728 2238 recentissime
1743 2184 1799 2239 coli

139 2249 266 2318 adserto,
278 2252 378 2323 quibus
391 2252 462 2306 torte
478 2253 548 2307 lucis
562 2251 667 2323 aliquid
683 2252 803 2318 accedet,
819 2251 884 2306 dum
901 2251 937 2307 ci·
1000 2259 1106 2322 coptus
1119 2263 1170 2317 est,
1185 2252 1339 2307 accuratius
1355 2253 1383 2306 in
1398 2252 1475 2307 Actis
1489 2253 1673 2308 discutientur
1684 2263 1711 2309 et
1725 2256 1797 2310 illu-

139 2323 530 2391 tatodiexxuttctohris,llaec
542 2322 936 2378 inActisernntdiscntienda.
999 2322 1170 2378 strabuntur.
1188 2324 1242 2378 Nos
1261 2322 1307 2379 hic
1331 2324 1470 2377 remanum
1488 2324 1602 2380 Usuardi
1619 2333 1724 2380 textum
1749 2342 1797 2382 re-

137 2391 208 2449 Vide
228 2395 338 2449 interim
356 2412 415 2466 qua·
431 2394 511 2450 hahet
526 2396 720 2449 'tillemontius
734 2404 810 2449 tomo
826 2396 859 2461 ll,
876 2411 935 2466 pag.
1021 2395 1236 2451 rasentarimus.
1263 2395 1309 2451 Sic
1350 2394 1537 2451 'nodalbertus
1557 2397 1591 2452 de
1615 2397 1754 2454 llucberto
1769 2407 1795 2454 et

137 2461 191 2520 230
211 2474 238 2520 et
259 2467 322 2534 587,
343 2466 442 2522 deinde
457 2467 569 2523 tomoV
589 2483 605 2521 a
626 2483 685 2538 pag.
706 2466 765 2522 tlt.
792 2467 934 2534 liuterius,
991 2411 1091 2521 tiatira.

135 2551 183 2591 ⁸⁰⁰
202 2537 294 2608 11011118
308 2538 464 2606 Huibt’i'luis
487 2539 539 2594 ⁸⁰¹1
556 2538 678 2594 Usuasd‘)
699 2539 836 2611 Pf⁰Pri¹¹⁸r
860 2538 934 2609 Ept—
1051 2554 1139 2603 Tertia
1152 2554 1293 2618 llugberto,
1315 2554 1385 2618 Papa
1398 2564 1423 2606 et
1442 2555 1527 2606 arares
1545 2555 1654 2607 dicatur.

863 2670 1054 2728 sacreum.

169 2775 318 2830 Ararene.
342 2782 369 2828 et
392 2769 575 2827 blan-Lunna
588 2779 614 2826 et
631 2768 784 2826 Uenerias.
801 2769 901 2825 ornittn
913 2780 935 2826 rt

138 2844 379 2903 annuntiationem
397 2843 507 2898 tertiam
518 2843 552 2898 de
567 2852 660 2896 sancto
676 2842 806 2909 lieberto,
823 2840 935 2914 ejrrsrpre

135 2919 195 2973 loco
212 2915 384 2971 substituunt
400 2933 405 2969 :
427 2941 435 2960 ·
451 2915 481 2969 lu
497 2913 655 2980 Antiochia,
671 2916 761 2969 natale
776 2924 933 2969 sanctorum

134 2989 189 3045 Sici
202 2997 229 3043 et
241 2986 369 3052 Palatini,
381 2986 427 3058 qni
444 2986 531 3040 rrnrlta
544 2993 679 3040 tormenta
696 2987 765 3056 passi
781 2992 854 3040 saint.
868 3011 876 3032 ι
891 2985 934 3040 Ex

133 3058 371 3131 Hieronymianis,
382 3059 427 3112 vel
438 3056 548 3112 llahano
559 3064 616 3112 tota
631 3056 680 3111 illa
692 3057 868 3113 annuntiatio
880 3057 934 3114 huc

131 3132 263 3187 translata
277 3137 327 3184 est.

1031 2771 1211 2826 tirannorum.
1228 2779 1326 2843 prater
1338 2771 1413 2827 dicta
1429 2772 1462 2828 de
1477 2774 1577 2842 Felice,
1594 2773 1706 2845 adjicit:
1732 2804 1739 2823 ·
1757 2778 1792 2833 Et

991 2842 1085 2897 suheo
1097 2841 1539 2900 liaresisoriturManichaeorum.
1558 2871 1566 2891 ·
1589 2847 1715 2902 Secundo
1729 2848 1791 2905 loco

991 2912 1024 2968 dc.
1050 2913 1165 2968 lietberto
1183 2914 1327 2982 Leoeliensi,
1350 2923 1402 2970 etc.
1426 2916 1518 2971 Tum:
1546 2919 1611 2972 ltem
1634 2919 1791 2976 Thudehertr

988 2984 1157 3053 confessoris.
1176 2985 1204 3039 ln
1223 2987 1413 3056 pretermissis
1433 2989 1512 3059 plane
1537 2989 1647 3060 ignotus
1663 2999 1713 3056 est,
1739 3008 1791 3050 nec

988 3055 1120 3112 contundi
1134 3062 1221 3126 potest
1231 3074 1293 3112 curri
1306 3058 1459 3130 Trudperto
1469 3060 1497 3114 in
1512 3059 1645 3132 Brrsgoya
1656 3071 1788 3134 rrrartyre,

987 3126 1021 3183 de
1034 3144 1088 3198 qno
1100 3136 1191 3183 actum
1205 3145 1272 3183 xxii
1289 3130 1406 3201 Aprilis.
1423 3130 1489 3186 Nam
1505 3148 1554 3186 cur
1568 3132 1639 3187 idem
1656 3135 1789 3206 coorpila·

167 3201 415 3266 Auroram-blau„
427 3201 721 3268 laernex.,l.0ramerr.
733 3209 758 3257 et
770 3202 869 3256 Enrrro
880 3201 930 3256 Uu-
948 3208 969 3267 c
987 3206 1030 3254 tor
1044 3200 1168 3255 carnidem
1181 3209 1305 3255 sanctum
1322 3202 1365 3257 bis
1379 3210 1522 3273 repeteret,
1534 3205 1617 3260 semel
1630 3211 1786 3276 arartprem,

131 3274 306 3329 anan-Bene.
320 3273 409 3327 citatae
423 3273 627 3328 annuntiationi
641 3273 776 3340 inserunt,
789 3290 840 3344 pro
853 3273 929 3328 cari-

131 3352 170 3401 sto
186 3345 255 3417 passi
271 3354 346 3400 sunt.
359 3346 388 3400 ln
404 3344 559 3400 firreautem
576 3344 810 3400 servantHulrerti
829 3360 929 3399 memo·

131 3419 212 3484 riam,
234 3416 285 3472 hoc
302 3415 406 3471 modo:
430 3441 438 3462 ι
458 3417 520 3488 lpso
535 3416 589 3483 die,
607 3417 696 3472 natale
710 3416 797 3472 sancti
814 3414 928 3471 Huberti

131 3487 291 3545 Leodiensis
301 3487 422 3558 episcopi
433 3495 460 3540 et
474 3487 647 3542 corilessoris.
668 3513 676 3535 ι
694 3488 753 3544 Jam
764 3487 824 3543 dixi
843 3488 871 3542 in
882 3487 928 3542 olr-

131 3558 348 3625 certationibus,
364 3557 472 3613 codices
492 3557 573 3613 hosce
588 3558 727 3627 belgicos,
745 3558 858 3613 liuberti
877 3574 927 3612 no·

41 3657 44 3662 ·
130 3648 193 3689 men
205 3630 327 3702 apertius
339 3628 373 3683 ad
388 3628 567 3683 Leodiensem
580 3629 738 3701 episcopum
752 3628 925 3696 contrahere,

129 3720 212 3777 quam
227 3701 324 3757 lecerit
341 3699 481 3756 Usrrardus
496 3700 553 3770 ipse
569 3700 596 3754 in
614 3702 733 3780 genuino
749 3708 837 3755 textu.

166 3775 377 3831 Ueronensum
398 3774 496 3828 Dante.
514 3787 577 3826 cum
593 3771 683 3827 tribus
722 3771 850 3827 ostremis
864 3787 927 3826 con-

129 3847 256 3914 ueniunt,
279 3844 327 3901 sed
351 3842 379 3898 in
394 3859 426 3899 eo
441 3842 590 3909 excedunt,
615 3843 688 3915 quod
702 3789 736 3899 ie
751 3843 841 3899 Felice
858 3859 927 3915 papa

128 3918 219 3974 textui
234 3917 398 3973 adnectant:
419 3940 427 3961 ι
444 3915 494 3970 llic
508 3921 570 3986 post
583 3913 693 3970 beatum
708 3916 818 3971 Petrum
831 3914 925 3970 vicesi-

128 4008 191 4047 mus
205 3989 347 4062 septimus,
374 3985 495 4041 instituit
514 4002 597 4057 super
612 3987 757 4042 memorias
773 3993 925 4067 martyrum

129 4063 226 4117 missas
250 4057 392 4116 celebrari.
416 4084 425 4105 ›
452 4058 483 4113 ln
503 4057 741 4115 obsecrationibus
757 4066 924 4128 notavimus,

128 4132 187 4189 hac
201 4150 216 4188 a
230 4131 350 4187 Notlrero
370 4129 545 4201 superaddita
560 4129 653 4185 luisse.

164 4205 342 4261 Cisserusa:
368 4227 376 4248 ι
395 4202 501 4268 ltomae,
519 4203 563 4255 via
579 4202 707 4269 Aurelia,
723 4201 810 4257 sancti
826 4202 925 4258 Felicis

127 4291 203 4350 papae
225 4283 251 4329 et
277 4272 405 4344 martyris
421 4274 472 4328 sub
487 4273 602 4329 Claudio
617 4273 759 4330 Caesare.»
782 4275 812 4326 ln
832 4274 924 4328 Sardis

127 4364 213 4421 purus
227 4354 277 4401 est.
293 4346 444 4417 Sequitur:
468 4368 477 4389 ‹
494 4344 647 4411 hrrtroelne,
672 4352 828 4400 sanctorum
850 4344 922 4400 lsicii

127 4427 155 4474 et
168 4417 296 4477 Palatini.
308 4416 354 4488 qui
372 4417 457 4470 inulta
472 4422 609 4471 tormenta
625 4416 693 4488 passi
706 4425 779 4471 scrut.
796 4417 857 4487 lpso
867 4416 921 4484 die,

126 4491 213 4548 sancti
231 4489 345 4545 liuberti
356 4486 475 4559 episcopi
485 4496 512 4543 et
525 4487 699 4544 contessoris.
713 4486 844 4544 lloermbio
856 4487 923 4544 Cen·

985 3272 1067 3325 semel
1083 3270 1257 3340 corrfessorrra
1272 3274 1285 3327 t
1301 3273 1372 3339 Quid
1388 3275 1409 3328 si
1425 3275 1608 3346 suspicemur,
1625 3277 1788 3333 Hercbertam

985 3343 1152 3398 monachum
1168 3342 1425 3412 Britinniacenscm,
1438 3345 1493 3413 hic,
1507 3347 1650 3418 scriptoris
1663 3348 1744 3416 vitio,
1757 3351 1786 3406 iu

987 3414 1178 3469 Thudebertunr
1188 3416 1413 3472 transformatum
1425 3418 1507 3473 esse?
1522 3418 1681 3490 Sequuntur
1696 3421 1725 3474 in
1741 3438 1786 3477 co·

983 3484 1044 3541 dice
1058 3493 1188 3613 marqpres
1201 3487 1394 3555 Anaunienses,
1413 3488 1465 3545 hoc
1480 3488 1524 3544 die
1540 3506 1681 3563 perperam
1697 3493 1785 3548 inser·

982 3557 1014 3611 ti.
1026 3558 1056 3613 ln
1072 3558 1121 3613 Sar
1143 3559 1165 3613 is
1180 3575 1264 3628 purus
1274 3568 1324 3616 est.
1339 3560 1503 3635 lieniquede
1513 3562 1697 3619 Antiochenis
1708 3565 1783 3633 Sico,

983 3628 1025 3684 vel
1041 3628 1124 3683 lsicio
1137 3635 1164 3683 et
1183 3631 1320 3700 Palatino,
1338 3640 1368 3686 ut
1384 3649 1475 3704 supra.

1018 3701 1178 3761 Aorrrarucr.
1195 3700 1229 3756 de
1244 3704 1352 3757 Felice:
1377 3728 1386 3749 ι
1403 3704 1453 3761 Hic
1467 3706 1614 3762 constituit
1630 3722 1713 3780 snpra
1728 3724 1784 3764 me·

982 3771 1084 3826 murias
1101 3779 1254 3844 martyrum
1272 3774 1369 3829 missas
1383 3775 1531 3832 celebrare.
1548 3802 1557 3822 ι

1016 3843 1199 3898 natisionis.
1214 3862 1238 3900 :1
1254 3845 1382 3914 Turonis,
1399 3847 1525 3918 exceptio
1541 3849 1629 3920 prima
1644 3851 1783 3924 reliquia-

982 3929 1043 3968 rum
1061 3914 1214 3971 beatissimi
1228 3916 1330 3973 luliani
1346 3919 1486 3990 martyris.
1503 3944 1512 3967 ·
1531 3920 1600 3976 Vide
1614 3923 1782 3980 Praetermis·

980 4002 1035 4053 sos,
1058 3987 1105 4042 ubi
1128 3986 1168 4043 sic
1189 3998 1267 4044 notat
1291 3989 1501 4046 llenschenius:
1526 3992 1668 4049 «Videtur
1684 3994 1707 4049 is
1722 4010 1782 4051 esse

980 4066 1091 4114 sanctus
1104 4058 1230 4115 lulianus
1245 4070 1350 4132 martyr
1366 4063 1558 4131 Arvernensis,
1572 4064 1601 4120 in
1616 4065 1696 4137 cujus
1711 4066 1781 4123 testo

979 4131 1048 4185 Acta
1064 4130 1201 4200 martyrii,
1213 4131 1242 4185 in
1256 4147 1355 4187 norem
1371 4133 1502 4190 lectiones
1512 4135 1671 4205 distributa,
1686 4140 1780 4210 legun·

979 4208 1025 4256 tur
1039 4201 1067 4255 in
1083 4202 1235 4258 ecclesiast
1249 4203 1359 4259 diaecesi
1376 4205 1530 4261 Turonensi
1545 4225 1623 4263 xxvii
1639 4210 1709 4281 Aug.
1726 4234 1736 4256 ι

1014 4272 1465 4354 Macaria-Caarus-Ummium.
1488 4304 1496 4324 ·
1513 4280 1646 4351 llyrrrpnae
1661 4281 1780 4352 virginis

978 4350 1005 4398 et
1020 4354 1160 4416 trionyma,
1175 4363 1235 4418 qum
1250 4347 1367 4419 prolidc
1381 4357 1407 4404 et
1422 4349 1575 4406 castitates
1590 4361 1666 4424 patre
1680 4352 1780 4409 decol-

978 4413 1085 4471 latur·
1108 4417 1247 4490 Nusquam
1273 4419 1321 4475 illa
1345 4421 1417 4493 apud
1441 4422 1511 4476 alios
1527 4423 1577 4480 hac
1601 4423 1646 4479 die
1665 4425 1776 4495 legitur,

978 4487 1041 4542 vide
1055 4504 1093 4543 xv
1108 4489 1182 4544 atati.
1207 4514 1215 4536 ι
1231 4491 1330 4548 Felicis
1345 4510 1419 4565 papae
1435 4502 1461 4549 et
1477 4495 1615 4567 martyris.
1634 4494 1735 4553 Gabini
1750 4506 1778 4554 et

127 4562 194 4629 tula,
222 4571 379 4617 sanctorum
405 4560 547 4627 triniaco,
569 4560 685 4616 l'ricorii
700 4568 726 4615 et
749 4559 921 4685 Maqdegesiii
937 4574 962 4632 Ι)
978 4558 1098 4630 Crispuli
1117 4569 1307 4633 martyrum,

125 4635 330 4699 consessorum,
347 4648 463 4704 qnorum
477 4633 532 4686 duri
552 4632 634 4701 prrirni
650 4633 730 4687 beato
745 4632 793 4687 Ric

126 4702 235 4757 initium
253 4711 352 4757 sanctae
367 4703 583 4756 marriersationis
596 4703 716 4757 luerunt.
731 4728 739 4747 ι
761 4704 800 4756 De
814 4701 922 4757 duobus

125 4772 169 4828 his
185 4771 292 4844 primis,
317 4787 433 4841 qnorum
455 4773 523 4827 alter
546 4772 628 4825 etiam
643 4774 782 4826 Adrianus
795 4780 918 4840 vocatur,

122 4842 294 4915 conjunctim
311 4844 367 4912 agit
392 4842 580 4896 llenschenius
600 4843 627 4896 in
647 4844 851 4897 conmentario
871 4860 920 4898 suo

125 4914 258 4971 historico
275 4931 281 4969 :
300 4915 333 4968 de
356 4912 531 4981 dlenlelgisito.
559 4913 616 4981 (Sic
638 4914 711 4967 enirn
734 4914 768 4968 ab
791 4914 920 4972 omnibus

125 4987 225 5059 passim
242 4985 365 5049 vocaturi
383 4983 460 5054 plara
475 4983 586 5055 reperit,
598 4991 625 5040 et
639 4996 766 5042 accurato
777 4984 919 5042 Corrnnen-

125 5060 195 5114 tario
210 5056 370 5113 illustrarit..

160 5131 338 5186 Bnuxeucus.
356 5144 417 5185 cum
440 5127 628 5198 superioribus
650 5130 789 5196 convenit,
805 5137 919 5201 excepta

124 5201 222 5256 ultima
234 5200 453 5267 anarrutiatione,
465 5216 545 5271 quam
557 5199 596 5255 sic
606 5201 736 5271 exprimit
749 5220 754 5256 :
772 5203 852 5273 ‹lpso
862 5203 917 5271 die,

125 5271 261 5342 depositio
273 5273 360 5329 sancti
377 5272 490 5328 liuberti
506 5271 663 5327 Lcadimrsis
679 5272 798 5346 episcopi
815 5283 838 5329 et
855 5292 917 5331 con-

124 5341 245 5398 fessoris.
266 5342 318 5407 Qui
341 5345 419 5400 beato
436 5344 578 5399 barrrhcrtn
595 5345 757 5401 miraculose
772 5361 799 5399 m
815 5345 917 5416 episco-

143 5422 190 5469 atu
214 5413 392 5483 suluugatus,
417 5416 507 5471 sedem
532 5418 713 5487 episcopalem
737 5417 770 5471 de
794 5417 917 5487 'trajecto

124 5430 257 5539 iiendium
278 5487 426 5551 transtulit,
447 5495 473 5542 et
497 5488 606 5542 tandem
629 5487 686 5559 ipse
701 5488 752 5543 hac
766 5488 821 5554 dic,
844 5490 916 5559 apul

124 5556 226 5612 Furam
240 5554 403 5622 brabantia,
419 5557 453 5611 ab
471 5557 522 5612 hoe
540 5562 639 5616 sucula
662 5577 779 5633 nequam
796 5568 913 5631 ereptus,

124 5628 231 5684 scandit
253 5625 286 5680 ad
307 5627 400 5694 caelos,
421 5634 448 5681 et
466 5644 565 5700 corpus
584 5648 643 5700 epus
657 5632 820 5689 transfertur
842 5632 916 5687 Leo-

123 5698 213 5768 dium,
224 5699 271 5754 ubi
286 5697 314 5753 in
324 5697 439 5755 ecclesia
453 5697 480 5754 S.
492 5700 564 5756 Petri
579 5702 660 5776 digne
675 5705 814 5779 sepelitur.
826 5729 835 5752 ·
846 5703 915 5761 Vide

122 5786 205 5849 supra
218 5770 438 5830 Observationes.

815 4648 872 4686 arro
887 4631 922 4686 ad
1011 4630 1040 4684 ln
1056 4631 1195 4687 Varrcaxo
1210 4634 1316 4704 signato
1332 4652 1409 4690 nuru.
1422 4637 1492 4694 sets
1507 4638 1582 4695 deest
1596 4638 1775 4698 annuntiatio

975 4701 1075 4755 ultirna
1089 4702 1122 4756 dc
1137 4712 1232 4760 salicto
1249 4706 1382 4763 liuberto.

1012 4773 1179 4855 l‘mrnearm.
1192 4793 1198 4830 :
1209 4776 1305 4847 «Apud
1319 4780 1581 4847 Ravennamsancti
1591 4782 1775 4855 Exuperantii

974 4843 1207 4927 archicp'rscoprnet
1220 4850 1392 4909 contessoris.
1409 4853 1496 4907 ‹Vide
1509 4856 1776 4926 PapebroclriiCom·

974 4925 1139 4998 mentarmnr
1152 4918 1326 4991 historicum,
1335 4924 1380 4979 uhi
1392 4925 1494 4980 dealiis
1503 4927 1707 4998 Exuperautios
1717 4944 1775 4983 non

974 4988 1051 5043 nulla
1066 5004 1173 5044 curioso
1191 4991 1326 5049 observat.

1009 5062 1156 5117 thurones.
1182 5065 1302 5119 ccclesiae
1326 5067 1412 5123 sancti
1437 5068 1579 5140 Stephani.
1604 5069 1774 5127 «Dedicatio

974 5133 1059 5188 salicti
1071 5133 1192 5189 Mertardi
1204 5136 1232 5189 in
1245 5136 1310 5192 urbe
1321 5138 1514 5196 Divionense·
1536 5143 1575 5196 De
1591 5141 1642 5197 hac
1656 5142 1725 5196 nihil
1742 5144 1770 5198 in

973 5203 1174 5261 Praeterrnissis.
1192 5207 1262 5263 Vide
1273 5225 1333 5281 qnae
1348 5211 1374 5264 in
1387 5213 1464 5266 Actis
1479 5213 1610 5269 dicuntur
1620 5231 1670 5268 rur
1681 5213 1770 5282 lunii,

974 5275 1178 5332 Corrrnrentario
1193 5280 1324 5353 prosint
1343 5299 1381 5349 (ι’,
1416 5300 1457 5355 ag.
1475 5284 1518 5352 77,
1537 5286 1592 5341 litt.
1610 5290 1641 5341 A.

1009 5348 1107 5403 Enrrro
1124 5350 1310 5409 bonacosam..
1334 5353 1367 5410 dc
1391 5299 1481 5411 istros
1502 5359 1542 5412 sic
1564 5358 1664 5412 hahet:
1689 5357 1772 5425 «oni

972 5435 1034 5500 curn
1046 5422 1267 5504 aratrisquinqne,
1284 5427 1422 5482 iriensibus
1438 5428 1531 5485 decem
1547 5430 1661 5484 rexisset
1678 5429 1771 5485 Eccle-

972 5507 1050 5559 sranr,
1062 5494 1112 5548 sub
1123 5495 1238 5550 Claudio
1250 5505 1276 5550 et
1288 5499 1436 5554 Aureliano
1450 5501 1621 5573 principibus
1637 5501 1771 5571 urartyrio

971 5574 1117 5620 coronatus
1130 5574 1181 5621 est.
1198 5567 1249 5623 ttic
1266 5577 1325 5639 post
1338 5571 1446 5627 beatum
1462 5573 1570 5627 Petrum
1583 5580 1736 5639 xxrn,etc.
1754 5597 1762 5618 ·

970 5634 1100 5715 Sequitur
1109 5635 1143 5718 de
1157 5637 1249 5694 Sardis
1258 5649 1285 5697 et
1297 5643 1487 5699 antiochenis.
1500 5643 1621 5699 Deinde:
1633 5669 1641 5690 ι
1653 5645 1683 5698 ln
1693 5644 1768 5715 npu-

970 5707 1018 5774 lra,
1029 5715 1117 5789 sancti
1131 5709 1236 5766 Nicolai
1248 5713 1388 5787 Peregrini
1398 5724 1425 5772 et
1437 5715 1613 5785 contessoris,
1626 5715 1768 5772 miracolis

969 5778 1047 5838 clarr.
1062 5781 1255 5857 »ttemtrticur
1277 5785 1313 5844 ed
1326 5784 1411 5859 diem
1432 5802 1487 5862 quo
1507 5787 1590 5845 Traui
1610 5788 1723 5858 colitur,
1747 5804 1768 5846 ιι
