3834 6136
74 227 126 289 673

598 224 915 283 MARTYROLOGIUM.
935 255 971 267 -
984 219 1093 297 ιΜΕΝὸ.
1114 222 1199 282 NOV.

1677 227 1729 287 eit

73 344 164 402 thomi
183 342 344 407 existentes,
363 349 390 398 et
408 341 521 397 nomine
535 342 639 402 Christi
647 344 911 406 artificiosissimed
930 344 1371 403 Mariuc.Caurus-Uirunum.
1390 345 1520 419 Sequitur
1543 354 1638 406 textus
1661 353 1729 409 satis

70 424 229 500 operantes,
249 413 339 493 primo
354 413 383 467 in
399 429 534 469 carcerem
551 414 638 481 missi,
654 425 681 471 et
691 414 791 471 deinde
801 433 874 473 scor·

69 488 205 562 pionibus
219 484 382 557 gravissime
398 487 459 564 caesi
474 491 556 549 sunt;
571 484 618 540 sed
633 502 695 542 cum
709 486 874 544 asideChri·

67 561 104 616 sti
118 557 198 614 ilecti
218 572 274 612 nou
291 564 412 626 possent,
430 572 509 626 jussu
537 557 715 628 Dyoclesiani
735 558 765 614 in
781 559 874 615 medio

66 630 141 687 mari
159 627 326 754 praecipitati
345 635 418 682 sunt.
437 630 466 683 ln
487 627 592 695 Africa,
607 630 698 700 passio
714 638 873 687 sanctorum

66 711 228 773 martyrum
268 698 352 768 otiati,
371 698 481 765 Primae,
498 700 607 766 Donati,
625 701 715 769 iulias,
731 701 831 756 Caudii
848 711 876 758 et

63 773 234 829 Balaam.»
272 769 343 825 Vide
374 770 601 841 hieronymiana,
630 772 675 828 die
697 773 873 843 precedenti.

64 845 160 900 Tum:
185 841 341 913 ‹lpsodie‚
368 843 512 896 translatio
537 850 694 898 sanctorum
721 855 874 916 martyrum

62 916 225 982 senatoris,
241 913 362 968 Viatoris
376 921 457 984 atque
473 912 638 969 Cassiodori.
651 917 719 969 ltem
732 916 876 972 translatio

64 988 159 1043 sancti
181 983 316 1041 Ludovici
333 984 454 1055 episcopi
476 991 503 1038 et
516 984 693 1041 confessoris.
711 1011 720 1033 ι

104 1059 309 1115 Miseriorem:
334 1057 449 1111 1ltomai
469 1055 513 1109 ria
534 1056 679 1125 Lauicano,
704 1057 795 1129 passio
807 1074 876 1113 san-

64 1138 181 1187 ctorum
196 1135 349 1198 martyrum
362 1126 481 1191 Claudii,
496 1128 663 1197 Nycostrati,
691 1129 877 1202 Sympronia-

65 1201 110 1258 ni.
129 1200 251 1258 Castorii
278 1208 306 1253 et
320 1197 477 1269 Symplicii,
498 1199 545 1270 qui
561 1199 651 1269 primo
678 1199 708 1255 in
736 1216 874 1256 carcerem

65 1279 136 1328 sunt
153 1271 241 1326 missi.
256 1270 309 1337 Qui
327 1285 389 1324 cuin
405 1269 496 1325 edocti
520 1270 612 1324 forent
628 1271 706 1325 oinni
724 1281 782 1326 arte
806 1274 876 1328 scul-

67 1352 172 1417 pturae,
185 1341 372 1424 Dpooleciano
381 1340 494 1411 ydolum
509 1341 597 1396 facere
606 1343 794 1408 noluerunt,et
804 1351 876 1413 post-

67 1431 103 1471 ea
124 1412 321 1484 scorpionibus
335 1422 400 1468 sunt
416 1412 564 1467 durissime
576 1412 649 1476 caesi,
672 1423 699 1469 et
727 1421 794 1469 tuno
813 1431 874 1470 cum

68 1502 87 1542 a
103 1486 164 1541 fide
176 1483 280 1542 Christi
297 1484 398 1538 mutari
414 1500 469 1537 uon
482 1491 603 1554 possent,
615 1483 685 1554 jussi
695 1495 760 1540 saint
774 1501 788 1539 a
803 1488 875 1567 Dyo·

72 1556 202 1614 cicciano
215 1557 242 1610 in
259 1554 388 1626 plumbea
411 1571 491 1626 capsa
513 1556 542 1609 iri
571 1571 645 1609 mare
669 1556 870 1628 praecipitari.»

74 1629 110 1684 ln
127 1628 214 1682 altera
227 1627 308 1681 ferme
324 1642 409 1696 purus
424 1634 473 1692 est,
491 1635 548 1681 tuni
575 1624 608 1680 de
623 1628 774 1693 Florentio,
793 1645 874 1700 quem

929 433 1024 487 purus.
1043 417 1132 472 Tum:
1150 441 1160 464 ι
1179 417 1307 473 Treveris
1321 416 1350 473 iu
1366 419 1533 473 monasterio
1549 417 1621 476 beati
1639 421 1726 479 Maxi·

929 488 1009 555 mini,
1032 489 1122 543 natale
1135 489 1222 544 sancti
1242 489 1387 544 Weomadi
1402 489 1522 560 episcopi
1538 497 1566 545 et
1591 493 1727 550 confesso·

930 560 977 613 ris.
996 559 1100 615 Eodem
1113 558 1158 615 die
1177 560 1291 616 civitate
1306 560 1437 630 Marsilia,
1466 560 1611 616 translatio
1637 567 1726 621 saucti

931 631 1064 687 Ludovici
1081 631 1173 702 episeo
1195 633 1241 686 iet
1260 632 1435 698 confessoris,
1452 631 1560 687 ordinis
1576 632 1727 692 Minomm.

930 703 991 772 lpso
1005 702 1060 767 die,
1076 702 1147 757 beati
1166 648 1355 759 instromonii
1370 703 1491 785 episcopi
1507 710 1534 758 et
1548 704 1725 763 confessoris.

931 774 998 853 ltem
1012 774 1099 830 sancti
1112 773 1262 829 Willehadi
1277 774 1400 846 episcopi
1415 782 1442 830 et
1451 774 1628 831 confessoris.
1641 777 1729 834 ›Vide

931 845 1003 899 inira
1016 845 1142 900 Gnuvsu.

966 916 1074 982 baiis,
1092 918 1120 970 in
1134 923 1213 971 textu
1223 917 1289 972 satis
1304 934 1399 989 purus,
1419 917 1579 989 superaddit
1605 918 1634 974 in
1654 919 1728 976 sina:

937 1008 946 1032 ι
962 987 1064 1041 Eodem
1081 987 1136 1053 die,
1151 988 1293 1042 translatio
1307 991 1394 1045 sancti
1410 989 1545 1045 Ludovici
1561 992 1683 1063 episcopi
1703 1000 1731 1048 et

930 1058 1104 1125 contessoris,
1121 1057 1228 1114 ordinis
1242 1058 1391 1116 Minorum.
1407 1061 1475 1116 Item
1486 1069 1583 1117 octava
1603 1063 1729 1118 omnium

931 1137 1112 1185 sanctorum.»

967 1199 1093 1255 Guavau.
1112 1219 1117 1257 :
1136 1202 1267 1259 «Octavia
1287 1201 1448 1258 festivitatis
1465 1205 1591 1259 emnium
1616 1206 1729 1261 Sancto·

931 1287 1002 1325 rum,
1022 1272 1169 1329 Festivitas
1191 1274 1371 1346 reliquiarum
1399 1275 1596 1332 eorumden,
1626 1277 1730 1332 Ramisi

931 1358 1012 1413 supra
1029 1343 1064 1397 ad
1083 1344 1522 1402 Marnie:Caurus-Uerianum.
1548 1350 1591 1401 Au
1619 1345 1652 1402 de
1676 1347 1731 1401 alia

932 1413 1083 1493 testivitate
1101 1415 1147 1471 hic
1160 1426 1264 1487 agatur,
1287 1426 1346 1488 post
1361 1416 1513 1472 videbitur.
1540 1418 1655 1489 Reliqua
1675 1419 1730 1473 Au-

931 1491 1015 1539 ctaria
1032 1503 1174 1543 recenseo:
1199 1490 1254 1542 «ln
1270 1489 1373 1551 Africa,
1390 1497 1547 1544 sanctorum
1565 1488 1661 1556 Primi,
1675 1489 1732 1545 Ma·

931 1555 1030 1624 charii,
1042 1557 1112 1612 lusti
1130 1567 1157 1614 et
1171 1560 1289 1614 alioruin
1300 1561 1463 1616 octodecim.
1480 1585 1489 1606 ‚
1512 1559 1583 1616 Vide
1595 1560 1729 1631 hierony·

933 1627 1034 1683 miaua.
1045 1630 1123 1684 dtem
1134 1629 1189 1695 hio,
1206 1630 1342 1702 depositio
1350 1631 1437 1686 sancti
1454 1629 1598 1702 llildulphi
1608 1630 1728 1702 episcopi

76 1699 129 1754 die
145 1696 348 1770 praeoedeutiin
373 1698 512 1752 Arietariis
541 1713 596 1752 non
625 1699 707 1752 semel
724 1696 1117 1769 posuimus,BTreverensis,
1134 1701 1181 1772 qui
1199 1701 1723 1775 etiarnsuprahabeturvirldusiulii.»

75 1769 121 1825 sic
136 1769 235 1824 habet:
259 1770 308 1823 «ln
326 1770 486 1839 Argenuus,
503 1768 641 1848 depositio
656 1771 744 1825 sancti
761 1771 875 1826 Floren-

74 1842 126 1908 cii,
148 1840 271 1910 ejusdem
286 1840 411 1896 ciuitatis
422 1839 555 1912 episcopi,
572 1841 619 1965 poi
637 1841 713 1911 prius
734 1842 761 1895 in
780 1842 877 1897 llasela

72 1912 165 1967 vitam
181 1911 371 1967 heremiticam
385 1912 476 1978 duxit,
494 1913 522 1965 in
535 1927 580 1966 niu
596 1921 622 1968 ta
637 1912 768 1983 patientia
783 1914 876 1968 etabs·

71 1983 206 2037 tinentia.
240 1982 292 2049 Qui
323 1991 466 2055 postqnam
501 1982 586 2037 siliani
618 1983 775 2052 Dagoberti‚
806 1984 877 2056 regis

72 2052 302 2121 Franciae,filiam
317 2056 426 2110 unicam
440 2069 538 2109 caecani
554 2062 581 2108 et
596 2056 707 2109 surdam
723 2065 875 2124 sanaverat,

72 2135 178 2181 terrain
208 2124 241 2178 ad
269 2123 461 2178 mdilieandum
492 2127 689 2179 monasterinm
710 2128 825 2195 accepit,
850 2134 877 2179 et

73 2203 267 2269 postmortem
285 2194 428 2267 Arbogasti
444 2194 575 2265 episcopi,
591 2194 682 2250 sedem
695 2196 876 2268 episcopalem

73 2265 216 2322 abeodem
232 2266 344 2338 recepit,
362 2274 388 2320 et
401 2267 496 2321 multis
519 2267 610 2321 clarus
635 2266 787 2322 virtutibus
807 2268 878 2323 obiit

74 2339 105 2393 in
124 2354 225 2410 pace.»
246 2339 351 2393 Deinde
374 2354 409 2390 cx
434 2348 510 2393 textu
527 2336 582 2391 diei
611 2338 800 2409 precedentis,
821 2339 877 2408 agit

75 2410 112 2466 de
125 2412 286 2464 Auiaranto.
310 2411 441 2464 bernuin:
465 2434 473 2454 ι
493 2410 560 2463 item
580 2411 667 2465 sancti
690 2409 878 2465 nostremomi

74 2481 199 2562 episcopi
212 2490 239 2537 et
255 2481 420 2552 martyris.»
462 2480 534 2537 Vide
572 2483 702 2548 natalem,
723 2480 768 2536 die
783 2499 792 2536 1
819 2483 879 2537 h'o-

75 2551 210 2609 vembris.
337 2575 340 2582 ·

114 2625 277 2686 douiomcr.
293 2641 343 2696 pro
363 2623 508 2690 mairano,
526 2623 617 2690 initio,
632 2620 712 2676 habet
731 2623 839 2689 Latino,
852 2631 879 2679 ot

77 2711 142 2752 cum
160 2695 305 2752 codicibus
316 2712 365 2768 pro
381 2703 459 2751 textu
476 2696 569 2751 citatis
596 2694 661 2763 legit
685 2695 877 2766 simproniani.

121 2766 376 2825 Maeuio-Canius
392 2798 428 2807 -
442 2768 608 2823 libramme.
624 2769 727 2822 Festum
753 2767 880 2836 reliquio-

76 2855 152 2906 rum,
169 2854 231 2892 nem
253 2855 277 2906 e,
291 2848 322 2895 ut
336 2840 364 2894 iu
377 2839 498 2920 margine
512 2839 643 2909 explicat,
660 2838 689 2892 in
704 2838 801 2893 ordine
817 2837 879 2894 Car·

76 2909 224 2965 tliusiano.
266 2927 343 2965 erum
360 2910 513 2982 dequibus,
533 2917 580 2964 aut
591 2925 707 2981 otiorum
722 2919 878 2964 sanctorum

79 2981 293 3053 reliqniisagat,
309 2982 425 3037 necdum
450 2982 587 3052 intellige.
604 2981 710 3053 Pergit:
736 2981 881 3048 ‹Qualuor

930 1769 1031 1836 Errat,
1049 1788 1112 1826 nam
1128 1771 1272 1827 habeturv
1289 1773 1353 1829 Idus
1370 1789 1418 1827 seu
1440 1790 1470 1827 xi
1494 1772 1575 1828 Julii:
1596 1772 1668 1827 forte
1685 1771 1731 1827 hio

930 1841 1138 1897 translationem
1152 1844 1276 1898 iudicare
1287 1845 1387 1910 voluit,
1404 1851 1434 1898 ut
1449 1852 1490 1899 est
1504 1860 1586 1916 supra
1601 1844 1630 1898 iu
1641 1844 1731 1898 Luxo-

930 1913 1100 1981 vreul’ergit
1115 1914 1242 1969 Gaurus.
1257 1933 1262 1969 :
1284 1939 1293 1960 ι
1308 1914 1412 1969 Eodem
1426 1914 1481 1980 die,
1493 1913 1526 1968 de
1547 1914 1631 1969 ositio
1642 1913 1732 1968 sancti

932 1981 1096 2049 willehadi,
1122 1984 1204 2055 primi
1228 1985 1350 2056 episcopi
1373 1985 1503 2040 Ecclesia
1529 1930 1732 2039 irremissus

930 2054 1104 2109 confessoris.
1124 2057 1261 2122 Treveris,
1291 2055 1380 2111 sancti
1398 2055 1543 2110 Weomadi
1567 2054 1688 2126 episcopi
1704 2060 1732 2109 et

930 2125 1104 2180 confessoris.
1122 2124 1277 2192 Arubianis,
1298 2125 1385 2180 sancti
1398 2123 1541 2179 Godelridi
1560 2125 1681 2195 episcopi
1704 2131 1732 2179 et

930 2193 1107 2250 confessoris.
1137 2197 1328 2252 austremonii
1349 2194 1469 2267 episcopi
1499 2201 1526 2249 et
1555 2195 1731 2251 confessoris.

931 2266 1035 2320 Moroci
1050 2267 1181 2339 episcopi.
1207 2268 1288 2338 Apud
1311 2266 1471 2334 Mamiliam,
1491 2266 1636 2321 translatio
1657 2266 1730 2322 beati

931 2336 1065 2394 Ludovici
1093 2338 1215 2410 episcopi
1249 2347 1277 2393 et
1304 2336 1480 2404 confessoris,
1515 2336 1622 2393 ordinis
1654 2337 1731 2392 Mino

931 2423 1030 2462 rum·

967 2479 1075 2533 Mosen.
1090 2497 1096 2533 :
1125 2502 1134 2524 ι
1149 2479 1255 2535 Eodem
1270 2479 1325 2547 die,
1338 2479 1482 2535 translatio
1498 2479 1729 2536 sanctibudoiiei

932 2549 1053 2637 episcopi
1067 2558 1093 2603 et
1110 2550 1288 2618 confessoris,
1306 2551 1455 2608 Minoritae.
1470 2551 1539 2606 Item
1555 2559 1652 2607 octava
1667 2567 1734 2608 om-

933 2637 1011 2674 nium
1026 2627 1206 2677 sauctorum.
1224 2624 1285 2694 lpso
1296 2622 1350 2690 die,
1372 2622 1459 2678 sancti
1481 2621 1596 2677 liiidulli
1611 2621 1732 2693 episcopi

934 2691 1119 2748 Treverensis.
1136 2719 1144 2738 ·
1166 2693 1236 2748 Dein
1257 2693 1329 2764 lypis
1343 2693 1512 2748 minoribus:
1536 2692 1660 2748 «Eodem
1676 2693 1731 2759 die,

934 2763 1070 2834 depositio
1087 2764 1175 2820 sancti
1192 2764 1374 2831 Willehadi‚·
1396 2771 1461 2831 etc,
1478 2770 1509 2817 ut
1519 2763 1732 2819 Cumauam·

934 2834 1034 2902 hinnis,
1051 2835 1138 2891 sancti
1154 2835 1296 2891 Godeiridi
1311 2835 1433 2906 episcopi
1450 2842 1477 2889 et
1489 2833 1664 2901 confessoris,
1680 2850 1734 2890 cu-

932 2903 978 2976 jus
991 2907 1047 2960 vita
1063 2907 1153 2961 tribus
1168 2906 1247 2961 libris
1262 2905 1418 2977 conscripta
1440 2904 1557 2960 babetur
1571 2905 1605 2961 ad
1623 2905 1735 2961 Roliar-

935 2977 999 3033 duin
1016 2977 1149 3033 decanum
1166 2977 1423 3033 Suessionensem.›
1445 2975 1590 3032 Editioues
1604 2976 1665 3031 aliae
1674 2975 1734 3032 litte

78 3054 298 3120 Coronatorum,
310 3053 414 3108 scilicet
428 3054 532 3120 Scieri,
543 3044 694 3122 Serenam,
712 3051 880 3133 Carpophori
897 3056 919 3116 ρ
936 3049 975 3102 ris
991 3048 1094 3104 italicis
1110 3048 1199 3103 textui
1216 3048 1249 3102 de
1268 3048 1393 3115 Claudi0‚
1409 3054 1475 3113 eto„
1486 3045 1735 3113 imniiscent:‹Qui

79 3131 108 3177 et
126 3123 276 3177 Victorini.
298 3123 413 3193 Claudii,
429 3125 589 3191 Nicostrati,
612 3124 818 3197 Syrnphoriam,
834 3123 881 3180 Ca·

80 3193 164 3248 stiirii
181 3201 208 3248 et
227 3195 370 3267 Simplicii.
387 3221 395 3242 ·

119 3266 288 3320 Fiouusris,
304 3285 310 3321 :
329 3267 501 3322 ‹Translatio
515 3267 603 3322 sancti
616 3266 750 3323 Ludovici
761 3264 881 3337 episcopi

78 3344 105 3392 et
123 3336 302 3404 contessoris,
318 3338 425 3392 ordinis
441 3339 612 3393 Mincium.»

116 3406 215 3464 Codex
230 3407 429 3465 Casr·ai·Csu.:
453 3434 461 3455 ι
477 3409 620 3466 [iudicatio
635 3409 756 3464 eeclesiae
770 3408 802 3463 B.
828 3408 881 3462 Ma·

80 3479 127 3535 rias
144 3478 360 3547 Casiri-Mareli,
390 3497 435 3549 per
454 3498 551 3536 manus
568 3481 666 3536 llonini
680 3479 874 3550 Leodegarii.·

114 3551 290 3606 Luxovium:
310 3575 319 3597 ι
336 3552 461 3608 Mediano
478 3553 653 3617 monasterio,
669 3550 881 3605 translatiosan·

80 3620 117 3678 oti
128 3621 236 3678 Midulli
252 3622 455 3696 archiepiscopi
468 3634 495 3680 et
509 3623 685 3681 confessoris.
703 3647 712 3671 ›
733 3621 804 3677 Vide
821 3638 882 3679 auc·

81 3692 183 3748 tarium
198 3692 412 3750 Casueninlra.

116 3764 213 3821 Editio
227 3765 436 3823 Musaeo-Ceu:
467 3792 476 3814 ι
503 3767 607 3823 Octava
631 3765 757 3821 omnium
773 3765 883 3820 Sancto·

85 3837 215 3893 ramosi.
230 3836 308 3893 ldem
324 3838 462 3895 festivitas
479 3838 671 3910 reliquiarum.
688 3862 697 3884 ›
720 3836 791 3893 Vide
800 3852 883 3908 supra

936 3136 999 3175 euin
1015 3127 1106 3175 essent
1121 3120 1242 3189 insignes
1255 3118 1384 3185 artifices,
1398 3126 1425 3173 et
1440 3118 1469 3171 in
1491 3116 1629 3188 lapidibus
1657 3132 1735 3172 mar-

937 3191 1037 3245 morcis
1053 3191 1187 3261 imagines
1199 3193 1322 3262 sculpere
1337 3205 1419 3260 super
1432 3204 1528 3243 omues
1543 3187 1661 3243 artifices
1672 3204 1733 3244 nos·

935 3269 1007 3329 sont,
1024 3261 1144 3332 eoquod
1163 3261 1245 3316 falsos
1264 3263 1336 3316 Deos
1360 3261 1473 3315 adorare
1498 3266 1656 3325 renuerant,
1674 3259 1735 3330 pri-

937 3350 991 3400 mo,
1009 3356 1017 3378 ι
1041 3340 1093 3387 cto.
1109 3333 1139 3387 ln
1154 3333 1220 3387 fine:
1239 3357 1247 3378 ·
1267 3333 1335 3386 ltein
1358 3339 1456 3387 octava
1472 3329 1598 3385 oninium
1613 3328 1735 3385 Sancto-

937 3420 1008 3458 rum.
1027 3403 1141 3470 Bueium,
1157 3403 1293 3473 depositio
1306 3403 1393 3458 sancti
1408 3401 1578 3468 Vuilleliadi,
1594 3409 1646 3457 etc.
1663 3400 1734 3458 Vir-

936 3474 1014 3535 dimi,
1043 3475 1130 3530 sancti
1152 3475 1249 3541 Mauri,
1270 3473 1390 3546 episcopi
1418 3473 1540 3545 ejusdem
1560 3471 1682 3529 civitatis
1706 3480 1734 3527 et

936 3546 1111 3602 confessoris.
1128 3546 1178 3601 bie
1193 3545 1528 3615 octava,commeinoratio
1541 3542 1732 3616 archistrategi

937 3617 1089 3684 Michaelis,
1105 3625 1133 3673 et
1146 3619 1314 3693 reliquarum
1330 3618 1407 3674 iuoor
1427 3633 1552 3673 erearum
1568 3617 1727 3672 virtutum.»

938 3690 1055 3746 Deuium
1072 3689 1147 3762 typis
1164 3689 1332 3746 minoribus:
1361 3713 1370 3736 ι
1422 3689 1551 3756 mbianis,
1580 3685 1733 3746 sauctiGo·

938 3761 1039 3818 delridi
1055 3761 1175 3836 episcopi
1188 3771 1215 3819 et
1233 3760 1411 3818 confessoris.
1428 3785 1437 3808 ·
1460 3760 1496 3817 Ut
1509 3775 1600 3832 supra.

802 3969 1010 3982 ψ

85 4001 110 4063 V
122 4004 198 4063 Idus.

1645 3998 1735 4061 bes.

117 4094 201 4168 Apud
215 4096 357 4154 Amasiam
372 4098 515 4155 civitatem
529 4094 802 4168 Marmaritauorum‚
812 4091 911 4157 natalis
921 4099 1008 4159 sancti
1019 4089 1157 4156 Theodori
1169 4091 1312 4169 martyris,
1327 4095 1375 4169 qui
1386 4095 1563 4167 temporibus
1576 4091 1737 4150 Maximiani

81 4192 109 4240 et
121 4185 270 4241 Maximini
285 4188 495 4259 imperatorum,
511 4205 561 4260 pro
575 4189 748 4245 confessione
759 4188 922 4246 Christianae
937 4189 1001 4246 lidei
1016 4189 1126 4244 fortiter
1139 4203 1226 4243 cassus
1242 4185 1313 4241 acin
1330 4199 1466 4240 carcerem
1478 4181 1738 4250 missus,dein,Do-

82 4273 161 4329 mino
175 4273 318 4332 Salvatore
330 4277 381 4333 sibi
393 4288 539 4350 apparente
551 4286 578 4334 et
593 4287 732 4347 monente,
747 4288 778 4336 ut
788 4288 945 4337 constanter
956 4289 983 4336 et
1002 4278 1122 4333 viriliter
1141 4282 1243 4347 ageret,
1259 4274 1399 4330 relevatus
1421 4278 1471 4327 est.
1487 4270 1643 4325 Novissime
1665 4277 1737 4340 post-

82 4380 167 4437 quam
187 4367 306 4437 equuleo
321 4383 470 4440 suspensus
484 4376 512 4423 et
526 4370 638 4441 ungulis
652 4376 693 4425 est
711 4385 848 4439 corrosus,
861 4370 939 4426 itaut
953 4367 1012 4437 ejus
1022 4366 1155 4420 interiora
1170 4363 1245 4418 nuda
1253 4366 1427 4433 apparerent,
1444 4356 1605 4412 ardentibus
1619 4356 1739 4410 traditur

85 4451 209 4525 ignibus.
227 4455 332 4512 Eodem
358 4458 402 4514 die
419 4457 532 4516 civitate
561 4458 709 4526 Bituricas,
735 4459 821 4514 sancti
846 4456 965 4514 Ursicini
980 4453 1157 4521 confessoris,
1173 4451 1220 4524 qui
1233 4453 1326 4508 Romae
1342 4447 1514 4504 ordiilatosa
1535 4442 1740 4501 successoribus

83 4547 286 4618 apostolorum,
303 4548 409 4623 primus
429 4549 518 4606 eidem
534 4548 599 4606 urbi
613 4547 769 4605 destinatur
783 4549 940 4622 episcopus.

852 4671 969 4730 NOTAE.

122 4767 189 4827 Puri
205 4780 270 4829 suut
285 4772 407 4842 Protesi„
421 4773 569 4847 llosuiepd,
586 4773 698 4832 Greoen.
719 4779 747 4830 et
760 4772 862 4831 Melon.

703 4908 903 4969 lellANTMS
922 4904 1127 4964 abellenus,

124 5009 264 5065 Amusicus
278 5011 403 5068 scribunt
414 5027 579 5068 omnescum
593 5011 759 5083 appellativo
770 5011 890 5065 liureio·
907 5012 931 5070 D
945 5006 1049 5076 ignibus
1061 5003 1187 5070 traditus,
1203 4999 1321 5056 reddidit
1330 4998 1465 5080 spiritum.
1475 4997 1587 5053 Ciuitate
1594 4994 1740 5060 Bituricas,

89 5080 340 5154 ritonoriim,quasi
356 5083 504 5153 peculiaris
519 5083 647 5154 regioaut
657 5099 723 5153 gens
735 5082 829 5151 aliqua
843 5079 887 5135 de·
945 5078 1026 5134 sulita
1041 5084 1081 5132 est
1097 5071 1477 5151 martyrologiorumlocutio,
1489 5083 1552 5148 eam
1566 5066 1637 5120 forte
1650 5077 1742 5144 einen3

88 5151 253 5221 signaretur,
270 5171 332 5209 cum
354 5171 443 5209 sermo
455 5154 491 5210 sit
502 5155 535 5209 de
550 5155 655 5234 legione
672 5154 792 5208 militum
808 5152 889 5205 duaa·
944 5149 1008 5204 dare
1023 5147 1113 5227 voluit
1128 5146 1245 5225 Creten.
1268 5158 1316 5213 per
1333 5146 1437 5196 cioatots
1461 5140 1609 5216 Biturica..
1626 5137 1742 5215 Ursicini

89 5239 141 5278 saie
160 5223 189 5278 iu
206 5225 294 5281 Ponto
306 5225 421 5280 hiberna
435 5226 650 5281 traducentium.
666 5224 850 5279 SolusRoswe
871 5222 889 5277 d
944 5228 1019 5275 certo
1039 5216 1235 5296 scripsit-Ado,
1255 5222 1381 5284 atqueex
1393 5227 1425 5268 eo
1449 5208 1588 5264 Usuardus
1603 5222 1632 5261 in
1646 5219 1742 5260 omni-

89 5294 198 5361 scribit,
219 5297 349 5352 Theodori
365 5298 458 5351 militis
472 5304 495 5351 ct
509 5297 647 5367 inortpri‘s.
665 5295 739 5349 ldem
757 5310 819 5350 cum
860 5310 888 5346 0·
944 5291 995 5345 bus
1008 5304 1092 5368 prope
1102 5286 1254 5367 codicibus,
1270 5285 1429 5343 Crassum
1448 5280 1564 5360 Melan..
1579 5292 1674 5333 uerum
1688 5292 1744 5358 no·

90 5362 152 5419 lano
166 5366 606 5424 habetzMosimi'onietMosiiiii.
623 5368 727 5423 Rursus
741 5363 887 5435 Rosweyd.
943 5376 1006 5415 meu
1023 5360 1122 5426 Ursini,
1145 5372 1270 5438 quamvis
1284 5368 1429 5435 uon-vere
1449 5349 1613 5432 Usuardiue,
1635 5346 1744 5405 substi-

90 5436 173 5508 elogii
188 5438 273 5494 finem
290 5439 402 5495 videtur
416 5437 746 5510 ualuisseeiipolire,dum
762 5436 800 5490 ita
811 5435 887 5505 legit.
943 5437 1036 5497 tuunt,
1053 5437 1083 5485 ut
1096 5434 1137 5484 est
1151 5437 1233 5484 etiam
1248 5443 1278 5482 iu
1292 5424 1389 5482 codice
1408 5424 1533 5480 Prateusi
1548 5422 1580 5479 B.

760 5558 1061 5620 OBSERVATIONMS.

125 5663 199 5720 Vere
223 5664 437 5791 mepalomartyr
457 5663 613 5747 puneppari
636 5669 735 5744 potest,
752 5660 890 5733 praecipuo
944 5674 992 5715 seu
1006 5655 1151 5738 Euchaita,
1167 5653 1342 5738 inAllatiiet
1356 5651 1505 5738 Frontonis
1522 5648 1743 5732 Kalendariisin
1828 5683 1842 5706 .

91 5734 168 5791 cultu
188 5752 246 5808 pras
283 5735 412 5792 heoderis
427 5737 490 5793 aliis
505 5735 653 5803 militibus,
669 5751 692 5791 si
708 5735 801 5807 plures
814 5740 890 5802 sunt,
945 5730 1163 5812 Sacramentario
1178 5727 1303 5810 Gregorii
1331 5733 1366 5810 st·
1385 5741 1414 5782 iu
1442 5723 1646 5798 Martyrologiii
1661 5735 1746 5802 prope

60 5881 62 5886 Ι
91 5806 267 5865 venerandus
279 5807 326 5866 hic
336 5817 429 5866 noster
446 5815 630 5882 cognomento
645 5807 707 5876 tiro,
719 5804 892 5863 Amaseensis
945 5801 1076 5861 omnibns
1090 5800 1144 5857 hoo
1159 5799 1204 5858 die
1216 5799 1289 5873 apud
1308 5798 1421 5856 Latinos
1434 5797 1599 5856 celebratus.
1614 5791 1657 5848 Ad
1673 5791 1744 5847 lire-
