3834 6136
123 188 177 248 243
785 190 937 249 bsttattoi
955 191 1116 250 MONACHI
1386 212 1388 217 ·
1722 188 1777 248 244

125 320 244 378 llamniis
258 318 375 392 injectus
389 326 440 376 est.
456 319 508 376 Sed
522 321 590 376 dunt
610 336 666 377 non
690 318 810 388 laeditur,
826 323 962 392 stupetil
1013 319 1110 376 Briau.
1126 319 1225 391 incipit
1248 337 1254 376 :
1278 343 1287 367 ι
1313 319 1415 377 Octava
1442 315 1619 377 visitationis
1647 315 1776 389 gloriose

124 390 430 466 judexetillumabire
480 391 590 449 rmittit.
606 391 659 459 Qui
674 399 767 464 postea
781 391 873 463 plures
885 390 920 448 ad
977 391 1094 464 uirginis
1121 391 1224 450 Maria.
1242 415 1251 439 ι
1272 393 1304 447 lii
1330 390 1395 461 fine,
1411 390 1487 447 deest
1513 387 1635 470 elogium
1664 388 1775 458 Bristii,

126 463 209 521 sidem
224 463 378 527 convertit:
394 479 432 518 uu
453 480 467 518 e
479 462 566 534 judex
580 463 614 519 de
629 480 678 518 sua
692 463 854 519 dimissione
867 461 922 518 do-
977 464 1023 537 qui
1040 464 1068 518 in
1083 463 1202 520 secunda
1216 461 1336 518 editione
1350 471 1465 520 vocatur
1477 461 1611 518 Larisaea.

126 537 195 602 leus,
208 534 287 606 jubet
301 550 363 590 euin
376 533 517 591 decollari.
534 537 661 591 datantes
684 543 775 591 autem
798 533 918 590 animam
1012 535 1150 591 Garanum:
1161 535 1281 592 «Octava
1290 533 1463 591 visitationis
1476 532 1562 588 beatae
1576 530 1679 588 Mariae.
1695 529 1777 613 Apud

126 605 184 677 ejus
199 605 228 661 in
243 606 332 677 specie
347 605 434 661 nivea
448 605 583 663 columbae
598 606 632 661 ad
646 606 768 663 caelestia
781 621 923 664 conscen-
977 606 1120 664 Coloniam
1144 606 1336 678 Agrippinam,
1351 605 1423 662 beati
1442 602 1584 677 Agilolphi
1611 604 1735 684 episcopi
1750 610 1778 660 ct

125 677 189 736 dere
204 677 343 734 uiderunt.
359 701 369 724 ι
390 677 493 735 Cetera
509 694 595 750 purus
609 685 659 734 est.
977 678 1117 750 martyris.
1133 677 1185 745 Qui
1208 678 1243 733 ob
1258 692 1378 733 amorem
1401 675 1527 748 justitiae,
1544 673 1639 747 impiis
1661 673 1777 757 odiosus

161 749 598 807 mauretanias-aimarus.
615 767 621 806 :
641 748 768 806 ·Octava
781 749 922 808 visitatio·
977 750 1067 807 lactus
1090 758 1117 806 et
1139 749 1173 806 ab
1196 750 1205 805 i
1226 749 1263 806 sis
1287 747 1403 816 occisus,
1427 746 1570 804 Coloniam
1602 746 1718 815 relatus,
1749 762 1778 809 iu

126 818 180 878 nis.
197 820 296 893 Cyrilli
309 819 430 893 episcopi
444 829 473 878 et
482 821 620 893 martyris
636 820 792 878 Anatholiae
806 821 923 894 virginis
978 820 1092 879 ecclesia
1105 821 1192 878 beata
1205 766 1298 878 ficita
1312 819 1346 875 ad
1372 817 1471 892 gradus
1495 816 1648 899 honorilice
1671 818 1778 876 locatus

126 900 154 950 et
169 892 298 965 martyris
321 900 348 948 et
368 891 497 949 Audacia.
523 894 626 961 llomae,
650 893 770 949 Zenonis
792 891 923 966 martyris
977 900 1027 952 est.
1037 893 1118 974 Apud
1133 892 1310 966 Heliopolim,
1322 908 1383 964 quae
1393 897 1436 947 est
1447 890 1520 946 circa
1530 888 1778 970 Libanumaaucti

127 973 154 1021 et
167 964 261 1021 decem
274 963 394 1020 millium
410 964 592 1021 ducentorum
607 980 670 1021 euni
688 964 756 1036 ipso.
774 989 784 1013 »
977 963 1067 1021 Cirilli
1082 963 1191 1021 diaconi
1206 972 1233 1020 et
1259 961 1400 1035 martyris.
1416 961 1480 1029 Qui,
1495 969 1527 1017 ut-
1537 960 1587 1018 lib.
1603 978 1633 1017 vi
1648 960 1778 1018 Historia

161 1036 297 1094 vinaciis.
314 1051 391 1091 uum.
406 1035 476 1094 5949
493 1053 499 1092 :
522 1036 627 1101 «Apud
645 1036 718 1108 AEgy
739 1043 807 1103 tuin,
834 1035 923 1092 sancti
977 1035 1121 1107 tripartitae
1136 1035 1249 1103 dicitur,
1265 1051 1328 1091 cum
1347 1033 1399 1091 sub
1415 1032 1577 1091 Corratantio
1599 1032 1689 1088 multa
1704 1031 1778 1089 idola

127 1107 284 1181 Serapionis
316 1107 436 1234 episcopi
469 1116 495 1164 et
522 1106 696 1164 confessoris.
720 1051 759 1162 44
788 1106 923 1179 depositio
977 1106 1161 1174 contrivisset,
1177 1106 1229 1164 sub
1244 1105 1382 1162 lulianoa
1405 1104 1518 1186 paganis
1536 1110 1697 1186 peremptus
1721 1111 1776 1163 eal.

126 1179 214 1235 sancti
228 1177 360 1250 Ephrem.
378 1203 387 1227 ι
435 1177 480 1234 ide
493 1177 714 1236 Observationes.
977 1177 1059 1250 Apud
1069 1178 1231 1252 AEgyptum,
1242 1179 1273 1235 B.
1285 1177 1441 1249 Serapionis
1465 1191 1585 1247 episcopi
1599 1183 1628 1231 et
1640 1174 1778 1232 mutesco

161 1252 301 1308 Airsura.
326 1268 332 1308 :
362 1249 491 1307 «Eodem
505 1249 560 1321 die,
577 1256 676 1308 sauctae
702 1248 842 1306 Everildis
867 1248 923 1304 vir·
978 1249 1026 1305 ris.
1046 1249 1173 1317 Materni,
1190 1248 1303 1305 Galendi
1321 1246 1512 1321 [primordiae
1526 1247 1604 1302 babet
1617 1244 1779 1319 Galeudiui]

127 1320 209 1394 ginis.
225 1345 235 1371 ›
978 1320 1051 1389 Gaii,
1065 1320 1160 1376 Basilii
1175 1316 1623 1446 episcoporum·Mediolanensium
1634 1325 1662 1373 et
1673 1316 1778 1398 confes·

163 1393 344 1449 Sacazama:
363 1393 467 1465 «Apud
480 1393 645 1466 AEgyptum,
662 1391 750 1449 saneti
768 1390 924 1465 Serapionis
978 1407 1083 1447 sorum.
1097 1390 1224 1460 Senonas,
1244 1392 1265 1446 Τ
1288 1391 1380 1446 eraclii
1406 1405 1524 1464 episcopi
1549 1396 1576 1445 et
1600 1388 1778 1447 contessoris.

127 1464 248 1536 episcopi
265 1472 292 1521 et
307 1463 482 1521 confessoris.
498 1489 508 1514 ι
979 1462 1060 1534 Apud
1075 1462 1218 1521 Coloniam
1234 1461 1425 1534 Agrippinam,
1440 1460 1580 1542 ordinatio
1603 1460 1778 1586 aepiscopatua

162 1536 263 1592 Euirio
275 1534 464 1596 busaeo-Coi..
483 1552 489 1592 :
512 1535 638 1594 «Octava
652 1534 828 1592 visitationis
838 1535 924 1591 beatas
979 1534 1067 1590 sancti
1082 1533 1219 1591 Heriberti
1233 1533 1354 1606 episcopi
1368 1541 1395 1588 et
1408 1532 1584 1600 confessoris,
1621 1538 1683 1587 acta
1707 1545 1778 1587 anuo

126 1606 220 1665 Mariae
250 1606 389 1679 virginis.
425 1607 506 1663 And
539 1606 682 1664 Coloniam
719 1606 923 1686 Agrippinam,
979 1605 1266 1686 Dominincccuxcix.
1283 1605 1399 1686 lnAEgy
1419 1603 1574 1686 to,Ellrcm
1590 1601 1778 1684 sanctipatris

127 1678 263 1752 depositio
286 1677 374 1735 sancti
398 1625 551 1759 Aginolplii
577 1677 776 1805 archiepciiscopi
800 1677 922 1747 ejusdem
937 1685 960 1744 Β
978 1684 1098 1756 eremitae
1112 1685 1139 1732 et
1157 1676 1333 1758 confessoris.
1351 1676 1382 1731 ln
1399 1620 1542 1756 ssibernia,
1560 1673 1693 1756 Germani
1707 1689 1778 1755 coii-

127 1749 249 1806 civitatis
271 1756 298 1803 et
321 1757 460 1820 martyria.
482 1747 536 1814 Qui
557 1764 651 1804 cuma
694 1747 921 1816 arooMaitello,
977 1748 1097 1803 lassaris.
1113 1747 1213 1803 Salvias
1229 1762 1354 1818 virginis.
1370 1747 1437 1803 ltem
1456 1745 1634 1818 Wichburgae
1650 1760 1778 1818 virginis.

127 1819 207 1892 cujus
221 1826 296 1875 tutor
309 1827 336 1875 et
349 1818 526 1875 conciliarius
541 1819 603 1887 luit,
615 1827 728 1876 vocatus
743 1826 823 1883 esset,
833 1817 863 1873 iu
878 1817 925 1874 via
979 1818 1132 1875 Translatio
1148 1828 1247 1874 sauctae
1261 1818 1326 1875 Odar
1340 1818 1442 1874 viduae.
1459 1843 1468 1866 ι

127 1890 319 1963 aquibusdam
336 1891 444 1945 aemulis
458 1890 515 1947 suis
535 1889 616 1961 juxta
630 1889 761 1962 oppidum
785 1890 924 1946 Malman-
1013 1892 1160 1946 Moiau.:‹
1185 1890 1288 1947 Octava
1312 1888 1488 1946 visitationis
1512 1889 1637 1971 gloriosas
1663 1887 1778 1963 virginis

126 1961 251 2016 dariense
265 1960 426 2017 interiectus
449 1969 499 2029 eat,
515 1961 563 2017 sed
605 1969 648 2017 ost
670 1960 813 2018 Coloniam
836 1969 923 2017 traus-
977 1962 1079 2019 Mariae.
1097 1962 1158 2033 lpso
1174 1961 1230 2027 die,
1240 1961 1327 2018 sancti
1342 1961 1428 2041 patris
1442 1969 1527 2017 nostri
1543 1960 1677 2034 Ephrem.
1694 1960 1778 2018 Colo-

127 2031 436 2088 latusetinecclesiam
452 2039 552 2089 sanctae
595 2032 658 2087 ariae
673 2032 706 2089 ad
721 2032 821 2104 gradus
830 2032 924 2088 bono-
977 2033 1040 2101 uia,
1056 2033 1143 2088 sancti
1158 2032 1310 2115 Agilolphi,
1331 2032 1452 2103 ejusdem
1468 2032 1546 2088 urbis
1575 2029 1671 2088 archia
1691 2031 1777 2104 isoopi

126 2100 600 2175 rilicelocatus.ltemColouiadgri
622 2104 923 2188 pina,commemoratio
977 2114 1004 2161 et
1019 2103 1185 2177 martyris.»
1207 2105 1276 2160 Dein
1304 2103 1378 2175 typis
1401 2103 1620 2160 minutioribus:
1646 2047 1725 2172 «bui
1745 2102 1778 2159 oli

127 2181 154 2229 et
168 2173 306 2255 ordinatio
319 2174 393 2231 beati
403 2175 541 2231 Heriberti
554 2120 753 2248 arcEiepiscopi
770 2182 797 2231 et
811 2175 923 2231 confes-
977 2192 1109 2243 aurorem,
1127 2201 1136 2224 ›
1157 2183 1209 2256 etc.
1225 2184 1255 2232 ut
1270 2177 1396 2256 Gnatiae.
1413 2177 1482 2233 ltem
1500 2192 1506 2231 :
1529 2173 1637 2255 «Apud
1649 2175 1778 2247 lleliopo

126 2261 206 2314 soris,
222 2263 282 2320 qua
306 2246 377 2303 lacta
399 2254 440 2303 est
464 2246 515 2303 sub
540 2248 640 2304 Ottoue
661 2248 708 2304 lll.
737 2248 921 2304 Romanorum
978 2248 1038 2314 lini,
1073 2264 1114 2303 uae
1130 2248 1448 2328 estpuxtaLibauum,»
1470 2255 1534 2316 etc,
1554 2247 1778 2304 etiamutGaii-

126 2317 916 2391 imperatore‚annoabincarnatiouellominipeccarunt.»
978 2264 1090 2376 cauffo
1119 2319 1289 2378 editionibus
1317 2318 1379 2374 aliis
1404 2327 1467 2391 post
1490 2319 1593 2391 jupiter
1615 2325 1779 2389 manantem,

126 2390 257 2462 Sequitur
274 2407 279 2445 :
296 2391 413 2447 «Romae
427 2391 462 2447 ad
477 2390 588 2447 Guttam
603 2389 707 2463 jugiter
721 2397 890 2458 manantem,
906 2414 915 2438 ·
977 2390 1069 2462 inepte
1091 2389 1153 2447 aliis
1180 2390 1280 2448 litteris
1302 2391 1434 2447 inseritur
1456 2409 1463 2447 z
1488 2407 1547 2462 poe
1567 2389 1640 2447 alias
1668 2390 1778 2456 dicitur,

125 2468 192 2526 etc„
208 2459 256 2517 ubi
269 2461 328 2518 fuse
343 2470 486 2519 enumerat
499 2461 576 2518 varia
598 2470 799 2519 tormentomm
814 2477 921 2533 genera,
976 2463 1080 2518 ecclesia
1096 2468 1193 2518 sanatae
1204 2463 1301 2519 Maria
1311 2462 1393 2532 fonte
1408 2462 1458 2519 olei
1473 2470 1546 2520 troas
1565 2461 1703 2533 Tyberim,
1716 2479 1778 2519 curu

126 2533 228 2605 quibus
242 2541 268 2589 et
282 2535 356 2589 Zeno
371 2543 398 2590 et
407 2534 475 2591 socii
484 2534 574 2591 allecti
588 2535 709 2591 subtile
719 2531 921 2606 Cyrilloaddit,
977 2533 1036 2590 haec
1048 2534 1107 2591 loca
1121 2533 1338 2606 disiunctissime
1352 2534 1419 2604 sint,
1434 2544 1465 2591 ut
1478 2542 1552 2592 recte
1572 2533 1601 2589 in
1625 2532 1778 2591 notationi·

125 2611 157 2658 ut
172 2620 252 2675 supra
262 2629 271 2651 ι
281 2604 401 2659 animam
415 2605 445 2660 iii
460 2605 549 2676 specie
562 2605 727 2672 columbae·
745 2612 796 2660 etc.
809 2605 840 2659 ln
851 2605 922 2659 Aua·
977 2604 1028 2660 bus
1043 2606 1100 2660 suis
1115 2605 1235 2661 ostendit
1252 2605 1396 2661 Baronius.
1419 2605 1451 2663 ln
1472 2607 1527 2664 sine
1548 2605 1641 2662 solum
1657 2605 1778 2674 additur,

126 2673 337 2739 tliolia,Audaoe
348 2675 567 2740 etBrietio,satis
577 2691 645 2746 pura
655 2675 812 2731 estlnfine:
823 2673 922 2746 «Apud
983 2675 1136 2745 «Catonia,
1152 2677 1238 2733 sancti
1261 2677 1413 2758 Agilolphi,
1429 2677 1550 2750 ejusdem
1578 2675 1658 2734 urbis
1683 2676 1778 2734 archi·

125 2745 388 2818 AEgyptum,sanati
412 2745 569 2873 Serapionis
579 2745 698 2818 episcopi
708 2753 736 2801 et
746 2745 920 2804 coaifessoris.
976 2747 1095 2820 episcopi
1124 2757 1151 2804 et
1178 2758 1343 2820 martyris.»
1366 2748 1433 2822 Ejus
1461 2750 1581 2824 elogium
1609 2764 1667 2805 nou
1696 2747 1778 2808 statue¹

125 2815 241 2873 Senouis
263 2817 351 2874 sancti
376 2816 481 2875 Therae
493 2815 514 2874 ii
538 2817 659 2891 episcopi
673 2825 700 2876 et
714 2816 888 2877 confessoris.
904 2840 913 2865 ι
975 2834 1057 2890 supra
1073 2817 1238 2892 productum
1255 2829 1306 2878 est.

125 2985 163 3044 vi
181 2986 257 3044 toas.
1663 2991 1717 3048 Die
1737 2990 1778 3050 Ml

160 3088 264 3156 llomae,
279 3093 382 3159 septem
394 3086 511 3146 iratruiu
526 3086 648 3145 filiorum
662 3095 764 3146 sancta
778 3085 941 3156 Felicitatis,
952 3087 981 3145 id
995 3096 1037 3146 est
1058 3088 1193 3160 Ianuarii,
1219 3091 1330 3159 Felicis,
1358 3090 1492 3165 Philippi,
1516 3090 1637 3161 Silvani,
1659 3092 1778 3151 Alexai:

124 3176 178 3247 dri,
194 3175 305 3245 vitalis,
319 3176 462 3234 Martialis.
479 3177 617 3252 Equibus
645 3178 790 3236 Ianuarius
817 3186 940 3252 tempore
968 3178 1115 3249 Antonini,
1131 3185 1193 3251 post
1217 3181 1332 3237 verbera
1358 3181 1498 3254 virgamm
1524 3189 1553 3238 et
1578 3197 1731 3253 carcerem,
1745 3199 1778 3244 ι

123 3266 279 3342 plumbatas
293 3268 400 3326 occisus
415 3276 465 3327 est.
482 3267 560 3326 Felix
575 3279 602 3328 et
614 3269 760 3343 Philippus
778 3267 898 3326 fustibus
912 3269 1033 3326 mactati.
1059 3267 1188 3326 Silvanus
1212 3270 1366 3343 praecipitio
1389 3270 1581 3344 interemptus.
1608 3271 1778 3335 Alexandot

124 3358 234 3429 vitalis,
250 3365 278 3416 et
291 3358 424 3417 Martialis
443 3359 555 3432 capitali
579 3359 715 3418 aeumutia
738 3358 838 3433 puniti.
864 3360 896 3417 ln
918 3358 1023 3429 Africa,
1044 3359 1144 3416 natalis
1164 3368 1321 3418 sauctorum
1334 3360 1468 3429 Ianuarii,
1483 3360 1596 3431 Marini,
1624 3361 1750 3419 Naboris

125 3447 224 3505 Felicis
239 3446 449 3506 decollatorum.
465 3451 533 3507 ltem
549 3451 652 3519 Roma,
667 3458 824 3508 sanommm
837 3447 979 3522 virgiuum
995 3449 1101 3508 Rufina
1115 3459 1143 3508 et
1156 3450 1298 3521 Secundae,
1316 3467 1376 3524 quai
1401 3451 1452 3508 suh
1475 3451 1667 3524 persecutione
1691 3451 1778 3519 vah

123 3536 196 3594 riani
220 3544 248 3593 ct
271 3537 379 3595 Galiani
406 3539 552 3597 tormentis
576 3539 706 3609 subactae,
722 3539 757 3596 ad
782 3539 912 3597 ultimum
935 3554 999 3610 una,
1014 3539 1097 3614 capiti
1124 3541 1197 3599 illiso
1222 3541 1324 3616 gladio,
1339 3542 1436 3614 altera,
1448 3558 1529 3614 caesa,
1544 3542 1664 3615 cervice,
1682 3542 1778 3619 migra

124 3635 235 3684 verant.

937 3748 1006 3804 ΤΕ.

158 3842 203 3902 Ex
216 3841 338 3913 Praten.,
352 3840 499 3913 Heriaa'era,
511 3842 768 3918 daldorp-Maiore,
782 3845 846 3904 Aut.
858 3746 1090 3917 suffercisse,
1106 3847 1252 3919 Munerat,
1267 3847 1366 3918 Belia,
1383 3848 1493 3906 drevan.
1509 3857 1537 3909 et
1549 3849 1653 3911 Molos.

724 3970 927 4030 venialibus
949 3972 1155 4035 LECTIONES.

153 4067 262 4151 ⁸Scripsi
277 4068 414 4127 Martialis
428 4085 492 4127 cum
511 4069 652 4128 Herinieu.
666 4071 879 4143 daldorp-Mai.
895 4078 922 4129 et
938 4076 960 4136 G
974 4072 1031 4140 bet,
1056 4074 1104 4145 qui
1128 4081 1246 4146 quatuor
1269 4081 1405 4147 martyres
1424 4075 1572 4133 Africanos
1594 4075 1691 4133 ultimo
1707 4075 1754 4134 loca

124 4139 196 4207 aliis,
208 4140 272 4196 licet
286 4140 394 4197 Praten.
407 4149 435 4197 et
444 4141 573 4198 nonnulli
593 4143 640 4200 alii
663 4143 827 4215 discrepent.
840 4143 920 4201 Solus
975 4145 1081 4201 recitat.
1097 4146 1295 4213 Decolotoram,
1311 4148 1382 4203 male
1406 4146 1537 4204 scribitur
1562 4148 1593 4204 iii
1623 4149 1706 4207 dutus
1731 4176 1753 4202 .-

123 4211 226 4271 Molau.
241 4211 324 4293 habet
343 4213 454 4284 Sploaaa'
468 4230 477 4269 :
492 4213 615 4295 quicum
630 4215 747 4296 (lieven.
765 4231 921 4297 procaroe-
974 4214 1086 4342 Maure,
1102 4216 1150 4274 uhi
1177 4225 1204 4272 et
1237 4218 1360 4275 Caiatiam
1384 4234 1433 4290 pro
1451 4219 1565 4290 Rufina.
1592 4220 1624 4277 lii
1646 4163 1751 4276 ounl'ga

124 4300 190 4347 reru,
206 4291 285 4356 pouit
297 4300 433 4341 carmes:
448 4285 536 4341 Belin.
558 4301 671 4341 carcerae
688 4293 889 4347 macerataoaem
911 4303 919 4341 :
976 4303 1008 4343 ca
1031 4287 1118 4343 icibua
1132 4296 1173 4344 est
1190 4289 1305 4355 Galieai,
1321 4297 1348 4345 et
1361 4290 1400 4345 ita
1414 4289 1530 4361 proinde
1548 4289 1578 4347 in
1594 4298 1680 4348 textu.
1699 4289 1746 4354 Pro,

124 4362 153 4411 et
184 4356 285 4412 iterum
314 4373 320 4411 :
348 4356 503 4428 plumbatis,
536 4371 585 4428 pro
615 4357 652 4412 acl
680 4358 841 4429 plumbatae,
871 4355 920 4413 ubi
974 4359 1062 4414 altera
1075 4359 1259 4427 coeauoeroa'ce,
1276 4359 1392 4417 Grevsn.
1409 4368 1436 4416 et
1449 4361 1551 4418 Molau.
1569 4363 1672 4436 legunt,
1685 4361 1750 4417 aaa

124 4425 338 4499 Autueip.·Maj.
359 4428 558 4500 etplambotas.
573 4427 644 4484 Sunt
658 4430 707 4501 qui
721 4446 785 4485 cum
799 4428 918 4486 Graven.
975 4430 1079 4496 auraici,
1107 4446 1168 4486 nem
1190 4432 1296 4487 cillica
1319 4432 1419 4502 gladio,
1434 4432 1482 4489 sed
1508 4432 1623 4491 aliaest
1654 4427 1747 4491 Uauaidi

125 4505 153 4579 et
165 4499 268 4580 Melan.
285 4499 379 4570 legunt
403 4500 574 4571 interemptas
597 4507 643 4568 est,
658 4501 706 4557 sed
725 4501 845 4568 Praten.,
862 4500 920 4557 lla-
975 4502 1153 4558 constructio.
1170 4447 1282 4558 belinus
1296 4503 1438 4572 claritatis,
1455 4504 1564 4575 opinor,
1579 4505 1674 4578 gratia,
1687 4503 1748 4559 iuter

126 4585 239 4638 riman,
255 4569 468 4653 Antuerp.·Maj.
484 4571 572 4628 etalii
589 4573 723 4629 omittunt
736 4578 782 4628 est.
799 4572 920 4628 Ultimus
974 4572 1067 4644 posuit
1079 4573 1115 4629 ad
1129 4574 1215 4643 calos,
1228 4580 1290 4630 aute
1304 4575 1497 4646 migraverunt.

125 4654 192 4696 vero
206 4641 278 4696 male
291 4651 384 4713 posuit
394 4641 484 4714 patriti
497 4649 567 4712 aaut,
583 4644 658 4715 quod
671 4643 754 4701 etiam
767 4644 857 4699 Belin.
874 4643 920 4698 laa-

797 4757 1099 4816 OBSERVATIONES.

163 4849 250 4908 Solita
257 4857 353 4909 teuent
367 4853 438 4908 vesti
458 4852 484 4907 ia
492 4854 601 4925 cognati
614 4853 802 4926 Martyrologi,
818 4855 924 4912 lloiua-
979 4864 1113 4928 perpetuo
1128 4853 1289 4912 Adoniauus
1304 4862 1384 4924 esset,
1406 4847 1528 4913 dubitari
1552 4865 1645 4930 posset
1666 4873 1697 4914 au
1711 4866 1751 4912 noa

128 4939 196 4980 nuiu
210 4937 336 5005 parvum,
351 4923 423 4992 Ado,
470 4925 596 4996 suardus,
612 4926 712 4998 quibus
730 4925 867 4994 accedere,
889 4942 924 4983 ax
978 4926 1070 5055 Batitas
1083 4927 1174 4995 illum,
1193 4943 1274 4999 quam
1287 4926 1370 4995 huuc,
1383 4943 1439 5000 praa
1454 4928 1543 4985 oculis
1561 4927 1751 4987 habueritlla-

126 4994 229 5123 potiori
243 5001 321 5067 parte
335 5003 425 5068 potest
444 4993 591 5052 Notkerus.
607 4999 646 5054 De
668 4997 771 5052 illustri
787 4995 883 5055 matris
897 5005 925 5054 et
997 5014 1066 5054 auus
1089 5005 1163 5055 certo
1184 4998 1284 5054 Bedam
1309 4998 1464 5071 descripsit,
1487 4999 1626 5058 Notkerus
1639 5000 1751 5063 Adonem,

137 5067 249 5124 iliorum
264 5066 350 5125 classe
364 5067 393 5123 in
408 5066 499 5140 primo
513 5067 601 5123 solum
613 5067 758 5125 scribitur:
771 5070 871 5138 Roma,
887 5087 923 5124 se·
978 5069 1071 5127 addita
1084 5070 1162 5126 brevi
1175 5070 1307 5127 clausula.
1324 5071 1422 5128 Utrum
1437 5079 1529 5128 autem
1541 5072 1639 5130 iratres
1653 5072 1691 5130 illi
1703 5083 1753 5128 out·

124 5145 196 5210 ptem
222 5146 339 5196 rutrum.
364 5138 582 5220 Hieronymiana
600 5140 727 5212 exempla
747 5141 786 5196 ita
809 5140 924 5197 confusa
978 5158 1026 5197 aes
1041 5140 1161 5210 liacdie,
1180 5157 1215 5198 aii
1242 5142 1325 5198 simul
1349 5158 1413 5199 aum
1437 5150 1533 5212 matre,
1549 5161 1584 5201 an
1600 5144 1693 5203 eodeni
1708 5144 1752 5200 loa

127 5218 202 5279 sunt,
223 5218 253 5268 ut
267 5210 365 5269 alienis
378 5211 492 5267 auxiliis
506 5225 522 5265 a
543 5209 716 5292 ushabuerit
725 5211 922 5292 Elomutiniua,
977 5212 1096 5292 confecti
1110 5221 1138 5270 et
1150 5213 1261 5284 sepulti,
1274 5230 1324 5270 suo
1339 5215 1399 5272 loco
1422 5213 1606 5285 discutietur;
1655 5216 1755 5274 recutita

128 5279 163 5335 ad
177 5295 242 5338 vera
255 5283 376 5340 liliorum
391 5289 492 5339 sauctae
529 5283 656 5339 elicitatis
670 5298 783 5339 uomina
797 5298 923 5339 acoeme·
939 5305 963 5363 Ι)
978 5282 1302 5340 Buchanivetustissimo
1315 5285 1573 5369 Kalendarioaujus
1585 5233 1755 5346 verbecarius

129 5357 204 5428 teras
218 5353 334 5426 aliisque
344 5353 477 5411 immistis
495 5351 698 5426 distinguenda.
713 5353 769 5411 Nec
782 5354 848 5410 satis
861 5353 925 5411 dis·
978 5355 1149 5424 Ruinartius,
1167 5371 1226 5428 pag.
1243 5355 1288 5411 20.
1304 5356 1396 5412 Actai
1417 5375 1445 5413 sa
1460 5360 1597 5430 passionis
1618 5369 1650 5416 ut
1667 5359 1755 5417 sinen

128 5426 214 5476 tanate
230 5423 352 5504 loquitur
367 5423 515 5483 Frontonis
529 5425 742 5492 Kalendarium;
760 5432 853 5496 separa
866 5424 925 5497 [ra-
978 5425 1156 5498 subjungens,
1168 5442 1231 5484 cuni
1247 5426 1333 5493 Surii,
1347 5435 1374 5482 et
1388 5373 1497 5508 Sabelli
1520 5430 1643 5487 editione
1657 5430 1702 5487 alii

130 5494 201 5570 tram
213 5492 279 5564 Apa
291 5502 314 5550 et
325 5497 460 5565 Solaria;
472 5497 507 5553 de
534 5496 617 5553 uibus
630 5495 692 5553 vide
706 5496 820 5553 editoris
834 5495 924 5553 obser·
979 5514 1043 5554 mss.
1058 5500 1166 5555 collata.
1182 5498 1283 5555 Mirum
1298 5514 1379 5572 quain
1392 5497 1484 5570 jejune
1499 5499 1533 5556 de
1548 5501 1591 5558 lais
1610 5510 1671 5574 agat
1684 5500 1724 5557 'lil

131 5567 282 5632 rationem,
294 5581 354 5638 pag.
373 5566 435 5637 l03,
450 5567 499 5625 ubi
514 5513 548 5624 4ο
561 5566 652 5624 tribus
676 5568 776 5635 Missis,
791 5575 844 5623 etc.
861 5567 921 5626 Cla·
978 5569 1101 5625 montius
1116 5577 1190 5626 tomo
1207 5570 1312 5652 ll,·pag.
1324 5570 1386 5627 31².
1402 5571 1441 5627 lle
1452 5570 1514 5625 aliis
1526 5571 1758 5644 germanensium

130 5629 463 5720 riorasaut,quaetradit
480 5638 764 5722 Bedaetpostilluui
776 5637 847 5708 aldo,
864 5639 924 5766 ῐιιί
978 5648 1092 5711 septem,
1112 5640 1265 5723 Tiburtinis
1289 5642 1396 5723 egimus
1417 5657 1510 5700 xxviii
1534 5643 1622 5714 lunii,
1652 5652 1760 5718 atpoiit

130 5707 244 5778 umrque
259 5714 404 5776 sonantia,
419 5710 483 5765 licet
497 5725 553 5765 non
567 5711 670 5766 eisdem
690 5726 804 5767 omniuo
818 5726 867 5767 ver
889 5727 921 5779 is,
978 5710 1112 5783 agendum
1126 5721 1178 5769 erit
1192 5731 1261 5771 xviri
1277 5713 1369 5784 liujus.

130 5789 192 5834 cum
207 5777 276 5836 alter
285 5776 372 5836 altero
385 5779 468 5852 paulo
491 5780 528 5838 sit
550 5781 678 5851 brarior;
704 5791 731 5842 et
753 5781 808 5841 uisi
826 5783 924 5841 Noster
1013 5781 1158 5842 Africanos
1171 5784 1763 5859 nostrosquatuoritaauuuntiatltoruamu
