3834 6136
171 257 226 315 768

700 257 1017 322 uxurlneteeruu.
1038 296 1074 309 -
1091 265 1195 322 MENS.
1216 264 1297 321 DEC.

1775 266 1826 325 ibi

162 382 279 454 collegit
289 389 387 438 sancta
401 379 516 448 Hilaris,
533 379 632 436 relicta
647 387 765 454 martyr,
775 381 823 437 ubi
838 382 904 440 dum
919 403 968 443 as-
982 395 1007 453 A
1022 391 1052 445 ln
1079 388 1218 447 territorio
1237 387 1368 453 Eiatensi,
1392 387 1462 442 Solae
1482 386 1636 462 presbyteri
1656 397 1683 444 at
1706 390 1822 448 abbatis.

160 455 252 515 uiduis
265 453 441 514 cretionibus
457 460 576 516 vacaret,
589 452 719 523 migravit
728 453 763 508 ad
775 455 934 515 Dominum.
950 484 959 506 2

159 529 192 584 ln
206 526 264 582 fine
279 545 285 583 :
306 549 315 571 ι
335 526 367 585 lu
381 524 548 582 monasterio
566 523 767 591 blandiniensi,
781 525 906 586 Gandavi
921 547 966 585 ca·

159 598 223 670 sari,
241 597 381 657 adventus
391 612 438 653 eur
459 612 537 650 orum
550 602 710 651 sanctorum
726 596 846 653 Guduali
861 606 888 655 et
903 601 966 659 Ber·

158 668 265 743 tulpbi.
288 693 297 716 ι
313 670 353 725 De
368 613 502 725 liadiirdo
514 675 541 722 et
551 666 734 736 lValdeirida,
747 669 781 724 de
791 669 877 725 Lucio
893 688 965 743 rege,

158 742 192 797 de
209 739 356 797 Osmundo
372 737 483 805 etSola,
494 737 669 794 minoribust
691 739 734 810 pis
743 739 967 800 describitxerba

158 813 301 872 Guuveru.
311 809 459 870 Editioues
491 810 657 866 osterioresi
680 826 722 866 em
733 818 760 865 et
771 811 867 867 eodem
883 815 966 872 modo

157 883 264 942 babent
277 883 308 942 iu
324 889 414 943 textu.
424 882 456 937 ln
471 826 527 938 Bne
541 889 633 936 antem
650 899 656 962 3
677 907 687 930 ‹
706 881 866 953 Mediolani,
882 885 966 942 lliro·

156 955 240 1015 cletis
249 953 453 1027 archiepiscopi
468 961 496 1008 et
505 953 680 1011 confessoris.
692 977 701 1000 ι
714 953 786 1010 Vide
799 955 964 1017 Romanum.

164 1027 226 1087 «in
244 1026 361 1103 angus,
385 1025 474 1086 saneti
493 1024 584 1083 Biriui
608 1024 729 1102 episcopi
749 1026 964 1087 Dorcestrensis.

1022 460 1072 517 Die
1082 461 1173 529 tertia,
1187 461 1275 516 sancti
1291 458 1431 546 prophetae
1442 458 1599 529 sophonias.
1613 459 1823 532 Vualcbiodorl,

1023 533 1122 587 natalis
1139 531 1227 588 suncti
1244 532 1354 602 Eloquu
1369 529 1521 603 presbyteri
1533 537 1560 586 et
1578 530 1753 587 confessoris.
1771 534 1824 596 ui-

1022 604 1107 660 vitute
1122 603 1284 675 Argentini,
1301 610 1402 658 sanctae
1416 602 1515 657 Attalea
1530 603 1575 656 vir
1593 602 1658 661 iuis.
1680 628 1689 651 ι
1710 605 1749 658 lie
1768 605 1824 660 nd·

1022 683 1107 756 ventu
1126 691 1273 756 corporum
1289 673 1417 757 Gudweli
1432 681 1460 729 et
1477 618 1601 754 pertuli,
1617 681 1649 732 ut
1668 691 1700 729 su
1720 689 1759 760 ra
1768 676 1823 759 lle·

1022 755 1208 885 illidii
1229 744 1824 896 reillln·rill‘iilnlulld

1022 889 1213 1015 tyrizapteruru.
1230 913 1239 934 ·
1263 888 1334 945 Vide
1349 887 1496 945 Castellum
1511 886 1740 966 Martyrologium
1760 888 1822 951 uui·

1021 975 1099 1018 versa
1112 977 1136 1016 e.

882 1151 1095 1169 W

155 1196 253 1253 Pridie
268 1195 340 1250 Nou.

1725 1203 1776 1263 Die
1791 1203 1820 1267 δ.

192 1291 278 1369 Apud
292 1292 424 1359 Pontum,
439 1291 512 1347 beati
528 1291 631 1347 Meletii
641 1293 763 1366 episcopi
774 1302 801 1349 et
817 1296 993 1367 confessoris,
1010 1300 1057 1370 qui
1072 1315 1136 1355 cum
1152 1306 1223 1355 esset
1236 1298 1428 1355 eruditionum
1443 1302 1627 1371 prerogativa
1642 1301 1819 1375 magnificus,

154 1383 249 1440 virtus
263 1392 356 1439 tannen
369 1383 456 1441 animi
471 1391 498 1438 et
514 1384 578 1440 vitae
593 1385 739 1442 sinceritas
754 1387 834 1459 longe
849 1388 878 1442 in
893 1405 926 1444 eo
942 1388 1164 1461 magnificentior
1179 1389 1285 1447 extitit.
1304 1390 1372 1444 ltem
1390 1390 1576 1460 Alexandriae,
1591 1395 1678 1446 sancti
1694 1390 1819 1450 Clemen-

156 1476 196 1530 tis
207 1472 374 1545 presbytcri,
390 1472 437 1544 qui
453 1473 483 1527 in
500 1471 661 1530 divinarum
676 1475 865 1532 eruditionum
882 1478 986 1534 sobolis
1000 1495 1082 1551 quam
1101 1480 1222 1537 maxime
1237 1479 1340 1537 lloruit.
1357 1477 1453 1554 [Addit
1467 1480 1613 1537 Bouillart.
1626 1480 1654 1535 iu
1669 1486 1742 1537 netu
1758 1499 1764 1537 :
1787 1482 1819 1541 In

160 1578 234 1637 pago
247 1561 422 1626 bituricensi,
439 1562 526 1616 sancti
543 1562 643 1632 Syrani
656 1575 667 1600 ¹
682 1564 798 1622 abbatis.
815 1568 852 1622 Ει
864 1567 893 1621 in
906 1566 1028 1639 mereim
1044 1587 1050 1624 ;
1068 1569 1195 1626 Floriano
1210 1568 1388 1636 mainerio,
1404 1568 1548 1627 translatio
1563 1568 1730 1631 sanctissimi
1745 1584 1819 1629 cou-

159 1652 277 1713 sessoria
289 1650 392 1711 Christi
401 1651 545 1709 Benedicti
561 1651 692 1730 abbatis]

989 1783 1035 1838 AE.

190 1871 316 1930 Omnino
324 1870 388 1945 puri
407 1880 473 1929 suut
492 1872 650 1945 Toruaeen,
665 1875 795 1951 Aatmrp.
810 1886 838 1934 et
851 1780 1049 1948 Masi-(iiten,
1068 1878 1169 1936 drevan
1183 1887 1210 1936 et
1219 1878 1323 1937 Melan.

190 2029 203 2057 ¹
222 2019 324 2092 Syrani
340 2019 568 2076 commemoratio
584 2020 704 2149 aprima
725 2037 809 2077 manu
832 2023 891 2079 sine
905 2024 962 2080 ulla
977 2025 1000 2088 Β
1016 2022 1156 2079 bliotbeca
1170 2030 1198 2078 et
1212 2022 1338 2080 liabillio
1353 2023 1382 2078 in
1398 2023 1674 2085 ActisBenedictinls
1686 2023 1758 2097 juris
1768 2041 1818 2097 pu·

154 2091 250 2159 litura,
265 2090 362 2148 addita
379 2098 484 2161 tamen,
500 2091 546 2146 sed
563 2091 596 2149 ab
635 2092 745 2148 suardo.
761 2093 848 2150 Natus
863 2095 962 2152 estille

154 2162 280 2239 Syrenas
292 2170 341 2218 eut
355 2163 530 2237 Sigirannus.
545 2163 615 2237 Ejus
637 2171 711 2237 gesta
734 2165 859 2221 Labbeus
874 2167 901 2221 in
918 2167 963 2226 Bi-

1017 2095 1083 2152 blici
1100 2096 1233 2152 iecerunt.
1248 2095 1418 2153 Bouruuanr.

769 2290 972 2348 VARIANTES
991 2245 1198 2350 bucularius

189 2387 309 2446 Greven.
324 2384 424 2444 scribit
447 2386 570 2450 Meleeii;
599 2386 676 2460 pejus
705 2389 818 2457 Molem,
847 2392 956 2449 Metelli.

154 2460 228 2517 Dum
250 2457 470 2517 toletanensi
488 2458 591 2530 legitur
604 2461 751 2516 eruditione
767 2463 955 2532 prerogativa,

154 2540 223 2602 puto
238 2529 369 2597 indicari,
385 2530 543 2584 eruditionis
557 2533 885 2601 praerogativa,ceeternm
900 2551 957 2589 om-

153 2618 204 2658 nes
219 2602 330 2661 codices
346 2602 442 2673 legunt
457 2609 488 2657 ut
502 2611 544 2657 est
554 2601 582 2655 in
596 2603 811 2660 textuflreven.
821 2605 954 2661 etllolan.

154 2673 249 2745 legunt
271 2673 426 2756 spuaeritae.
448 2673 612 2738 Tornacen,
638 2675 737 2731 scolis:
762 2675 885 2750 plerique
908 2675 956 2731 alii

152 2744 275 2813 codices,
291 2762 349 2801 rma
364 2744 420 2801 iere
431 2760 537 2812 omnes,
547 2760 646 2815 purum
658 2753 765 2802 textum
781 2755 808 2802 et
819 2747 956 2828 integrum

152 2815 290 2885 referunt,
310 2815 357 2873 sed
374 2815 513 2872 Pretensis
529 2832 591 2871 cum
616 2817 674 2873 suis
697 2818 725 2875 iu
753 2817 808 2873 line
831 2818 954 2889 adjicit:

152 2887 187 2945 In
205 2904 276 2959 papo
297 2887 467 2954 Biturireusi,
483 2887 569 2943 sarna
594 2887 693 2944 Sraui
715 2889 827 2956 adlatis,
848 2889 902 2956 vel,
926 2896 957 2945 ut

154 2957 332 3017 castellanus
343 2957 432 3015 deseri
453 2957 594 3026 sitiendi
604 2905 753 3030 S'ipirunni.
765 2961 859 3018 Primo
874 2961 956 3016 mado

153 3028 289 3089 eumdem
314 3027 417 3090 babent
431 2975 643 3103 insinuate,
659 3031 806 3104 Rosweyd.
822 3038 850 3087 et
864 3032 957 3105 Aqui-

1012 2392 1096 2448 cinct.
1112 2393 1162 2448 Est
1181 2400 1311 2463 preterea
1327 2393 1355 2447 in
1373 2391 1506 2455 pratensi,
1521 2391 1555 2446 ad
1571 2392 1735 2462 marginem,
1752 2393 1816 2451 eer-

1012 2463 1114 2517 manica
1136 2463 1146 2532 Ι
1168 2480 1198 2518 ro
1213 2462 1349 2537 Floriano]
1361 2462 1531 2528 morrasteria,
1550 2464 1691 2518 translatio
1706 2464 1815 2520 sanctis·

1012 2535 1072 2591 sirru¹
1086 2481 1244 2603 contineris
1261 2535 1361 2592 Christi
1376 2534 1510 2593 Benedicti
1524 2533 1651 2589 abbatis:
1677 2534 1816 2592 Castellu-

1012 2622 1074 2673 nus,
1089 2605 1202 2662 brevius
1218 2624 1224 2663 ;
1242 2606 1373 2673 Floriani,
1387 2607 1511 2662 translat.
1528 2606 1555 2661 S.
1569 2605 1711 2662 Benedicti,
1721 2605 1815 2665 Codex

1012 2693 1078 2735 vero
1090 2677 1270 2743 listiniensis,
1281 2684 1340 2732 tote
1351 2683 1430 2734 textu
1446 2692 1498 2747 pur
1511 2675 1623 2744 seimus,
1640 2676 1669 2732 in
1682 2674 1737 2731 fine
1752 2675 1816 2736 sub·

1009 2747 1103 2820 jungit
1119 2748 1283 2816 Barbarum,
1299 2764 1380 2820 quem
1396 2754 1422 2803 et
1434 2747 1514 2802 mrrlti
1527 2745 1574 2803 alii
1587 2754 1634 2802 aut
1641 2745 1812 2819 adjecerunt,

1012 2827 1058 2875 aut
1076 2821 1264 2892 praeiixerunt,
1282 2818 1357 2876 utin
1373 2816 1612 2876 Aucmriisiusius
1623 2817 1811 2880 ostendemus.

1011 2890 1125 2947 Notabis
1139 2889 1187 2946 iric
1202 2889 1341 2960 pretatur
1366 2887 1513 2945 Barbarum
1533 2904 1548 2942 e
1574 2888 1698 2946 Romano
1714 2904 1811 2962 parvo,

1011 2962 1108 3043 Adone
1118 2970 1145 3018 et
1160 2959 1296 3027 Usuarda,
1312 2976 1369 3019 non
1383 2958 1437 3021 hoc
1451 2959 1506 3030 die,
1522 2956 1570 3019 sed
1584 2975 1635 3021 xvt
1651 2959 1813 3022 Decembris

1011 3042 1200 3106 consignatam
1215 3047 1283 3089 esse.

827 3155 1128 3213 OffiERVATlONES.

188 3249 247 3307 Eos
262 3248 313 3305 bos
327 3247 373 3308 die
392 3257 503 3308 sanctos
518 3251 546 3307 in
562 3252 695 3311 laterculo
718 3262 813 3311 nostro
836 3253 956 3314 celebrat

1009 3252 1149 3310 lieletium
1165 3251 1272 3319 laudes,
1294 3260 1349 3310 tam
1374 3252 1528 3323 preclaras,
1543 3251 1600 3309 imo
1617 3252 1732 3311 famaue
1747 3269 1812 3312 ma·-

151 3320 308 3390 Usuardus,
321 3337 389 3393 quoa
404 3322 476 3395 apud
493 3325 601 3380 nullum
617 3327 801 3399 antiquiorem
821 3334 954 3397 martyro·
1006 3323 1080 3395 joras
1096 3332 1217 3381 meretur
1231 3323 1401 3384 clarissimus
1423 3331 1450 3380 et
1472 3323 1669 3381 celeberrimus
1692 3325 1812 3398 scriptor

150 3393 247 3464 logum
264 3393 356 3465 patuit
379 3394 508 3464 reperire.
528 3396 682 3455 llorrranum
708 3414 822 3469 parvum
843 3398 953 3453 unicum
1010 3395 1137 3462 Clemens,
1147 3403 1329 3467 cognomento
1342 3395 1553 3462 Alexandrinus,
1565 3394 1705 3453 adocendi
1717 3396 1810 3468 potius

149 3463 224 3523 hane
237 3464 481 3522 annuntiationem
503 3475 631 3538 posuerat
645 3484 651 3521 :
672 3470 762 3525 Rornae
784 3467 954 3539 symphronii
1008 3482 1122 3523 munere
1136 3481 1217 3538 quam
1234 3465 1267 3521 ab
1278 3465 1386 3593 origine
1400 3473 1446 3522 ant
1457 3465 1614 3533 nativitate,
1625 3481 1688 3524 cum
1702 3466 1736 3525 de
1749 3467 1810 3539 ejus

148 3541 175 3590 et
189 3535 319 3606 Olympii,
342 3537 490 3607 Exsuperii
504 3545 527 3592 et
546 3539 680 3606 Tireedoli,
698 3539 740 3596 die
760 3557 788 3597 v1
815 3540 952 3595 Kalendas
968 3528 990 3587 C
1007 3537 1096 3609 patrie
1109 3536 1315 3595 intereruditos

148 3608 266 3678 emere
277 3624 432 3679 passorum,
447 3626 464 3664 a
479 3609 551 3666 beato
564 3611 644 3681 Xyslo
654 3611 697 3666 eiu
708 3612 805 3667 Latina
816 3629 846 3666 11.
861 3611 952 3666 Nonas

149 3677 515 3750 auctoramentum,
544 3682 631 3738 nanda
646 3700 737 3738 eorum
751 3682 833 3753 sectus
848 3682 902 3737 dies
915 3699 951 3737 ce·

152 3749 250 3805 lebricr
264 3750 364 3822 agitur.
379 3752 500 3822 Longior
514 3699 548 3808 air
561 3754 657 3810 Adone
668 3754 784 3812 historie
797 3754 903 3811 texitur
917 3768 952 3812 er

151 3820 331 3901 Actiemncti
347 3822 479 3894 Stephani
498 3839 582 3892 papae,
599 3841 695 3881 verum
716 3835 743 3883 et
765 3825 836 3897 apud
861 3826 951 3898 ipsum

151 3906 236 3947 unica
245 3903 325 3949 eaest
337 3895 575 3948 commemoratio.
590 3898 626 3950 At
637 3911 703 3951 vero
718 3913 780 3953 cum
796 3897 871 3953 illam
882 3913 952 3952 xxvr

149 3961 219 4021 iulii
230 3965 370 4022 retulisset
379 3963 532 4031 Usuardus,
544 3964 624 4035 plane
641 3982 710 4038 opus
724 3966 821 4023 babuit
833 3968 889 4023 alio
905 3984 953 4024 re-

148 4049 272 4103 currere,
287 4043 319 4092 ut
338 4035 405 4093 huic
427 4035 481 4092 diei
505 4044 614 4093 sanctos
639 4037 764 4110 proprios
790 4038 951 4108 assignaret.

148 4104 370 4177 Hieronymiana
391 4106 548 4178 apographa
573 4124 629 4164 non
654 4107 806 4177 consuluit,
831 4109 903 4180 lteda
925 4116 953 4168 et

148 4175 249 4234 riorus
268 4187 377 4245 vacant,
403 4179 532 4236 Rabenus
554 4179 641 4236 ferme
666 4179 751 4238 haeret
772 4181 801 4237 in
821 4180 949 4238 Barbara.

147 4247 244 4328 ltaque
258 4249 356 4307 solitos
366 4249 451 4306 duces
465 4249 512 4306 hic
526 4250 661 4320 imitatus,
679 4253 708 4310 in
724 4250 822 4309 Rufino
835 4253 876 4308 vel
893 4254 951 4308 Eu·

146 4317 226 4377 cebro
252 4318 334 4377 binos
355 4329 464 4378 sanctos
492 4338 519 4379 re
540 4324 604 4391 erit,
625 4340 694 4395 quos
710 4341 758 4396 pro
771 4340 821 4379 sua
835 4323 951 4381 arbitrio

146 4391 312 4447 recolendos
332 4400 497 4464 proponeret
519 4337 572 4450 iou
594 4393 649 4461 die,
666 4410 720 4466 quo
744 4395 858 4465 proinde
879 4402 951 4452 totus

146 4468 244 4521 textus
258 4478 323 4519 rere
351 4471 379 4520 et
399 4466 509 4536 proprie
530 4466 701 4523 Usuardinus
733 4473 783 4524 ast.
818 4465 952 4525 Metellum

146 4529 231 4589 Ponti
242 4533 401 4606 episcopum
417 4537 552 4607 suggessit
567 4536 759 4593 Eusebiuslib.
772 4553 892 4608 r11,cap.
905 4538 950 4607 29,

146 4601 197 4664 uhi
221 4612 333 4664 mucius
357 4606 408 4661 iste
423 4624 439 4662 a
455 4608 605 4680 multiplici
625 4608 804 4665 scientiarum
825 4609 950 4666 orrrnium

147 4681 251 4733 eruttu
274 4676 392 4733 mirifice
416 4679 573 4746 extollitur,
591 4680 665 4735 unde
688 4679 781 4736 brevis
804 4681 846 4736 sui
868 4681 911 4735 elo
930 4681 950 4736 ii

145 4753 236 4827 tutem
253 4749 395 4807 materiam
408 4749 548 4806 Usuardus
561 4752 677 4823 accepit,
694 4752 753 4823 ipsa
762 4752 855 4809 Rufini
868 4698 951 4809 verine

146 4816 319 4886 describens,
331 4827 362 4875 ut
374 4827 480 4878 textum
493 4832 618 4878 nostrum
635 4840 698 4880 cum
714 4825 797 4882 citato
814 4825 873 4880 loco
887 4841 950 4881 con·

145 4960 280 5020 ruvinii
300 4962 329 5019 iu
345 4963 480 5030 moribus,
496 4972 580 5022 tantae
596 4965 750 5033 dulcedini,
765 4974 794 5023 ul
806 4969 951 5025 mellaricus

144 5031 316 5092 crudelibus
330 5037 494 5092 naceretur?
519 5036 586 5107 quid
599 5037 733 5092 doctrinae
761 5054 823 5093 cum
839 5040 867 5093 in
880 5039 952 5098 omui

144 5103 446 5186 medulone-perfectus
459 5107 616 5165 asseratur?
639 5106 709 5164 Vide
735 5081 793 5165 iao
817 5111 911 5166 omnia
935 5128 951 5167 a

146 5171 330 5235 rittenonuo
344 5177 449 5235 Galliae
468 5178 585 5234 deducta
601 5186 677 5237 tamo
692 5179 753 5247 Vll,
769 5195 829 5250 pag.
845 5179 890 5248 ll,
920 5182 951 5241 ui

145 5250 225 5329 Ιοιῃο
239 5246 401 5330 immediate
431 5266 573 5331 regresso,
589 5266 649 5331 pag.
666 5248 730 5317 etl,
753 5250 879 5307 eumdem
897 5198 950 5309 lVe·

145 5315 388 5402 leuumnmdrcals
400 5267 435 5402 ab
448 5321 599 5379 Arrenitmr
615 5322 685 5389 labe,
712 5337 759 5402 per
781 5323 950 5403 calumniam

144 5388 948 5471 etePbrlostorgrornusla.Curteraoperosiuscollrgemus,

144 5456 217 5525 ditm
226 5475 287 5533 ⁰11⁸·
293 5460 364 5526 Acte
375 5471 457 5523 erunt
465 5463 641 5522 illustranda.

181 5529 274 5604 Quem
287 5549 395 5608 magne
407 5541 436 5597 et
445 5550 518 5597 vere
527 5546 593 5597 suut
605 5536 909 5610 congesteabliusebio
920 5539 949 5599 in

1344 3544 1458 3595 actenus
1469 3536 1648 3610 disceptetur,
1661 3553 1712 3597 uec
1724 3539 1811 3612 megia

1008 3616 1105 3667 notum
1122 3607 1159 3664 sit
1172 3625 1226 3680 quo
1243 3608 1304 3664 loco
1323 3618 1477 3666 extremum
1499 3608 1572 3666 diem
1596 3608 1707 3669 obierit.
1724 3609 1809 3669 Porro

1008 3677 1810 3754 desertissimadoctriua,librisqueaClementedevario

1008 3758 1171 3823 argumento
1185 3751 1356 3824 compositis,
1370 3767 1427 3809 non
1441 3754 1525 3810 semel
1541 3751 1811 3824 loquiturEusehiue

1009 3822 1137 3882 Historiae
1152 3839 1208 3880 sun
1221 3822 1270 3880 lib.
1289 3839 1328 3892 vs,
1341 3840 1392 3880 uec
1405 3823 1433 3877 in
1449 3839 1481 3877 eo
1498 3824 1592 3880 urultis
1609 3822 1698 3880 modis
1712 3824 1809 3896 predi·

1009 3895 1097 3954 cando
1112 3896 1249 3966 parciores
1270 3903 1334 3952 sunt
1357 3894 1463 3975 antiqui
1481 3895 1612 3953 Ecclesia
1627 3894 1722 3952 Patres
1734 3895 1810 3955 scri-

1008 3974 1155 4094 ptorespue
1164 3967 1223 4035 alii,
1237 3983 1271 4021 ex
1282 3965 1383 4038 quibus
1393 3966 1465 4023 Vllae
1475 3967 1573 4025 seriem
1586 3965 1708 4097 elirppent
1722 3967 1810 4048 ador-

1008 4038 1087 4095 navit
1125 4037 1296 4095 illemontius
1310 4045 1385 4095 tomo
1398 4037 1446 4102 ΙΙΙ,
1457 4054 1472 4092 a
1484 4054 1543 4109 pag.
1558 4038 1618 4097 let.
1655 4046 1809 4099 eceutrores

1008 4108 1091 4167 multi
1107 4108 1135 4165 in
1151 4109 1274 4166 eamdem
1287 4123 1343 4167 rem
1355 4123 1465 4178 operam
1479 4110 1809 4177 contulerunt‚suote1n·

1008 4196 1074 4251 pore
1084 4196 1098 4235 a
1109 4180 1189 4235 nobis
1199 4178 1371 4245 consulendi,
1385 4180 1536 4251 prasertim
1547 4179 1744 4253 bibliograpbi.
1759 4197 1808 4242 seu

1008 4250 1055 4322 qui
1071 4248 1104 4306 de
1120 4249 1301 4322 scriptoribus
1320 4247 1513 4306 ecclesiasticis
1537 4264 1571 4307 ex
1595 4251 1717 4320 professo
1741 4268 1809 4324 ege·

1008 4328 1083 4387 runt,
1111 4337 1228 4393 quorum
1253 4319 1299 4381 bic
1319 4318 1432 4377 nornine
1453 4319 1554 4376 reterre
1576 4335 1664 4391 opere
1705 4323 1807 4381 retium

1007 4408 1063 4449 non
1077 4399 1127 4450 est.
1144 4392 1203 4449 lam
1218 4391 1343 4447 diximus
1357 4406 1373 4449 e
1388 4389 1465 4446 nullo
1479 4389 1666 4462 martyrologo
1681 4337 1807 4452 &suardo

1007 4463 1162 4534 antiquiore
1177 4471 1224 4519 ant
1234 4461 1332 4534 aequali
1344 4461 1494 4520 Clementis
1502 4477 1603 4518 nomen
1614 4462 1806 4533 consignatum

1008 4534 1103 4604 luisse,
1121 4541 1151 4590 ut
1166 4537 1246 4615 plane
1260 4533 1311 4590 soli
1326 4532 1524 4605 Nostraeque
1538 4548 1569 4591 ec
1584 4531 1806 4602 deretinquere·

1007 4614 1072 4734 ptus
1084 4606 1179 4661 referri
1195 4605 1301 4664 debeat.
1314 4604 1374 4661 Non
1389 4604 1454 4662 satis
1466 4603 1601 4686 perspicio
1611 4621 1666 4678 quo
1676 4606 1807 4678 scrupulo

1027 4678 1071 4736 uei
1086 4678 1226 4749 potuerint
1238 4677 1352 4736 Rorrrani
1364 4676 1513 4748 blartyrelo
1533 4676 1552 4734 ri
1564 4677 1766 4747 reformatores,
1776 4684 1807 4737 ut

1008 4757 1062 4804 tam
1080 4750 1216 4805 illustrem
1241 4750 1331 4804 virum
1353 4763 1388 4802 ex
1409 4748 1493 4803 sacris
1508 4694 1622 4807 ianuile
1636 4757 1807 4822 expunctum

1008 4822 1121 4882 vellent.
1138 4822 1209 4879 Vide
1226 4820 1430 4879 llenscbenium
1446 4829 1522 4879 teum
1532 4820 1570 4879 Vl
1579 4821 1654 4892 Maii,
1666 4838 1726 4894 pag.
1743 4821 1804 4886 777,

146 4887 247 4946 serenti
274 4891 422 4948 manifeste
441 4893 556 4964 patebit.
573 4893 646 4960 Quid
668 4894 732 4952 addi
756 4904 845 4969 potest
868 4904 951 4954 tantae
966 4891 990 4948 D
1007 4892 1062 4951 lin.
1076 4894 1104 4950 F.
1117 4894 1166 4949 Est
1176 4893 1223 4966 qui
1234 4901 1312 4966 putat
1321 4910 1353 4949 ee
1362 4892 1510 4952 Barouiuur
1520 4892 1698 4951 absterritum
1711 4891 1804 4959 luisse,

1007 4965 1081 5037 qnod
1094 4965 1245 5023 Clementis
1257 4981 1339 5036 opera
1355 4965 1426 5021 iuer
1441 4964 1599 5037 apocrypha
1611 4981 1627 5019 a
1640 4961 1749 5019 Gelasio
1766 4975 1805 5040 re·

1007 5036 1061 5093 lata
1076 5038 1141 5092 sint.
1159 5038 1221 5094 llaec
1235 5045 1302 5093 satis
1316 5052 1365 5108 pre
1381 5035 1511 5095 instituto
1529 5041 1634 5093 nostra.
1651 5031 1724 5102 Quid
1736 5031 1805 5093 velit

1007 5106 1197 5168 Wandalberti
1214 5108 1367 5167 versiculus
1384 5124 1390 5166 :

1052 5213 1120 5261 Tum
1134 5215 1216 5276 pridie
1232 5229 1289 5262 cum
1307 5212 1419 5262 Victoria
1438 5209 1569 5273 praecellet
1583 5207 1735 5268 Heracleus,

1006 5340 1117 5409 prorsus
1132 5339 1188 5381 non
1202 5323 1291 5382 intelli
1312 5341 1338 5388 a,
1348 5331 1375 5377 at
1392 5330 1465 5379 certe
1476 5319 1542 5376 binc
1554 5318 1639 5390 magis
1652 5317 1804 5379 confirmor

1005 5414 1034 5456 m
1051 5395 1181 5468 opinione
1196 5396 1270 5465 quod
1285 5341 1425 5450 lisuardus
1441 5391 1671 5471 wandalbertum
1687 5400 1799 5452 secutus

1005 5485 1060 5530 nan
1078 5467 1125 5533 sit,
1138 5466 1184 5538 qui
1198 5465 1251 5524 hoc
1264 5465 1310 5525 die
1319 5463 1432 5523 aliunde
1440 5469 1550 5520 sanctas
1562 5462 1616 5523 sibi
1630 5463 1802 5535 conquiren-

1004 5540 1053 5596 dos
1070 5536 1217 5611 putaverit.

884 5664 1076 5727 lucrante.

127 5768 143 5779 ··
155 5730 363 5883 ahmins
374 5753 437 5828 eiu
451 5757 609 5830 sumentis
621 5758 729 5830 egimus
743 5774 827 5831 supra
842 5759 871 5818 in
887 5760 947 5820 Va-

1037 5760 1198 5827 dennuni,
1221 5758 1388 5832 purissimus
1406 5756 1436 5815 in
1450 5763 1541 5820 textu.
1557 5756 1612 5816 buc
1624 5765 1729 5829 partem
1746 5770 1803 5835 au·-

1005 5830 1189 5889 nuntiationis
1203 5830 1320 5889 retrahit
1333 5847 1369 5887 ax
1380 5846 1429 5886 xvi
1437 5828 1602 5886 Decembris.
1621 5853 1631 5876 ‹
1645 5828 1677 5883 ln
1691 5827 1802 5893 Tuscia,
