3834 6136
623 166 939 232 Manatuomdttttt.
958 201 995 214 -
1015 171 1119 231 MENS.
1140 173 1205 230 MAl

75 167 139 245 mi
1685 184 1756 247 1021·

73 313 135 370 quaa
147 291 298 352 Nostarad
311 291 427 374 verbum
444 293 646 366 transsumpsit.
663 293 759 352 Utrum
772 297 879 355 Notke-
894 306 919 363 Λ
935 314 1031 370 parvo,
1048 299 1078 353 in
1093 299 1189 357 Adone
1204 308 1231 356 et
1256 308 1351 359 nostro
1373 312 1454 375 atque
1469 304 1552 361 etiam
1571 306 1600 362 in
1613 307 1736 368 Notliero

73 366 205 425 russatis
226 371 290 437 apte
312 363 369 446 alia
389 365 550 447 attexuerit
568 381 628 421 cum
647 366 727 436 longa
742 367 880 436 Arignsti-
936 370 1116 442 exprimitur.
1141 369 1191 427 Sed
1210 372 1340 444 postremi
1358 389 1421 429 cuin
1442 384 1528 431 matre
1549 376 1736 451 Sympliorosa

72 441 164 497 nianae
176 437 304 507 epistola
320 437 429 518 lactum,
442 435 512 517 nibil
524 435 560 519 ¹aii
577 453 619 518 me
633 438 731 494 attinet
741 439 877 511 judicare.
936 446 1069 498 coluntur
1080 459 1170 498 xxviii
1181 444 1258 509 Julii,
1270 453 1298 500 ut
1315 443 1353 499 ilii
1365 461 1398 500 ex
1412 445 1472 517 ipso
1483 447 1605 504 Usuardi
1616 454 1735 510 ostendi·

71 509 175 580 Quanti
194 516 328 566 momenti
345 517 402 563 sint
416 507 561 563 Maximini
578 508 648 566 Vite
663 513 772 567 sanatis
787 531 838 569 viii
853 521 879 570 et
935 522 996 570 tur:
1018 515 1069 569 nisi
1083 514 1132 569 lilii
1149 516 1205 572 sint
1217 526 1317 573 sancta
1332 517 1492 587 Felicitatis,
1506 537 1522 574 x
1537 520 1616 588 lulii,
1628 524 1671 578 vel
1684 526 1735 581 lra-

71 602 97 641 ui
114 581 291 655 caiiipositae,
314 579 395 635 docet
421 579 611 636 lleuscbeuius
632 581 661 636 in
685 583 879 642 dissertatione
935 593 990 641 trus
1005 587 1127 712 prinam
1144 587 1202 643 alii.
1217 589 1324 644 videsis
1340 600 1414 645 tomo
1430 590 1463 656 V,
1481 609 1487 645 i
1505 591 1580 658 Maii,
1595 609 1653 664 pag.
1671 595 1733 666 237,

71 655 187 728 praesia.
207 652 323 710 Veriora
340 667 374 707 ex
398 650 515 707 historia
529 653 714 710 ecclesiastica
733 657 880 729 repetenda
935 658 988 711 litt.
1045 666 1071 713 et
1088 660 1116 713 F.
1135 660 1201 714 Acta
1223 661 1348 716 liestitiiti
1369 664 1487 730 praeitor
1503 665 1584 733 piane
1597 668 1695 735 sarpta
1711 674 1735 722 et

70 735 135 783 sunt
150 724 227 799 apud
243 724 394 781 baronium
410 723 544 804 aliosque,
555 723 589 805 ile
603 725 703 797 quibus
716 729 779 784 vide
795 729 877 785 Tille·
933 730 984 807 fide
999 730 1157 801 dipni'ssiinn
1170 731 1289 788 credidit
1301 733 1500 803 Menscbenius,
1512 734 1658 793 fauorabili
1669 754 1734 796 sane

70 798 212 855 montium
225 805 303 854 tomo
318 795 392 861 Vlll,
408 811 493 850 variis
509 797 585 852 locis.
605 797 678 853 Audi
700 800 877 856 Wandalber·
929 801 1052 870 iudicio;
1077 802 1124 857 sed
1146 804 1189 858 cui
1215 821 1286 875 aegre
1309 805 1484 877 acquiescent
1498 805 1545 880 qui
1563 808 1733 867 notationem

68 877 145 938 tum,
158 868 251 943 quide
263 869 325 951 solo
338 866 494 923 Maximino
508 867 582 925 hunc
596 870 710 927 unicum
722 870 806 929 bodie
817 888 875 928 ier·
932 873 1101 929 Tillemintii
1121 874 1303 944 expenderint
1325 886 1400 933 trimo
1417 878 1450 945 V,
1468 895 1527 950 pag.
1544 878 1605 934 634.
1628 879 1734 937 Utrius-

70 942 194 999 siculum
212 948 310 1013 panxit
322 957 329 997 t
930 960 983 1024 qne
1000 945 1084 1016 partis
1096 954 1257 1017 arguitienta
1268 965 1310 1003 cn.
1320 947 1378 1005 ioso
1392 950 1486 1004 lectori
1498 951 1682 1009 examinanda
1694 969 1733 1009 re·

929 1016 1092 1087 linquimus.
1118 1018 1232 1075 interim
1251 1036 1345 1076 verum
1374 1029 1475 1088 manet,
1501 1021 1573 1096 quod
1595 1025 1683 1095 princi
1705 1023 1732 1082 io

929 1086 1064 1158 dicebam,
1085 1096 1193 1144 textum
1218 1100 1341 1147 nostrum
1360 1094 1536 1149 Adouianuin
1553 1110 1621 1164 esse,
1644 1111 1672 1152 se
1704 1100 1732 1153 et

102 1158 239 1226 destituti,
263 1173 295 1214 ac
318 1156 384 1214 dein
405 1163 500 1230 septem
523 1157 718 1215 Germanorum
741 1159 875 1217 memoria
929 1175 1064 1217 versasse
1085 1161 1201 1219 Usuardi
1215 1163 1332 1222 minime
1349 1164 1544 1223 dubitandum.

69 1231 165 1287 iisdem
181 1229 270 1288 ferme
287 1227 379 1285 verbis
399 1229 430 1284 in
448 1229 686 1303 Hieronymiauis,
704 1232 732 1287 iii
747 1234 872 1292 Romano

812 1356 1002 1418 AUCTARIA.

103 1454 257 1513 lixnmrxx.
278 1453 367 1511 textui
382 1451 531 1525 purissimo
546 1452 619 1513 banc
632 1456 872 1513 annuntiationem
964 1454 1401 1515 Misere.-Cxurns.·Uarniiscr.
1420 1484 1430 1506 ι
1445 1458 1591 1518 Maximini
1605 1463 1731 1537 episcopt

70 1527 121 1583 sibi
140 1528 284 1608 propriam
301 1524 420 1597 praetigit
437 1543 443 1581 :
468 1551 477 1572 ι
492 1525 648 1583 Translatio
662 1527 785 1600 corporis
800 1528 873 1584 beati
928 1527 1114 1583 Treverensis.
1134 1527 1261 1594 Sisimiii,
1278 1530 1402 1600 Martyrii
1420 1540 1447 1585 et
1459 1535 1611 1590 Alexandri
1627 1545 1729 1608 marty·

71 1598 192 1670 Remigii
208 1599 373 1654 Francorum
389 1595 517 1668 apostoli,
532 1597 566 1653 ab
580 1613 614 1654 eu
630 1600 689 1655 loco
706 1601 734 1654 in
749 1615 803 1672 quo
818 1615 873 1655 an-
928 1615 1000 1653 rum.
1019 1599 1109 1653 Romae
1123 1608 1227 1669 septem
1243 1615 1433 1669 germanorum
1450 1612 1614 1674 martyrum.
1631 1629 1640 1652 ·

69 1679 112 1726 tea
132 1670 259 1742 jacuerat
282 1669 310 1724 in
333 1668 429 1724 eadem
444 1668 567 1726 ecclesia.
584 1693 594 1720 ι
615 1671 655 1726 De
669 1685 701 1727 ea
712 1670 783 1726 nibil
800 1670 872 1742 apud
965 1670 1074 1725 Eoirio.
1094 1669 1291 1726 bonaco-Coi..
1308 1672 1336 1725 iu
1353 1671 1465 1728 Conone
1481 1674 1587 1731 modire
1602 1677 1730 1748 interpo-

72 1741 149 1797 alios.
929 1740 1000 1808 lata,
1023 1740 1063 1795 sic
1083 1741 1280 1812 prosequitur:
1310 1743 1414 1814 «Apud
1431 1744 1593 1801 Tridentum
1611 1747 1727 1817 urbem,

102 1813 267 1870 Toronaicum.
290 1819 395 1870 resecat
410 1811 529 1884 elogium
546 1811 684 1883 Cononis,
703 1820 784 1887 atque
804 1814 872 1871 item
889 1781 1086 1869 Bsanctornm
1101 1811 1216 1867 Sisinnii
1231 1813 1351 1882 diaconi,
1368 1815 1503 1885 Martyrii,
1515 1817 1574 1888 qui,
1587 1826 1616 1873 ut
1631 1819 1730 1876 scribit

68 1893 222 1957 martyrum
242 1884 475 1942 Anauuiensium.
492 1883 596 1942 Caetera
612 1902 706 1958 purus.
928 1883 1024 1939 beatus
1038 1882 1186 1951 Paulinus,
1201 1883 1235 1939 de
1252 1885 1423 1957 Cappadocia
1438 1896 1574 1942 venerunt
1594 1889 1728 1947 Mediola-

99 1957 261 2014 Puisxitim.
288 1956 407 2028 elogium
425 1956 548 2012 Cononis
565 1958 646 2014 etiam
671 1956 815 2015 rescindit.
841 1959 872 2015 ln
926 1955 1259 2022 num,ubicunisaucto
1275 1956 1658 2029 Ambrosioperaliquatem
1699 1975 1729 2017 ra

67 2027 189 2085 Sisinnio
203 2038 233 2085 et
247 2028 331 2085 sociis
345 2030 412 2085 satis
429 2043 512 2108 purus
524 2036 574 2084 est.
598 2029 686 2085 Turn:
710 2029 870 2096 ‹Treveris
928 2028 1027 2082 morati
1051 2035 1125 2084 sunt.
1150 2027 1259 2083 Abiude
1283 2036 1421 2085 uenerunt
1443 2029 1618 2098 Tridentum,
1643 1978 1697 2086 uffi)
1712 2047 1729 2088 a

66 2099 133 2157 beati
150 2100 302 2157 Maximini
318 2101 440 2178 episcopi
455 2107 482 2155 et
501 2099 675 2158 confessoris.
692 2126 702 2148 ι
726 2100 817 2174 Atque
832 2100 872 2157 ibi
926 2106 1021 2156 sancto
1037 2098 1142 2171 Vigilio
1156 2099 1285 2172 episcopo
1304 2110 1444 2172 gratanter
1459 2103 1559 2174 recepti
1582 2111 1662 2170 sunt,
1679 2100 1728 2176 qui

131 1057 286 1122 Maximine,
305 1056 351 1105 tibi
367 1064 459 1118 qnarto
471 1054 564 1106 Treuir
579 1058 631 1107 alta
648 1066 776 1109 coruscat.

67 2173 137 2228 sistit
149 2173 265 2228 omissis
281 2174 407 2244 reliquis.

98 2245 353 2309 Muenna-Max,
368 2243 482 2310 Lunsc,
497 2243 651 2300 Lovxuisri.
666 2251 693 2299 et
710 2243 870 2301 Aiaaiinsn.

65 2315 202 2372 deliciunt
211 2316 348 2372 duntaxat
358 2316 388 2371 iu
397 2314 487 2386 elogio
497 2312 628 2373 Cononis.
638 2317 698 2384 Quo
707 2316 789 2373 etiam
802 2315 872 2372 titio

65 2388 175 2444 laborat
191 2387 288 2444 Burin.

98 2460 254 2517 Cauruxnn
280 2461 417 2528 ullamne,
430 2459 475 2515 via
485 2459 610 2527 Aurelia,
622 2460 711 2515 natale
722 2459 810 2515 sancti
822 2462 870 2517 lia·

64 2531 171 2587 stituti.
197 2532 252 2586 Via
274 2531 429 2599 Tiburtina,
452 2539 555 2603 septem
580 2533 707 2587 fratrum.
733 2530 869 2601 Treveris,

65 2603 141 2659 beati
156 2602 307 2658 Maximini
323 2604 441 2676 episcopi
458 2611 485 2659 et
499 2602 673 2669 confessoris,
689 2619 702 2657 a
718 2604 868 2674 qnoAtlia·

64 2676 167 2730 nasius
183 2674 387 2731 Alexandrinus
401 2675 526 2742 antistes,
543 2675 674 2730 Arrianus
687 2674 807 2754 fugiens,
823 2674 870 2730 bo·

63 2745 186 2801 norilice
201 2753 243 2801 est
258 2755 409 2819 susceptus.
432 2747 499 2801 ltern
519 2745 607 2818 passio
623 2745 744 2804 Cononis
761 2756 871 2818 marty-

65 2819 105 2873 ris
126 2827 155 2873 et
181 2816 232 2872 filii
257 2816 325 2889 rjus.
352 2818 455 2874 Eodem
477 2817 533 2885 die,
556 2825 715 2874 sauctorum
740 2817 869 2887 sisinnii,

65 2888 195 2962 Martyrii
211 2896 237 2945 et
252 2889 405 2946 Alexandri
421 2897 586 3016 martprum.
603 2915 612 2938 ι

101 2959 285 3017 Bnuxuiuxx.
310 2977 368 3017 non
392 2961 472 3017 aliter
504 2977 579 3017 orme
601 2967 726 3017 atextus
750 2960 870 3031 puritate

64 3031 269 3113 dillert,·quod
290 3033 318 3088 iii
342 3048 374 3088 eu
395 3032 489 3090 codice
514 3048 607 3089 rarum
632 3032 760 3101 latemur,
786 3048 868 3106 quam

62 3112 311 3160 annuntiationum
327 3103 550 3177 transpositione.

100 3175 282 3233 Hacsxoxiin.
295 3175 416 3234 Cottonis
425 3176 545 3249 elogium
556 3191 590 3232 eii
599 3176 720 3245 llabano,
732 3176 759 3231 ni
772 3176 862 3246 fallor,

62 3248 214 3319 amplificat
236 3248 290 3304 hoc
316 3247 407 3304 modo.
439 3274 447 3297 ι
473 3248 552 3321 Apud
576 3249 702 3305 leonium
722 3248 862 3304 civitatem

62 3320 186 3388 isauria,
203 3320 292 3392 passio
309 3321 397 3376 sancti
415 3319 538 3377 Curionis
552 3328 579 3375 et
592 3319 643 3375 lilii
659 3321 728 3406 epus.
746 3320 805 3386 llic,
822 3320 862 3375 di-

62 3394 148 3446 missa
162 3408 259 3458 uxore,
275 3391 366 3448 lactus
379 3400 420 3448 est
436 3392 644 3447 heremitarum
663 3392 721 3448 lilio
736 3408 796 3447 suo.
813 3391 864 3448 Mic

62 3461 144 3519 Cuno
160 3462 295 3531 fluvium,
311 3464 357 3520 ubi
375 3463 500 3520 immines
515 3474 631 3521 transire
646 3479 702 3519 nou
718 3470 862 3535 poterant,

61 3533 131 3590 alibi
147 3534 231 3590 duero
247 3535 386 3608 praecepit,
407 3544 434 3591 et
456 3536 496 3592 sic
514 3535 680 3592 factumest.
705 3534 752 3590 lsti
772 3541 864 3605 postea

62 3605 145 3672 tenti,
164 3607 252 3677 primo
271 3615 463 3663 sustinuerunt
477 3607 567 3664 oleum
586 3606 714 3674 bulliens,
731 3606 864 3662 carbones

61 3677 179 3749 ignitos,
194 3679 368 3746 craticulam,
383 3677 559 3751 sartaginem,
575 3678 783 3748 suspensionem
800 3693 864 3733 cum

60 3749 256 3820 suppositione
270 3749 355 3822 ignis,
374 3767 503 3807 manuum
529 3767 577 3823 per
593 3752 724 3806 malleum
741 3751 863 3820 lignenm

59 3819 281 3888 contritionem,
297 3822 343 3878 sed
357 3823 384 3878 iu
397 3823 432 3879 iis
442 3823 571 3878 omuibus
588 3831 721 3893 martyres
734 3822 782 3876 Dei
799 3828 864 3878 sunt

61 3891 160 3959 illaesi,
180 3899 209 3947 et
228 3891 385 3963 aspicientes
399 3894 428 3950 in
444 3896 556 3962 coelum,
576 3903 739 3966 orantesque
757 3893 864 3964 migra-

62 3970 166 4019 verunt
181 3962 216 4018 ad
232 3963 388 4022 Dominum.
405 3992 415 4015 ι
432 3966 543 4023 Omittit
556 3966 746 4022 Anaunienses
760 3973 863 4039 marty·

63 4050 116 4103 res,
130 4035 166 4090 de
180 4044 282 4092 catere
298 4036 379 4094 lerme
398 4055 493 4110 purus.

96 4110 262 4169 Acuicm'cr.
286 4125 336 4182 pro
348 4110 491 4180 Andania,
511 4108 593 4168 habet
612 4109 718 4170 Aonia.

67 4254 100 4313 ill
119 4258 180 4315 Kal.

926 2187 973 2226 eos
989 2179 1049 2242 post
1073 2172 1107 2226 ali
1132 2181 1179 2226 uot
1193 2171 1252 2227 dies
1266 2172 1362 2244 dirigit
1382 2174 1408 2228 in
1430 2174 1535 2242 vicum,
1581 2174 1608 2229 ui
1624 2175 1728 2231 dicitur

926 2243 1017 2311 Medo,
1027 2251 1056 2322 ut
1066 2253 1093 2298 et
1110 2188 1146 2297 flii
1158 2245 1325 2300 annuntient
1339 2245 1466 2316 gentibus
1477 2245 1558 2302 iidem
1594 2247 1725 2315 rinitatis,

926 2322 952 2369 et
965 2331 1027 2369 cuin
1041 2331 1098 2385 Jain
1114 2316 1216 2370 multos
1227 2316 1328 2372 ibidem
1340 2318 1552 2383 redimissent,
1564 2318 1598 2374 ab
1608 2318 1726 2374 infideli·

926 2386 1497 2457 busviriscomprebeuduntur,ceduntur,
1508 2391 1724 2461 suspenduntur,

926 2462 1119 2526 vulnerantur,
1140 2465 1167 2512 et
1183 2459 1301 2514 diversis
1317 2460 1405 2532 pinnis
1419 2462 1594 2524 cruciantur:
1612 2462 1645 2517 ad
1662 2464 1727 2518 ulti·

926 2546 1002 2584 mum
1029 2529 1085 2601 igni
1111 2530 1217 2597 traditi,
1245 2539 1310 2586 sunt
1329 2533 1456 2605 martyrii
1472 2549 1601 2588 coronam
1621 2533 1671 2589 ade
1691 2534 1724 2591 ti.

925 2601 991 2655 Erat
1007 2609 1097 2680 autem
1116 2601 1269 2657 Dominicaa
1294 2605 1427 2673 passionis
1448 2603 1523 2670 dies,
1540 2614 1566 2660 et
1590 2603 1652 2660 ideo
1667 2551 1726 2661 lgn-

924 2672 995 2726 mini
1014 2673 1145 2727 miracula
1167 2689 1222 2727 non
1244 2674 1401 2730 detueiunt.
1428 2675 1559 2746 Reliquiae
1578 2692 1644 2731 vero
1664 2694 1725 2732 sau·

924 2751 1042 2810 clornm,
1059 2759 1106 2815 per
1116 2750 1242 2798 sani-tum
1258 2745 1387 2800 autistem
1400 2746 1546 2816 Vigiliuni,
1560 2747 1592 2801 ad
1608 2745 1725 2802 Triden-

924 2823 984 2871 tum
1014 2816 1109 2871 urbem
1134 2816 1284 2883 deportata
1311 2825 1385 2872 sunt.
1414 2818 1550 2882 Treveris,
1582 2819 1725 2874 translatio

924 2887 1048 2958 corporis
1063 2885 1134 2942 beati
1150 2887 1295 2942 Maximini
1311 2888 1431 2961 episcopi
1451 2897 1479 2946 et
1500 2887 1674 2958 cordosensis,
1691 2889 1725 2946 de

924 2958 1074 3086 Aquitania
1101 2956 1128 3012 in
1154 2959 1329 3015 Treverim.»
1361 2961 1522 3033 Sequitur«
1546 2961 1687 3030 destituti,
1707 2984 1717 3009 ι

923 3046 951 3086 se
985 3030 1061 3086 deest
1075 3024 1253 3088 annuntiatio
1268 3032 1377 3087 ultima.

959 3102 1085 3157 Gnuvnx.
1104 3127 1113 3147 ·
1131 3103 1210 3170 Nota,
1227 3103 1280 3159 hoc
1291 3103 1336 3158 dia
1350 3104 1497 3161 translatus
1507 3113 1547 3160 est
1558 3103 1654 3162 beatus
1668 3105 1723 3162 Ma·

881 3157 903 3218 G
919 3173 1044 3230 xiiiiimis
1060 3174 1094 3229 de
1110 3175 1260 3245 Aquitania
1286 3176 1448 3244 Treverim,
1473 3176 1561 3248 pridie
1578 3192 1643 3233 vero
1658 3176 1723 3235 ldtts

919 3246 1089 3316 Septembris
1112 3245 1170 3300 dies
1194 3255 1235 3300 est
1260 3245 1443 3317 depositionis
1466 3247 1536 3318 ejus.
1563 3271 1572 3293 »
1598 3247 1666 3303 Vide
1693 3249 1723 3304 in

919 3318 995 3373 Actis
1010 3316 1246 3375 Corunieutarimn
1264 3318 1396 3387 pravium
1413 3335 1490 3373 unm.
1507 3319 1534 3373 5.
1553 3342 1561 3363 ι
1577 3319 1644 3373 ltem
1660 3335 1721 3373 san·

917 3398 1026 3444 ntorum
1042 3388 1186 3455 Pollionis,
1209 3389 1339 3459 Crispoli,
1360 3388 1460 3443 Cirilli.
1485 3414 1495 3436 ι
1517 3387 1562 3443 Sic
1578 3389 1721 3458 Numidia,

918 3461 1040 3518 Caesarea
1069 3459 1247 3530 Cappadocia
1273 3466 1300 3512 et
1327 3459 1475 3514 Antiochia
1500 3457 1720 3529 conjurguntur.

926 3557 934 3579 ι
949 3534 979 3586 ln
997 3530 1100 3597 Aliica,
1117 3529 1219 3584 natalis
1233 3539 1391 3586 sanctorum
1408 3528 1504 3598 Primi,
1516 3529 1648 3598 Accidiae,
1661 3532 1722 3585 l’as·

917 3603 1029 3660 simomi
1041 3611 1068 3657 et
1081 3602 1198 3657 aliorum
1211 3618 1306 3657 iixniii.
1325 3627 1334 3649 »
1350 3602 1380 3657 ln
1393 3601 1469 3657 Actis
1480 3602 1538 3656 bac
1549 3601 1720 3660 distinctius.

926 3701 934 3723 ι
952 3676 982 3730 ln
1000 3674 1139 3741 Mechleiu,
1152 3673 1294 3731 Suicberti
1307 3673 1426 3747 episcopi
1438 3682 1465 3730 et
1480 3679 1620 3746 martyris.
1633 3699 1641 3722 ·
1652 3674 1722 3732 Vide

919 3747 1130 3804 Preteriiiissos.

954 3820 1062 3875 Morsu.
1078 3821 1109 3874 lii
1122 3816 1295 3874 editionibus
1316 3817 1432 3886 ultimis,
1448 3820 1482 3876 de
1496 3818 1723 3878 Anauniensibtts

919 3891 1097 3964 martyribus,
1110 3889 1211 3961 inipso
1223 3897 1300 3946 textu
1316 3889 1452 3961 interjicit
1462 3892 1584 3960 cursile,
1598 3901 1658 3963 post
1670 3895 1723 3947 Eo·

918 3964 976 4018 dein
990 3963 1042 4031 die,
1064 3962 1135 4018 hanc
1150 3977 1257 4031 vocem,
1278 3963 1438 4031 Mediolani,
1453 3971 1505 4018 etc.
1530 3963 1561 4018 In
1574 3962 1629 4018 line
1648 3962 1723 4034 typis

919 4034 1101 4091 minusculis:
1121 4058 1129 4081 ι
1144 4034 1267 4100 Quorum
1286 4037 1453 4107 martyrium
1463 4035 1632 4108 exprimitur
1641 4049 1723 4091 xxvii

918 4106 1005 4162 lunii.
1021 4133 1031 4155 ι
1053 4107 1109 4165 Cur
1123 4122 1179 4161 uon
1194 4121 1268 4163 xiiii
1282 4107 1376 4162 tutttt

1610 4257 1661 4314 Die
1679 4253 1724 4318 30.

100 4349 193 4404 Roma
206 4349 254 4407 ria
267 4351 393 4421 Aurelia,
413 4351 513 4409 natalis
529 4351 602 4409 beati
624 4349 727 4408 Feliois
748 4365 835 4422 pape,
854 4349 900 4422 qui
919 4363 981 4405 cum
998 4348 1079 4404 annis
1094 4346 1217 4421 quinque
1233 4347 1349 4404 rexisset
1363 4344 1524 4415 Ecclesiam,
1542 4347 1594 4404 sub
1608 4347 1724 4405 Claudio

66 4435 190 4510 principe
211 4440 346 4512 martyrio
365 4450 512 4498 coronatus
527 4450 578 4499 est.
605 4439 741 4498 Turribus
759 4438 906 4510 Sardinia,
932 4447 1091 4495 sauctorum
1112 4448 1265 4510 martyrum
1285 4437 1386 4493 Gabini
1400 4447 1427 4492 et
1442 4436 1571 4509 Crispoli.
1591 4437 1653 4509 Ipso
1667 4436 1722 4507 die,

68 4529 150 4583 tincti
165 4528 298 4588 llucbeiti
315 4532 436 4607 episcopi
452 4542 479 4591 et
492 4534 669 4595 confessoris.

830 4627 947 4688 NOTAE.

98 4722 141 4786 Sic
154 4727 259 4788 habent
273 4730 397 4802 Prolem,
411 4729 559 4804 Herini'eri,
575 4734 731 4801 Terrorem,
747 4731 904 4797 Falacrem,
917 4723 1066 4798 llosioeyd,
1079 4717 1578 4795 datam-Mai,Manmot.,dreaeit.
1587 4719 1713 4783 etMolnit

678 4865 879 4927 vaninitatis
898 4860 1104 4921 LECTlONES.

81 4969 150 5050 'Pro
164 4969 280 5027 Claudio
294 4970 423 5053 principe,
439 4970 585 5030 substituit
599 4971 747 5045 Rosweyd.
760 4972 862 5051 Diocle·
877 4973 900 5030 D
916 4967 977 5048 Ado
993 4966 1074 5046 aliter
1090 4961 1265 5035 scripserint.
1288 4959 1368 5016 Solus
1383 4959 1531 5040 Pulsanen.
1548 4959 1618 5013 male
1632 4954 1725 5037 posuit
1814 5027 1816 5032 Ι

69 5045 159 5097 traam:
180 5043 404 5126 Autuerp.·MaJt
430 5045 459 5101 iu
481 5045 537 5101 alio
559 5053 642 5108 errat,
665 5045 737 5117 quil
752 5051 864 5099 omittat
918 5042 1045 5108 scripuli.
1068 5038 1128 5092 Non
1145 5043 1185 5090 est
1210 5050 1300 5104 operia
1321 5040 1438 5103 pretium
1462 5032 1578 5084 aliorum
1596 5029 1724 5083 codicum

67 5115 187 5185 principe.
214 5115 286 5194 bego
303 5116 412 5181 daldae,
436 5133 500 5174 cum
516 5117 681 5181 lleriniensi
699 5116 862 5182 Tainaron,

70 5186 325 5268 Antuerp.-MaJore,
337 5188 455 5246 Greien.
469 5197 496 5244 et
513 5187 657 5246 liciensi
675 5189 760 5260 magis
776 5189 863 5258 placet

70 5255 181 5326 Gabinii,
199 5259 270 5314 iiiliil
286 5259 432 5332 obloquor.
447 5262 516 5333 bego
530 5261 597 5316 item
611 5259 728 5329 Cris-poli
739 5276 771 5314 ex
788 5275 820 5313 oo
830 5258 862 5312 li·

69 5342 124 5386 cum
136 5332 264 5387 omnium
274 5333 448 5403 auctoritate,
463 5336 528 5391 licet
543 5334 698 5392 Rornanum
712 5335 864 5404 pariuiuet

917 5111 1015 5166 variati
1027 5124 1087 5163 iites
1113 5107 1157 5162 bic
1185 5113 1317 5160 attexere.
1342 5104 1371 5158 lii
1388 5101 1520 5158 Pratensi.
1536 5108 1563 5153 et
1581 5097 1724 5155 lleriiiieu.

917 5191 957 5239 est
973 5181 1107 5241 ildeberti,
1124 5186 1150 5233 et
1180 5178 1220 5231 ita
1236 5173 1422 5232 iernsimllius
1440 5169 1582 5249 legendum
1600 5180 1650 5225 est.
1668 5169 1725 5227 Alii

918 5254 1020 5309 babent
1031 5251 1058 5305 H
1067 5250 1142 5304 iberti
1158 5267 1166 5303 :
1185 5250 1255 5303 male
1266 5249 1419 5302 Toriiaceu.
1433 5244 1566 5309 Bnoderti,
1577 5257 1627 5299 nec
1639 5242 1726 5316 inagis

918 5336 989 5382 recte
1004 5324 1152 5379 Pulsaneu.
1172 5320 1311 5376 Biclara.

739 5450 1040 5510 OBSERVATIONES.

96 5550 134 5611 lie
148 5553 234 5638 Felice
248 5569 319 5636 papa
333 5561 361 5611 et
377 5563 498 5629 martyre
512 5556 619 5629 primus
631 5553 688 5627 agit
701 5562 798 5610 auctor
814 5554 863 5610 lio·

918 5551 1041 5608 Notkero
1052 5548 1148 5619 visum
1165 5553 1206 5602 est
1221 5551 1342 5600 attexere
1356 5543 1473 5613 paucula
1487 5541 1520 5600 de
1534 5543 1631 5613 missis,
1647 5559 1728 5615 saper

67 5626 134 5682 mani
145 5644 236 5700 parvi,
248 5644 330 5699 cuins
342 5643 444 5686 nomeu
455 5626 713 5711 fortasserepererit
730 5627 758 5682 in
771 5624 865 5682 liuilni
920 5623 1061 5678 meinorioi
1082 5625 1232 5688 martyram
1248 5613 1420 5685 celebrandis,
1432 5633 1493 5688 quaa
1504 5617 1644 5672 Auctariis
1659 5631 1727 5670 nou·

66 5693 110 5778 lib.
127 5716 186 5769 vix,
207 5717 234 5758 c.
248 5699 295 5759 at.
312 5700 423 5759 Exinde
445 5700 506 5761 Ado
525 5700 673 5774 ipsissimis
699 5697 756 5756 illis
773 5696 865 5755 verbis
920 5695 1005 5752 nullis
1034 5690 1180 5748 materiam
1206 5686 1366 5760 praebuere.
1382 5687 1517 5762 Tempora
1540 5688 1628 5745 saneti
1643 5685 1726 5811 bnp'ps
1751 5726 1757 5736 .

66 5772 194 5843 acuant,
209 5788 274 5847 quae
288 5771 320 5831 iu
333 5781 444 5835 textum
458 5789 541 5834 suum
555 5770 697 5832 Ususrdus
708 5769 863 5836 transtulit.

920 5764 1060 5840 pontilicis
1073 5759 1235 5834 expendunt
1254 5766 1281 5816 et
1299 5758 1416 5818 delinita
1436 5769 1574 5819 conantur
1587 5759 1677 5816 liensc
1698 5771 1725 5812 e·
