3834 6136
52 273 105 338 stt
598 279 912 340 Raurinotmuiuit.
931 313 964 327 -
986 276 1089 341 MENS.
1111 285 1188 343 OCT.
1655 293 1708 350 526

54 406 254 491 arcbiepiscopi
279 406 494 489 Cantuariensis.
511 434 521 456 ι
553 409 593 466 De
606 409 784 478 Leudomiio,
799 410 896 473 iereA
913 411 1079 483 Tungrensis
1093 411 1215 484 episcopi
1228 420 1256 468 et
1271 413 1451 470 confessoris:
1469 414 1579 487 quando
1595 417 1709 476 abeatis

54 490 83 538 ut
99 495 127 536 in
142 494 251 560 prima..
266 501 275 524 ι
290 479 457 550 aquisgrani
472 479 567 535 eodem
578 480 633 548 die,
647 481 783 538 festivius
797 499 857 538 san-
912 483 1051 538 memorias
1079 481 1223 539 Vulcaudc
1255 484 1392 558 episcopo,
1427 484 1485 556 ejus
1517 502 1592 542 sacra
1617 505 1711 548 ossea

54 553 90 610 cti
117 549 253 641 Leopaqdi
283 550 423 630 inuartpris.
449 551 499 607 Die
528 551 676 634 trigesima,
692 555 856 610 sacrosancti
912 553 1014 610 Leadio
1038 553 1072 609 ad
1093 554 1184 610 locuni
1209 555 1368 611 Andainum
1393 565 1459 612 sunt
1472 558 1614 626 translata,
1638 575 1711 617 anno

55 629 184 695 martyns
197 625 338 702 Gregorii,
354 638 383 676 in
399 637 496 702 magna
510 623 651 678 Armenia.
667 647 677 671 ι
698 625 737 681 De
751 626 857 681 sulem·
911 625 1062 681 Dominicis
1077 625 1275 682 incarnationis
1289 644 1425 684 ncccixv.
1441 627 1493 684 Ubi
1513 629 1711 690 miraculorum

55 697 140 774 nitate
185 693 369 774 reliquiarum
389 692 597 774 Parisiensium,
629 702 657 750 et
675 696 855 752 translatione
912 696 1000 776 gloria
1014 696 1256 767 ejusdeclarantur
1271 699 1550 769 merita‚etlidelium
1564 699 1718 759 devotione

56 773 139 823 sancti
150 763 278 844 vedasti,
291 771 322 819 ut
336 779 474 844 inprims.
487 765 635 837 Sequitur:
659 789 668 813 ι
682 768 711 821 Ιιι
727 767 856 824 Andaino
911 768 998 840 ipsius
1011 768 1185 825 celebrantur
1199 769 1341 826 beneficia.
1359 797 1368 819 ·

56 844 233 904 monasterio,
248 834 394 891 translatio
412 835 537 907 corporis
555 834 707 893 beatissimi
728 838 853 909 lluberti,
924 884 926 888 ,

709 1045 1713 1079 ——--—---.-.‚...-.....................,„

615 1211 824 1286 MENSlS
865 1211 1150 1291 OC'lOBER.

724 1433 831 1481 nsum
854 1408 926 1482 uias
949 1435 1045 1484 xxxi.

60 1693 203 1753 Kalendis.
1392 1712 1396 1718 .
1652 1700 1658 1712 .

91 1791 197 1855 Romae,
222 1780 322 1839 natalis
336 1779 410 1837 beati
425 1778 536 1835 Aretba
562 1778 698 1851 martyris
720 1784 748 1833 et
760 1777 879 1834 aliorum
899 1780 1113 1850 quingentorum
1132 1787 1259 1852 quatuor.
1280 1781 1394 1838 Themis
1413 1784 1536 1853 civitate,
1556 1700 1712 1846 sanctisimo

56 1874 151 1944 Prisci,
167 1871 325 1932 Crescentis
339 1876 365 1926 et
378 1868 500 1941 Evagrii.
516 1868 598 1940 Apud
617 1866 789 1941 provinciam
804 1865 985 1935 Lusitaniam,
1005 1864 1118 1922 civitate
1136 1865 1295 1940 Olisepona,
1310 1878 1468 1927 sanctorum
1484 1882 1638 1947 martyrum
1653 1877 1714 1932 Ve.

63 1963 177 2033 tissimi,
201 1959 332 2020 Maximae
355 1967 382 2016 et
395 1955 474 2014 iuliae
494 1971 630 2013 sororum.
656 1954 775 2012 Ciuitate
797 1955 931 2024 Tomaco,
955 1953 1046 2027 passio
1065 1956 1153 2012 sancti
1175 1957 1301 2015 Piatonis
1318 1959 1473 2032 presbiteri,
1495 1963 1620 2035 quicum
1635 1964 1714 2021 beato

55 2053 192 2126 Dionysio
208 2050 341 2124 episcopo
358 2047 471 2121 ejusque
492 2045 575 2103 sociis
594 2044 628 2101 ab
648 2045 722 2101 urbe
737 2047 825 2102 Roma
840 2046 957 2104 Galliam
976 2045 1181 2119 predicationis
1195 2065 1276 2106 causa
1290 2052 1416 2124 expetiit,
1427 2069 1460 2110 ac
1473 2062 1568 2125 postea
1581 2071 1716 2121 consum.

56 2151 128 2200 msto
141 2140 283 2213 martyrio
298 2136 428 2212 migravit
441 2135 475 2192 ad
491 2133 644 2192 Christum.
658 2132 762 2189 Eodem
777 2133 833 2203 die,
853 2136 998 2195 translatio
1012 2147 1174 2196 sanctorum
1192 2141 1384 2198 confessorum
1402 2143 1532 2201 Germani
1543 2152 1570 2202 et
1585 2139 1713 2221 Remigii,

56 2248 173 2308 quorum
182 2230 263 2304 prior
277 2225 544 2292 Autisiodorensem,
560 2224 631 2279 alter
646 2239 714 2280 vero
730 2223 891 2282 Remensem
907 2227 979 2290 rexit
991 2228 1145 2285 ecclesiam.
1157 2229 1389 2302 lnportuGanda,
1405 2235 1495 2290 sancti
1510 2235 1632 2294 Bavonis
1650 2254 1715 2294 ecn-

58 2321 185 2379 lasseris.
203 2318 304 2394 [Addit
315 2316 474 2383 bouillart,
490 2315 642 2370 cbaroetere
655 2314 751 2370 italico
765 2333 774 2370 .·
789 2328 801 2355 ⁸
818 2317 854 2373 Et
866 2318 1011 2376 translatio
1023 2320 1147 2391 corporis
1161 2321 1249 2377 sancti
1262 2321 1374 2378 Vedasti
1389 2324 1535 2400 episcopi]

803 2444 924 2502 NOTAE.

95 2548 175 2618 Puri,
191 2546 236 2606 vel
249 2546 328 2621 puris
342 2544 463 2619 proximi
479 2551 545 2602 sunt
559 2545 681 2609 Protea,
698 2543 809 2598 Greaea.
826 2551 853 2599 et
866 2542 967 2601 Malaia

89 2705 180 2762 ⁸'l'oti
195 2711 301 2776 septem
316 2700 401 2773 hujus
414 2699 540 2757 laterculi
556 2715 653 2755 versus
667 2695 861 2752 miserabiliter
876 2698 900 2758 Β
914 2695 957 2751 rio
973 2712 1055 2752 manu
1068 2697 1220 2753 recentiore
1235 2699 1319 2754 luisse
1333 2700 1450 2757 articulo
1466 2703 1644 2763 subnexam?
1659 2707 1716 2763 Ex.

56 2779 111 2835 scal
148 2776 190 2833 llo
201 2773 317 2848 turpati.
334 2773 434 2845 Ampla
447 2771 564 2829 Sollerio
576 2769 720 2850 divinandi
735 2768 860 2833 materia,
916 2767 1013 2823 scribit
1027 2778 1119 2824 tamen
1145 2778 1254 2826 sanctos
1270 2771 1332 2825 illos
1349 2788 1444 2828 omnes
1456 2780 1512 2829 tam
1528 2776 1634 2847 rigidus
1648 2779 1717 2834 alias

56 2850 79 2906 si
94 2793 271 2907 Ci‘stellanus
286 2844 484 2901 admonuisset.
499 2842 527 2898 Si
543 2842 731 2898 admonuisset
745 2839 861 2895 autem?
915 2838 1053 2895 Pratensis
1074 2839 1178 2896 codicis
1197 2840 1387 2912 reprehensor.
1405 2844 1479 2912 Ruit,
1496 2847 1604 2918 opinor,
1620 2865 1635 2904 e
1649 2848 1715 2905 San·

56 2920 172 2979 Cessare
187 2919 279 2992 potuit
292 2917 412 2972 intanto
427 2913 699 2971 rerumcardiiieille
712 2912 860 2982 inspector,
916 2911 1054 3036 qqirmanis
1081 2910 1193 2984 aliquis,
1213 2912 1259 2985 qni
1288 2928 1371 2968 asuo
1400 2914 1494 2972 codice
1514 2917 1670 2974 Grevenum
1690 2929 1717 2976 et

55 2993 102 3066 qui
115 2989 283 3048 variationes
296 2986 555 3070 quantumviseuiles
569 2983 738 3039 solertissime
751 2983 862 3037 adacta·
944 2981 1054 3037 alanum
1072 2981 1217 3038 dissentire
1227 2983 1460 3055 animadvertens,
1474 3004 1554 3044 suum
1566 2990 1670 3061 stylum
1683 2991 1717 3047 ad

55 3065 109 3121 ait?
121 3063 190 3119 Non
204 3060 322 3116 advertit
337 3067 393 3114 tam
408 3058 559 3115 deformem
572 3056 695 3122 lituram,
711 3053 758 3126 qui
774 3064 860 3109 traus-
917 3051 1034 3109 Usuardi
1048 3054 1276 3111 accommodavit.
1293 3055 1464 3115 Bouinaaiir.

56 3136 196 3193 lationem
211 3131 297 3190 sancti
308 3129 432 3196 vedasti,
448 3145 505 3185 reni
521 3126 614 3196 nihili,
630 3126 764 3198 suggessit
777 3124 862 3182 Solle·

832 3247 950 3307 NO'l'AE.

91 3355 238 3429 Principio
250 3351 418 3410 advertenda
428 3348 671 3407 annuntiationum
682 3347 858 3419 transpositio
914 3361 975 3400 runi
991 3361 997 3399 ε
1014 3346 1048 3402 la
1063 3345 1154 3402 Gallia
1170 3346 1274 3403 civitate
1288 3348 1525 3420 Autissiodorensi,
1543 3353 1630 3408 sancti
1645 3354 1718 3411 Ger-

57 3427 200 3487 qnmupgig
214 3425 368 3493 (podicibus,
379 3431 405 3479 et
419 3423 454 3478 iis
464 3422 575 3494 quidem
586 3436 654 3492 ques
662 3419 788 3500 puriores
798 3434 858 3473 cen·
913 3417 987 3497 otoni
1009 3417 1123 3498 episcopi
1149 3424 1174 3472 et
1200 3419 1285 3474 saneti
1312 3421 1424 3489 Vadasti',
1449 3423 1565 3479 Remedii'
1588 3432 1612 3480 et
1629 3426 1715 3482 sanati

58 3517 160 3559 semus.
170 3498 284 3556 Etenim
300 3494 437 3553 Pratensis
455 3493 488 3549 de
504 3493 615 3549 Platone
626 3496 754 3561 agitante
770 3498 858 3545 trans·
913 3489 1031 3544 Pictoris.
1046 3487 1143 3544 Nescio
1157 3504 1192 3544 an
1208 3489 1274 3546 binc
1286 3491 1400 3548 fortasse
1411 3500 1475 3549 nata
1488 3493 1524 3548 sit
1539 3495 1714 3555 Usuardino-

58 3572 193 3630 lationem
221 3567 352 3625 Germani
371 3574 397 3622 et
415 3564 532 3636 Remigii
553 3581 560 3631 ;
581 3562 699 3618 Greven.
721 3569 812 3642 autem
832 3566 859 3615 et
914 3575 975 3640 rum
990 3558 1097 3632 aliquot
1111 3559 1240 3616 codicum
1250 3562 1388 3631 conlusio,
1404 3564 1444 3621 sic
1457 3571 1488 3620 ut
1498 3566 1713 3640 Antuerp.·blaj.

59 3644 162 3703 noun.
186 3639 395 3698 translationem
419 3653 474 3709 prae
494 3641 591 3691 onunt.
609 3633 715 3690 Aretlia
733 3632 859 3688 scribunt
913 3630 1038 3686 scribat:
1062 3631 1162 3686 Eodem
1185 3631 1236 3700 die,
1257 3634 1398 3690 translatio
1421 3641 1573 3691 sauctorum
1588 3639 1716 3709 confessa·

60 3730 167 3772 omues.
181 3714 252 3771 ltem
271 3709 386 3777 mama,
402 3653 633 3764 licetltomanum
654 3719 779 3777 parvum,
800 3701 859 3758 Ado
913 3719 975 3756 rom
996 3707 1020 3756 et
1043 3703 1224 3784 episcoporum
1252 3705 1387 3774 Germani,
1414 3707 1528 3778 Remigii
1542 3715 1567 3764 et
1589 3710 1718 3777 Vedasti,·

58 3794 88 3844 et
104 3784 245 3842 Rotkerus
263 3783 354 3855 legant
371 3778 467 3845 rame,
483 3786 511 3834 et
529 3778 683 3834 Romanum
697 3775 859 3830 modernum
913 3789 1027 3843 quorum
1039 3790 1118 3844 prior
1132 3773 1384 3844 Actisiadcreiisem,
1398 3780 1467 3834 atter
1480 3796 1541 3833 uero
1555 3781 1716 3851 Remensem,

58 3856 158 3927 addat,
171 3856 200 3912 ia
212 3856 308 3913 Pecto.
323 3851 417 3909 llultis
426 3850 547 3922 disputat
559 3847 756 3914 Florentinins
771 3847 859 3917 legen·
915 3844 1006 3899 tertius
1028 3862 1090 3900 uero
1113 3844 1309 3902 attrebatensem
1325 3849 1482 3919 quaternarii
1502 3852 1645 3920 ecclesiam,
1663 3871 1718 3928 quo

58 3929 168 3987 dumne
184 3943 220 3984 ex
243 3923 467 3997 Hieronymianis
489 3919 667 3986 dimisisset
700 3917 804 3974 Themis
831 3916 860 3970 iii
914 3915 1000 3972 terme
1016 3915 1396 3993 modoreleruntAutuerp.,
1412 3920 1601 3980 llax.-Lubec.
1622 3932 1721 3981 etme-

67 3998 351 4075 AEgpptc,anpotius
364 3994 450 4052 Tomis
461 3992 596 4056 inPonto;
606 3997 648 4044 ast
659 3988 718 4043 liiec
728 3986 763 4043 ad
773 3986 850 4042 alind
914 3986 966 4043 dite
981 3995 1053 4043 notar
1071 3988 1180 4044 codices
1202 4005 1264 4045 cuni
1284 3990 1381 4047 Belino
1395 4001 1422 4047 et
1436 3994 1558 4050 Romano
1574 3995 1719 4053 moderno.

60 4087 181 4130 examen
199 4076 333 4143 spectant,
353 4083 404 4123 nos
418 4062 601 4122 Usuardinam
616 4076 651 4116 ex
664 4058 807 4140 codicibus
823 4058 859 4138 le·
914 4057 1055 4139 llerinien.
1068 4068 1160 4138 servat
1174 4059 1286 4131 quidem
1297 4063 1537 4120 annuntiationem
1551 4081 1660 4137 puram,
1673 4067 1721 4124 sed

60 4144 185 4203 ctionem
212 4140 370 4216 querimus.
399 4138 628 4194 sicioniorum
657 4139 771 4201 corrigit
786 4145 860 4186 scri·
913 4145 1035 4200 primum
1057 4145 1081 4183 ei
1104 4129 1201 4208 'locum
1225 4130 1334 4198 tribuit,
1352 4140 1378 4187 et
1401 4142 1463 4204 post
1485 4141 1539 4190 tres
1556 4136 1623 4192 alias
1636 4139 1720 4194 etiem

59 4214 154 4273 hendo
178 4213 345 4271 Lusitanam.
370 4210 520 4280 olisepona,
538 4202 688 4275 Otasipaiso,
715 4202 864 4272 Otesipoma
879 4201 901 4262 C
916 4215 1011 4271 purus,
1028 4201 1125 4255 inserit
1140 4214 1145 4250 :
1172 4199 1252 4268 Apud
1266 4206 1382 4255 castrum
1406 4203 1549 4270 Atrebatis,
1564 4208 1650 4261 sancti
1668 4209 1720 4265 Ve-

61 4295 90 4344 et
103 4286 169 4343 aliis
179 4283 388 4343 modisellertur
400 4301 407 4350 ;
417 4280 464 4354 qui
475 4277 599 4352 puriores
609 4282 684 4341 sunt,
695 4273 820 4330 scribunt
832 4279 863 4326 ut
917 4271 987 4325 dasii
1011 4270 1123 4341 episcopi
1139 4287 1145 4335 ;
1163 4285 1212 4340 pro
1234 4286 1289 4341 quo
1305 4271 1425 4327 Pratensi
1452 4272 1541 4328 codici
1565 4274 1599 4329 ad
1615 4279 1721 4349 margi-

62 4359 93 4415 in
122 4356 416 4415 textu.Praten.cum
434 4343 865 4423 paucisbabethotoais.Gro-
919 4357 993 4405 nem,
1017 4341 1047 4394 ni
1063 4341 1153 4407 fallor,
1183 4339 1320 4411 adjectum
1338 4349 1400 4397 est:
1427 4343 1463 4396 Et
1478 4345 1619 4398 translatio
1633 4348 1718 4400 saneti

42 4445 128 4486 ,m
144 4435 175 4485 gg
195 4427 373 4498 Momm
396 4422 523 4493 Dionysio
538 4418 671 4474 omittunt
694 4418 823 4487 episcopo,
838 4421 866 4469 et
923 4412 1026 4491 Vedosb
1046 4411 1178 4481 episcopi;
1204 4428 1287 4483 quani
1315 4412 1521 4467 translationem
1541 4413 1666 4470 blolanus
1684 4416 1719 4472 ad

62 4517 116 4574 pro
141 4499 333 4573 reaitpouunt
357 4493 520 4568 gulemiuoit.
548 4489 664 4547 Greven.
693 4485 866 4557 migravitad
920 4482 993 4537 diem
1012 4481 1207 4553 precedentem
1223 4490 1368 4538 retractam
1384 4483 1489 4546 asserit,
1511 4483 1717 4557 quodbicdies

65 4572 207 4629 cerepum
220 4577 309 4627 mutat
322 4569 352 4624 iii
362 4566 486 4635 miiirouit
500 4564 535 4619 ad
551 4560 713 4618 Dominam:
729 4564 755 4613 et
770 4573 819 4629 pro
834 4557 866 4612 la
920 4553 1037 4625 Remigii
1062 4553 1211 4608 festivitate
1235 4552 1424 4623 impediretur.
1441 4552 1536 4611 Obiter
1549 4556 1658 4613 notabis
1672 4559 1718 4613 la-

60 4650 147 4717 partu
178 4642 273 4699 Gaada
299 4638 443 4696 substituit
465 4638 493 4692 in
520 4640 600 4706 portu
627 4632 723 4688 Gaata.
739 4629 867 4700 Superest
920 4641 999 4705 psum
1016 4624 1718 4705 Florentinii,·quiverbaRabanideVedastoinlra

64 4713 192 4772 notanda
203 4713 325 4769 maxima
339 4709 526 4767 intercedioes
538 4704 655 4760 variatio
667 4701 740 4758 circa
752 4700 866 4756 transla·
921 4695 1041 4764 citanda,
1056 4695 1179 4751 Notliero
1194 4695 1398 4753 inadvertenter
1410 4697 1546 4770 ascripsit.
1564 4699 1635 4758 Vide
1649 4702 1720 4758 reli-

64 4786 175 4845 tiouem
188 4783 247 4857 jam
266 4785 379 4851 dictam,
400 4797 460 4856 quae
475 4780 505 4834 in
522 4774 739 4856 Hieronymiaoo
750 4770 866 4829 bucensi
921 4784 975 4841 qua
987 4767 1017 4823 in
1032 4766 1280 4825 Observationibus
1296 4776 1323 4824 et
1338 4769 1487 4827 Auctariis.

63 4858 163 4931 potitis
171 4855 312 4930 pronatali
321 4855 438 4912 habetur
447 4851 600 4908 multorom
610 4847 693 4904 simul
707 4843 867 4916 conjuncto·

735 4966 1037 5032 GESERVATIONRS.

103 5081 169 5146 Non
192 5083 277 5145 semel
306 5099 340 5143 su
375 5082 432 5140 rius
460 5075 636 5138 observatum
668 5083 709 5132 est
737 5089 813 5129 raros
836 5071 866 5129 in
920 5068 1085 5137 Galesinius,
1098 5064 1239 5126 Ferrarius
1262 5072 1289 5127 et
1311 5072 1476 5130 recentiores
1498 5075 1545 5133 alii
1572 5091 1717 5134 numerum

63 5159 188 5220 Usuardi
223 5157 419 5231 Martyroogic
456 5159 563 5210 sanctos
600 5148 687 5220 reperi
712 5147 868 5226 (populares
920 5142 1000 5223 illum
1022 5139 1131 5222 lingunt
1153 5150 1180 5196 et
1195 5141 1343 5222 relinguut,
1366 5144 1433 5199 adeo
1447 5152 1478 5200 nt
1500 5146 1718 5205 Bartholomaeus

64 5233 165 5290 Gallos
193 5238 222 5288 et
243 5228 433 5288 Cordubenses
451 5239 558 5295 semper
585 5218 708 5291 excipio)
728 5234 775 5289 qui
795 5209 868 5286 apud
921 5214 1015 5269 Piazza
1038 5228 1075 5292 ιιιΙ
1091 5212 1265 5283 Rmerologio
1290 5214 1379 5271 socios
1408 5214 1443 5269 ad
1462 5225 1565 5287 septem
1583 5217 1719 5275 duntaxat

65 5305 248 5377 antiquorum
281 5302 401 5373 aliquem
432 5313 487 5353 non
521 5299 717 5350 memorentur.
737 5284 869 5359 Opposita
921 5290 1099 5348 contraierit,
1125 5298 1242 5354 quorum
1267 5284 1390 5356 gloriosa
1405 5285 1586 5342 consessionis
1608 5304 1718 5345 meino-

65 5375 198 5456 exempla
212 5375 277 5430 hinc
298 5372 362 5428 inde
377 5369 504 5451 dedimus
527 5374 554 5421 et
570 5362 720 5420 novissime
733 5376 784 5415 xiii
798 5358 869 5439 §ep—
922 5357 991 5410 riam
1018 5355 1192 5479 superstitem
1207 5354 1255 5419 ait,
1272 5362 1299 5410 et
1313 5355 1457 5435 “reliquias
1474 5358 1623 5437 perraria
1637 5360 1718 5441 Orbis

67 5446 187 5504 tembris
214 5446 244 5501 iri
271 5442 416 5515 Pamphilo
445 5445 565 5510 martyre
594 5436 726 5500 Romano,
755 5425 1024 5554 reliquisDtempla
1063 5439 1187 5550 sparsas.
1206 5424 1331 5497 Martyrii
1351 5431 1458 5495 tempus
1477 5427 1603 5484 divinare
1621 5432 1717 5488 viden·

67 5517 265 5590 llartyrologis
277 5516 358 5589 plane
371 5510 574 5583 incognito.En
585 5505 633 5563 tibi
644 5503 782 5577 specimen
793 5517 809 5556 a
821 5497 869 5555 iud
923 5504 969 5553 tur
987 5495 1064 5552 citati
1107 5494 1237 5575 alesinius
1255 5503 1282 5551 et
1301 5495 1451 5564 Ferrarius,
1466 5513 1481 5552 e
1500 5515 1516 5554 ο
1535 5499 1569 5555 de
1588 5508 1646 5559 tota
1664 5520 1719 5559 an-

69 5591 100 5646 in
115 5591 205 5664 prima
218 5587 303 5659 hujus
322 5585 378 5642 diei
393 5580 603 5641 annuntiatione
617 5576 651 5633 de
665 5574 766 5630 Aretlic
780 5579 807 5627 et
820 5587 870 5652 su-
923 5567 1098 5624 nuntiatione
1124 5566 1196 5621 nibil
1228 5582 1271 5647 me
1296 5573 1465 5637 compertum
1483 5515 1585 5628 iubere
1603 5574 1719 5632 candide

68 5661 122 5720 ciis
133 5659 295 5744 quingentis
310 5664 436 5732 quatuor.
451 5652 553 5711 Sudavi
568 5648 671 5706 affatim
686 5652 718 5701 iit
731 5644 774 5700 vel
789 5651 870 5699 sesti·
923 5639 1062 5712 profiteor.
1079 5637 1299 5719 ilretliaraalium
1311 5645 1458 5710 martyrem
1466 5643 1539 5712 apud
1552 5643 1717 5713 Homeritas,

68 5733 146 5808 pum
161 5732 264 5791 borum
271 5737 429 5788 sauctorum
437 5725 504 5782 alibi
519 5721 683 5786 invenirem,
696 5715 743 5774 sed
757 5715 869 5782 frustra
923 5728 987 5768 cum
1011 5710 1107 5766 moltis
1120 5724 1203 5765 sociis
1216 5708 1268 5764 sub
1283 5715 1294 5764 t
1315 5724 1401 5790 ranno
1415 5712 1531 5769 Duuaan
1550 5730 1671 5788 passum,
1687 5715 1721 5771 de

68 5821 134 5865 usin
147 5804 278 5865 Δὰοιιοιιι
293 5809 322 5859 et
335 5801 383 5859 bic
395 5806 424 5856 et
433 5795 501 5853 abbi
514 5794 768 5921 sapiusqierperam
784 5804 800 5844 a
814 5786 871 5843 Ra·
924 5799 980 5866 quc
991 5779 1187 5863 Metapbrastcs
1201 5779 1274 5852 apud
1288 5725 1399 5837 irinum
1415 5798 1486 5841 xxiv
1500 5784 1641 5852 Octobris,
1652 5802 1724 5840 cur-

69 5877 153 5936 ionio
162 5875 281 5953 eiusque
292 5869 456 5948 sequacibus
465 5864 556 5937 citeri,
568 5863 613 5923 evi
633 5860 807 5933 citissimum
818 5865 869 5916 est.
925 5870 977 5911 sim
993 5860 1135 5928 attigimus
1147 5851 1322 5913 in'lractetu
1332 5851 1559 5914 teusinsisuu
1574 5852 1749 5914 bissenum.
