3834 6136
133 757 662 937 USUARDI
725 521 1781 931 biiXQlUllTTilRROLOGIUM.

707 1185 960 1273 MENSlS
1003 1185 1210 1272 MAIUS

797 1359 904 1407 nasim
926 1356 998 1405 DIES
1022 1357 1116 1406 XXXl.

136 1616 345 1775 Kiimggyptu
362 1697 508 1756 Hieremim
521 1693 671 1770 prophete,
682 1692 729 1768 qui
744 1692 876 1765 apopulo
891 1691 1030 1765 lapidibus
1044 1691 1170 1759 obrutus,
1195 1687 1269 1762 apud
1283 1688 1410 1762 Taphuas
1422 1687 1561 1748 occubuit.
1582 1677 1662 1765 ltem,
1684 1608 1786 1757 iffteclis

130 1795 273 1852 beatorum
288 1791 478 1866 apostolorum
492 1786 615 1860 Philippi
630 1793 657 1842 et
670 1783 775 1854 iacobi,
790 1800 825 1840 ex
847 1781 947 1857 quibus
960 1780 1117 1853 Philippus,
1132 1788 1277 1852 postquam
1292 1794 1361 1852 pene
1376 1778 1519 1852 schytiam
1533 1781 1568 1839 ad
1582 1781 1666 1840 iidem
1680 1785 1785 1845 Christi

129 1884 322 1951 convertisset,
337 1880 412 1954 apud
426 1876 596 1951 Hierapolim
611 1875 684 1932 Asiae
698 1874 840 1931 civitatem
856 1869 976 1944 glorioso
990 1869 1045 1926 fine
1055 1870 1172 1944 quievit.
1193 1867 1309 1926 lacobus
1327 1885 1402 1939 vero,
1419 1870 1466 1945 qui
1482 1881 1509 1928 et
1524 1872 1608 1929 irater
1620 1875 1733 1934 Domini
1748 1877 1785 1935 le·

129 1974 215 2046 gitur,
227 1973 312 2046 juxta
324 1971 459 2044 templum
476 1965 734 2034 Hierosolimorum,
760 1962 808 2021 ubi
832 1972 860 2021 et
876 1961 1064 2036 precipitatus
1079 1961 1179 2031 irrorat,
1196 1961 1320 2033 sepultus
1335 1961 1420 2019 estin
1431 1960 1528 2020 Galliis
1543 1963 1683 2023 territorio
1693 1960 1785 2027 Vive·

129 2062 225 2131 riensi,
238 2062 311 2117 beati
327 2059 446 2116 Audeoli
456 2055 630 2126 subdiaconi,
642 2071 722 2129 quem
733 2052 810 2111 misit
822 2052 857 2109 ab
872 2051 985 2109 Oriente
999 2059 1110 2108 sauctus
1120 2050 1280 2124 Policarpus
1294 2067 1349 2107 uua
1366 2067 1430 2109 cum
1443 2052 1516 2121 aliis,
1530 2053 1565 2111 ad
1578 2054 1784 2128 predicandum

127 2155 246 2212 verbum
261 2153 324 2222 Dei,
347 2152 376 2207 in
398 2148 526 2219 Galliam,
549 2147 629 2221 cujus
644 2146 840 2220 predicatione
860 2144 1010 2218 imperator
1023 2131 1140 2201 severus
1159 2151 1310 2217 comperta,
1327 2143 1447 2216 spinosis
1461 2143 1581 2200 ruatibus
1594 2144 1786 2204 crudelissime

128 2244 308 2317 flagellatum,
329 2242 359 2298 iu
374 2257 510 2299 carcerem
523 2238 598 2296 trudi
613 2238 752 2312 praecepit,
768 2244 795 2294 et
809 2236 849 2296 sio
863 2235 974 2292 demum
988 2234 1023 2291 ab
1037 2250 1101 2292 ense
1114 2235 1229 2309 liquato,
1245 2235 1275 2290 in
1289 2234 1381 2292 crucis
1393 2232 1505 2290 modum
1520 2242 1603 2308 caput
1614 2233 1673 2306 ejus
1683 2235 1783 2294 scindi.

128 2335 253 2394 Ciuitate
267 2332 429 2399 sedunensi,
444 2329 544 2387 natalis
558 2328 728 2401 sigismundi
743 2328 824 2401 regis.
840 2327 922 2401 Apud
936 2326 1078 2385 civitatem
1093 2327 1237 2396 Auscium,
1251 2325 1339 2384 sancti
1354 2324 1476 2383 Orientis
1489 2325 1619 2398 episcopi,
1635 2326 1683 2399 qui
1698 2326 1784 2386 virtu·

129 2425 207 2481 tibus
220 2431 334 2481 ornatus
348 2430 442 2480 sancto
455 2421 511 2478 iiue
525 2420 663 2496 quievisse
679 2419 821 2478 scribitur.
834 2420 903 2477 ltcm
918 2418 1106 2489 Autisiodoro,
1122 2421 1209 2478 sancti
1224 2417 1365 2476 AmatorIs
1379 2415 1499 2492 episcopi
1514 2425 1542 2475 et
1555 2415 1731 2479 comessoris.

900 2541 1017 2601 NOTAE.

172 2647 218 2702 Ex
233 2645 310 2701 omui
325 2651 400 2716 parte
413 2642 472 2716 puri
490 2649 555 2699 sunt
570 2641 708 2699 Proiectis
720 2640 812 2710 codic,
835 2641 946 2697 Greueri.
962 2647 987 2696 et
1000 2642 1104 2701 Mulon.

744 2767 947 2827 VAHlANTES
965 2767 1170 2828 LECTIONES.

165 2872 208 2929 Ad
227 2870 327 2927 menda
345 2869 458 2926 libraria
485 2869 541 2926 fere
570 2867 751 2950 reducuntur,
771 2868 930 2949 utEgypto,
944 2877 971 2935 Α
983 2869 1066 2938 tensi,
1079 2886 1134 2926 uon
1154 2870 1284 2942 Taphitis,
1295 2876 1327 2926 ut
1340 2869 1412 2952 apud
1425 2871 1582 2928 Gravenum
1593 2872 1781 2931 etliolauum.

130 2945 272 3016 Scaptium,
289 2943 540 3008 Hierosotimoram,
555 2941 724 3010 Policcrpus,
745 2938 930 3020 dutmodoro,
986 2942 1105 2998 Orientis
1118 2942 1244 2998 scribunt
1257 2950 1285 2998 et
1299 2942 1409 2999 codices
1422 2958 1472 3015 pro
1486 2950 1566 3000 textu
1580 2943 1670 3013 citati,
1693 2953 1721 3002 et
1734 2945 1784 3002 alii

129 3027 181 3074 etc.
198 3016 264 3083 Ouae
281 3017 349 3087 quia
364 3022 472 3069 aemtem
493 3027 569 3066 suam
589 3010 725 3080 redolent,
748 3017 852 3066 intacta
885 3012 930 3067 le·
984 3013 1096 3084 passim,
1111 3015 1182 3069 mala
1196 3015 1391 3083 fortasse,uam
1405 3014 1489 3073 hodio
1502 3015 1598 3088 legunt
1612 3031 1784 3088 omues,ucn

130 3104 214 3161 raque
225 3090 255 3145 iu
266 3095 348 3143 textu
359 3084 455 3142 relicta
463 3091 537 3140 suut.
548 3083 619 3155 Lego
632 3083 766 3155 Tcplmos,
782 3099 845 3140 cum
860 3027 930 3138 ira·
986 3085 1112 3152 Orientis,
1126 3085 1175 3143 sed
1189 3086 1312 3143 Oiimtii.

809 3208 1110 3274 OBsEHVA'l'lONES.

167 3311 337 3378 Hieremiam,
357 3309 402 3365 rel
431 3306 573 3389 Ieremicm
599 3304 772 3380 prophetam,
794 3309 841 3364 sed
869 3310 928 3365 solo
982 3313 1189 3369 Tillemoutium
1202 3312 1505 3381 tomolvariislocis‚et
1515 3313 1584 3368 alios
1593 3312 1660 3368 alibi
1670 3311 1781 3368 citatos.
1805 3340 1809 3345 ·

130 3382 265 3439 duntaxat
279 3382 403 3449 nomine,
418 3397 474 3435 uno
489 3395 566 3452 quasi
578 3394 625 3435 ore
634 3379 773 3451 appellant
784 3379 866 3447 Reda,
879 3383 928 3437 Ha·
1018 3385 1156 3441 Hactenus
1168 3387 1284 3441 Romani
1293 3385 1371 3456 parri
1395 3385 1508 3439 ductum
1531 3391 1641 3438 secutus
1655 3390 1695 3437 cst
1711 3380 1781 3437 Ado.

130 3454 227 3517 banus.
244 3456 398 3511 Bouianum
415 3467 529 3521 parvum
545 3456 572 3506 et
586 3450 658 3520 Ado,
684 3450 813 3522 aquibus
827 3451 928 3508 tantil-
982 3455 1034 3522 Qui
1049 3455 1148 3510 tertius
1173 3454 1269 3511 ordine
1284 3462 1325 3511 est
1350 3454 1496 3520 Anacutas,
1519 3451 1554 3508 ab
1577 3450 1783 3524 antiquioribus

130 3526 187 3582 lum
203 3526 296 3582 dillert
307 3525 455 3591 Notlierus,
471 3520 544 3594 quod
559 3521 659 3578 scribat
675 3539 681 3576 :
707 3522 835 3577 Panaetio
850 3523 928 3578 Iere-

129 3599 189 3652 mioe
201 3599 342 3668 propbetas.
359 3596 426 3662 Quae
440 3595 526 3665 igitur
535 3592 568 3650 de
581 3592 747 3664 lapidatione
761 3593 790 3648 iii
805 3594 928 3650 latercu-

129 3669 157 3724 lo
171 3677 267 3724 nostro
281 3669 422 3735 dicuntur,
450 3682 481 3721 ea
503 3665 537 3721 ab
560 3663 684 3722 Usuardo
707 3664 837 3737 adjuncta
851 3675 925 3735 sunt,

128 3740 362 3822 quemadmodum
377 3739 411 3794 da
425 3737 488 3793 aliis
509 3736 617 3794 Veteris
631 3736 797 3794 Testamenti
813 3739 927 3810 propbe-

127 3821 165 3868 tis
175 3813 211 3867 ab
222 3827 254 3865 eo
273 3811 374 3867 iactum
388 3809 567 3866 ostendimus.
586 3808 659 3865 Phili
697 3812 746 3864 iet
760 3807 851 3864 Jucobi
865 3827 928 3866 me-

125 3883 240 3939 minere
253 3883 335 3937 iidem
345 3898 437 3937 omnes
447 3882 475 3936 iu
486 3880 544 3936 suis
553 3880 675 3952 blartyro
687 3880 766 3951 ogiis,
777 3881 817 3935 uti
828 3888 855 3936 et
866 3881 927 3937 Hie·

126 3952 294 4026 ronymiani
309 3952 423 4020 codices,
437 3969 554 4027 quorum
571 3951 657 4024 aliqui
675 3953 927 4024 utrumquellicru·

124 4027 182 4097 poli
197 4040 343 4151 perperam
360 4024 501 4092 tribuunt;
526 4024 618 4095 plures
642 4021 756 4079 Jacobos
771 4023 814 4079 vel
829 4026 926 4082 saltem

981 3526 1175 3598 Martyrologis
1189 3525 1486 3598 praeteriturElogium
1501 3522 1555 3596 ipsi
1567 3522 1712 3579 contexuit
1722 3522 1783 3579 Ado

982 3615 1016 3653 ex
1030 3597 1150 3668 vulgatis
1164 3597 1241 3654 Actis
1257 3606 1323 3654 tunc
1337 3597 1464 3669 receptis,
1474 3597 1504 3651 iri
1554 3594 1782 3651 ibusexaminau·

981 3670 1024 3726 dis
1039 3669 1199 3742 neutiquam
1221 3669 1408 3742 scrupulosus,
1431 3684 1463 3727 ee
1476 3668 1505 3723 iii
1542 3674 1615 3723 astos
1631 3683 1721 3722 sacros
1735 3682 1783 3723 re-

981 3741 1056 3809 tulit,
1073 3757 1133 3814 quae
1157 3741 1268 3797 admitti
1293 3741 1475 3797 omninonon
1491 3745 1614 3811 possunt.
1629 3737 1699 3794 Acta
1711 3737 1780 3810 ipsa,

981 3829 1032 3868 nec
1042 3811 1229 3868 vetustissima
1239 3828 1307 3880 esse,
1322 3828 1373 3868 nec
1387 3811 1468 3892 plane
1483 3812 1599 3877 sincera,
1620 3809 1686 3866 satis
1700 3825 1781 3881 agrio-

981 3885 1023 3939 vit
1036 3884 1236 3953 Henscbenius,
1252 3891 1280 3939 at
1294 3890 1459 3939 recentiores
1474 3897 1537 3939 cum
1552 3880 1781 3937 Tillemontioto·

982 3972 1027 4011 mo
1041 3955 1089 4024 lll,
1137 3972 1179 4027 eg.
1195 3955 1258 4023 636,
1278 3954 1419 4012 duriorem
1433 3953 1473 4010 eis
1494 3968 1638 4009 censuram
1652 3950 1780 4009 inurunt.

980 4027 1079 4083 Noster
1091 3972 1182 4083 Asuui
1197 4040 1305 4099 semper
1317 4025 1414 4093 fidens,
1431 4041 1481 4081 sua
1494 4024 1599 4093 omnia,
1611 4022 1780 4105 paucisprae·

127 4098 200 4170 pluri
224 4114 257 4152 us
270 4095 368 4152 diebus
377 4104 632 4152 commemorantes.
649 4094 684 4151 Et
697 4094 808 4169 quidem
823 4103 928 4153 notan-
980 4098 1082 4166 teritis,
1106 4114 1141 4153 ex
1163 4099 1170 4154 i
1192 4098 1249 4154 sius
1264 4097 1353 4171 elogio
1370 4097 1426 4154 lere
1440 4097 1475 4153 ad
1494 4099 1609 4152 verbum
1624 4093 1779 4176 desumpsit.

127 4175 168 4224 ter
185 4169 302 4224 lacobus
315 4167 403 4237 frater
416 4168 524 4224 Domini
539 4166 652 4238 ponitur
665 4183 704 4223 xv
722 4166 824 4233 Martii,
840 4175 866 4224 et
880 4168 926 4224 Ic·
940 4173 964 4233 Β
980 4170 1017 4226 At
1032 4114 1196 4241 sigisinciiii
1209 4170 1281 4251 regis
1301 4168 1468 4238 encomium,
1495 4166 1569 4242 quod
1584 4167 1664 4238 plane
1678 4182 1780 4221 mirum

127 4241 203 4296 witti
220 4241 318 4311 Alphei
330 4241 476 4311 apostolus,
491 4256 550 4294 xxii
561 4237 647 4294 lunii.
664 4237 743 4305 Quod
757 4245 849 4294 autem
865 4257 928 4296 ma-

147 4311 169 4366 's
183 4313 292 4378 mirere,
308 4311 360 4367 boc
374 4312 433 4383 ipso
448 4310 503 4378 die,
516 4318 657 4383 postquam
669 4309 699 4365 iu
713 4309 850 4391 principio
864 4311 927 4367 Phi·

128 4327 199 4453 iippi
214 4391 240 4437 et
263 4382 357 4439 iacobi
373 4382 504 4438 memoria
519 4381 604 4438 relata
622 4388 673 4449 est,
697 4380 726 4436 in
742 4381 833 4437 medio
848 4389 927 4439 textu

129 4453 170 4509 uic
186 4453 285 4523 legitur
309 4474 314 4510 :
343 4453 451 4508 Natalis
466 4453 564 4509 Motbei
581 4460 604 4507 et
621 4452 714 4507 lucebi
728 4455 922 4522 apostolorum.

126 4523 220 4581 Primo
234 4525 295 4581 loco
307 4523 492 4580 annuntiatur
499 4524 605 4579 initium
614 4523 815 4595 predicationis
829 4525 927 4580 Domi-

126 4596 200 4663 nicis,
216 4596 320 4669 dequo
343 4596 409 4651 ride
423 4595 657 4652 Exercitationem
672 4594 847 4662 Florentinii,
864 4613 924 4678 pag.

127 4664 188 4722 itit.
218 4667 356 4725 Caeterum
370 4667 405 4723 de
420 4667 551 4738 apostolis
570 4667 610 4723 sic
630 4673 762 4722 memorat
777 4666 926 4724 Frontonis

127 4737 324 4794 Kalendarium
340 4757 345 4794 :
358 4739 465 4794 Natalis
478 4741 658 4821 apostolorum
673 4738 793 4810 Petttppt
806 4745 830 4794 et
843 4740 926 4795 Jaco-

129 4808 162 4865 bi.
176 4810 251 4866 Beda
265 4829 270 4865 :
288 4810 439 4882 Hierapoli,
452 4810 573 4893 Philippi
587 4811 711 4881 apostoli,
721 4817 744 4864 et
758 4811 850 4866 iacobi
863 4829 925 4884 opo·

131 4883 185 4936 ttoli
193 4881 293 4951 fratris
302 4881 745 4954 DomitiisimpliciusHonianum
756 4899 880 4954 parvum:
889 4886 926 4940 Et

134 4956 307 5030 apostolorum
320 4954 440 5026 Pttttppt
453 4960 477 5008 el
487 4954 579 5009 dccciii
586 4953 690 5081 (scotris
701 4954 925 5025 Dominissogua-

133 5026 314 5081 tionemillam
344 5026 421 5081 aucis
431 5026 583 5097 explicate
606 5025 925 5097 oiublartyrologio,sed

129 5091 159 5174 in
175 5042 379 5179 Festiiitatissus
389 5099 574 5179 apostolorum
586 5097 737 5169 elegantius
751 5097 861 5178 utrique
871 5099 924 5153 elo·

126 5181 201 5291 grum
210 5177 399 5237 concinnavit,
412 5185 445 5224 ex
475 5169 557 5225 uibus
568 5168 761 5236 medullam,ut
774 5175 813 5222 ita
823 5168 922 5236 dicam,

142 5253 266 5311 ecerpere
277 5241 377 5295 Noster
391 5241 456 5297 satis
492 5241 579 5308 abuit,
588 5240 708 5295 Notkero
724 5240 801 5310 plura
810 5238 923 5311 conjun-

126 5319 211 5378 gente.
222 5312 309 5367 Aliud
318 5312 438 5382 elogium
452 5312 595 5369 contexuit
606 5310 829 5378 Florus,brevius
840 5311 924 5367 Habu-

125 5395 183 5447 uus,
200 5399 262 5509 quae
278 5383 374 5439 omnia
388 5399 444 5439 non
458 5391 499 5440 est
509 5382 591 5510 hussus
606 5382 659 5439 loci
674 5381 863 5449 discutere,uti
875 5399 925 5440 noc

124 5453 175 5508 alia
191 5471 209 5524 p
223 5455 325 5525 urima,
351 5472 412 5582 quui
427 5454 461 5509 de
481 5455 544 5511 laco
568 5456 590 5510 is
605 5454 677 5510 inter
695 5451 817 5510 eruditos
831 5453 924 5510 disce-

981 4249 1032 4306 est,
1049 4257 1083 4297 ne
1097 4241 1189 4312 attigit
1202 4241 1326 4314 quidem,
1353 4241 1442 4296 solum
1460 4255 1561 4296 numeri
1576 4248 1604 4294 et
1619 4237 1710 4318 locum
1727 4254 1781 4364 po-

981 4314 1068 4369 suisse
1082 4322 1245 4379 contentus;
1272 4313 1380 4384 opinor,
1397 4312 1462 4386 quia
1475 4310 1623 4367 laterculus
1633 4324 1692 4380 iam
1708 4312 1781 4366 utre

982 4385 1077 4441 solitos
1091 4383 1224 4440 terminos
1238 4391 1406 4445 excreverat.
1418 4384 1517 4439 Exstat
1528 4380 1692 4461 sigismundi
1705 4396 1779 4460 com·

982 4456 1144 4511 memoratio
1159 4455 1384 4526 Hieronymianis
1399 4454 1528 4510 omnibus
1542 4453 1657 4523 adiecta,
1674 4466 1779 4521 exqui-

980 4525 1032 4582 bus
1048 4542 1063 4580 a
1077 4526 1306 4606 Habanoaccepta
1319 4534 1369 4590 est,
1380 4525 1518 4579 Notlierus
1531 4521 1677 4579 Adoniano
1689 4519 1779 4601 elogio

980 4597 1086 4679 aliquid
1109 4613 1142 4653 ex
1158 4596 1288 4666 Gregorio
1310 4595 1463 4649 Turoneusi
1491 4589 1690 4672 superaddidit.
1707 4589 1780 4648 Vide

980 4665 1149 4740 sigismundi
1177 4666 1267 4734 Gesta,
1298 4674 1325 4721 et
1339 4665 1412 4721 circa
1425 4679 1549 4735 corporis
1569 4661 1778 4719 translationem

979 4749 1166 4808 controversa,
1186 4744 1312 4795 accurata
1326 4736 1360 4792 ab
1376 4735 1550 4793 Henschenio
1564 4734 1711 4807 explicata.
1727 4735 1779 4791 llic

979 4828 1015 4868 ex
1029 4811 1227 4868 Wandalberto
1240 4820 1295 4866 tres
1319 4809 1434 4865 ultimos
1456 4808 1608 4864 versiculos
1623 4806 1657 4863 de
1671 4814 1777 4879 aposto·

980 4884 1024 4952 lis,
1039 4882 1157 4939 lercmia
1171 4891 1198 4938 et
1212 4881 1389 4953 sigismundo
1403 4881 1615 4954 componimus:

980 4969 1774 5032 Fratereiitet?)bisl)omini.lacobusmicatatquci'bilippus,

981 5034 1178 5097 Hieremiusque
1191 5035 1268 5083 simul
1280 5043 1365 5082 vatum
1378 5033 1523 5083 celebratus
1535 5033 1637 5093 opimus
1643 5045 1650 5087 ;

980 5096 1085 5160 Resque
1101 5096 1282 5158 Sigismuudus
1298 5097 1355 5144 tuso
1368 5110 1413 5152 pro
1425 5096 1551 5156 sanguine
1566 5099 1665 5151 regnat.

1014 5177 1090 5232 Eine
1103 5176 1328 5232 annuntiationes
1342 5175 1457 5244 ultimae,
1473 5175 1506 5230 de
1521 5168 1638 5228 Orientio
1653 5177 1680 5227 et
1694 5170 1774 5228 Amu-

980 5254 1044 5313 tore,
1072 5248 1187 5303 Usuardi
1203 5248 1408 5319 promissum,
1430 5242 1537 5299 tametsi
1552 5257 1645 5296 earum
1659 5244 1775 5318 vestigia

979 5319 1007 5376 in
1023 5320 1240 5391 apographorum
1265 5316 1542 5401 Hieroiiymiarioriim
1569 5315 1774 5372 accessionibus

978 5391 1150 5447 innotescere
1171 5390 1326 5447 rideantur.
1350 5389 1471 5464 bamque
1497 5383 1570 5454 apud
1597 5385 1773 5443 llosandrum

978 5463 1114 5520 asteriscis
1129 5470 1221 5519 notata
1236 5469 1310 5526 sunt,
1335 5475 1366 5513 ea
1382 5455 1417 5510 ab
1431 5470 1491 5525 ipso
1505 5455 1609 5512 editore
1621 5456 1774 5529 adjectitia,

124 5533 236 5594 piantur
244 5526 325 5609 jamj
339 5542 355 5581 a
368 5527 424 5608 ibi,
432 5542 495 5582 cum
506 5528 540 5608 de
553 5526 692 5595 simeone,
700 5541 772 5606 xviii
782 5523 923 5608 Februarii
943 5547 965 5609 ρ
979 5551 1038 5602 seu,
1057 5543 1086 5591 ut
1102 5542 1181 5592 vocat
1195 5530 1392 5593 Florentinum
1404 5525 1498 5607 spuria
1511 5537 1668 5585 censentur.
1683 5531 1774 5602 Atque

124 5598 257 5666 sendum
275 5599 340 5666 lull,
352 5615 456 5654 cursim
470 5597 602 5666 indicate,
614 5605 645 5654 tlt
658 5605 684 5653 θῑ
694 5595 740 5653 ¹¹¹0
753 5596 843 5653 facere
852 5613 923 5668 003¹·
979 5622 1014 5662 ex
1029 5607 1072 5662 bis
1087 5613 1193 5662 constat
1204 5600 1327 5658 laterculi
1338 5614 1402 5654 vara
1416 5598 1666 5672 simplicitasllide
1679 5598 1713 5656 de
1723 5616 1771 5656 cai·

76 5676 78 5693 ²
124 5682 192 5736 uiui,
210 5671 329 5727 remisso
354 5672 455 5727 lectore
481 5670 515 5726 ad
543 5669 750 5727 dissertationes
777 5668 925 5726 hodiernus

123 5735 300 5812 Heusohenii,
317 5741 353 5800 cd
366 5733 603 5826 Exercitationem
615 5739 790 5810 Florentinii,
805 5756 866 5814 pag.
877 5742 922 5810 95,

301 5850 425 5908 Piraei..
448 5838 576 5916 CXXIV.

125 5929 252 6092 Ol

978 5685 1037 5734 tero
1052 5678 1138 5750 ipsius
1152 5671 1290 5732 Amatoris
1310 5672 1387 5740 Acta,
1412 5679 1439 5728 et
1453 5670 1521 5802 ffid
1536 5671 1570 5728 de
1593 5671 1659 5744 ipsis
1673 5671 1774 5729 sentiat

978 5748 1171 5805 Tillemoutius
1187 5752 1261 5799 tomo
1274 5743 1336 5812 XV,
1352 5760 1368 5801 a
1383 5759 1443 5817 pag.
1473 5744 1479 5761 ⁶
1511 5786 1516 5798 .

1585 5840 1602 5895 i
