3834 6136
63 184 136 243 teas

60 336 130 395 Cae.
148 334 209 393 Vll.
232 333 272 389 De
290 335 464 392 sacularibus
484 337 530 407 qui
551 354 613 394 suat
631 354 729 394 naeres
746 338 867 395 dereliu-
881 342 906 400 Α

418 414 512 478 qnunt.

292 514 336 571 Ex
350 514 421 572 libre
436 534 484 585 ivri,
500 533 559 590 cap.
576 515 638 575 305.

98 633 152 704 (vr,
167 628 245 701 226.)
275 630 309 685 lli
325 647 390 687 uero
406 635 557 702 saculares,
573 635 620 706 qui
636 633 752 708 conjuga
765 651 780 692 e
795 652 866 693 con-

58 725 179 785 sortium
195 723 297 796 ahsque
311 725 393 797 culpa
408 727 533 798 grauiore
546 727 701 796 dimittunt,
723 729 766 785 vel
783 729 864 784 etiam

59 815 241 882 dimiserunt,
263 814 353 868 nullas
368 817 463 887 culpas
477 817 586 875 discidii
603 817 782 888 probabiliter
797 835 866 891 pro-

59 913 205 980 ponentes,
222 908 249 958 et
266 911 411 975 propterea
435 921 483 961 sua
509 905 682 962 matrimonia
707 907 863 976 dimittunt,

57 1003 92 1052 ut
106 1001 154 1051 aut
167 991 267 1048 illicita
289 999 337 1047 aut
358 994 448 1050 aliena
471 1004 647 1067 praesumant,
672 995 694 1052 si
719 1004 864 1070 antequam

58 1085 134 1162 apud
145 1082 289 1155 episcopos
300 1085 549 1156 comprovinciales
559 1085 671 1144 discidii
684 1103 778 1144 musas
788 1088 864 1144 dixe·

59 1175 128 1241 rint,
145 1179 172 1228 et
187 1170 347 1246 priusquam
368 1187 468 1228 uxores
485 1172 592 1245 judicio
607 1176 773 1234 damnentur
793 1177 864 1250 abje-

58 1263 160 1330 cerint,
187 1259 416 1323 acommunione
439 1262 580 1334 Ecclesia,
604 1272 631 1322 et
655 1266 743 1323 sancti
770 1268 863 1340 populi

59 1356 144 1417 coetu,
162 1366 211 1423 pro
226 1365 258 1406 ee
273 1349 346 1422 qued
370 1365 424 1423 quo
444 1349 604 1424 conjugium
625 1360 652 1409 et
671 1353 752 1412 fidem
773 1369 864 1411 macu-

60 1439 131 1508 lant,
146 1438 342 1512 praecidantur.

59 1572 126 1629 Car.
143 1572 216 1631 Vlll.
232 1574 271 1630 De
284 1574 395 1632 muliere
406 1590 464 1647 qua
474 1574 574 1631 duobus
585 1573 719 1646 {rutubus
733 1574 862 1650 nupserit,

352 1655 376 1704 et
390 1649 420 1703 de
429 1648 488 1703 eina
502 1648 568 1718 ejus.

257 1753 300 1810 Ex
317 1755 413 1812 eodem
429 1755 512 1824 libro,
527 1773 585 1829 cap.
603 1757 665 1812 371.

97 1870 158 1938 (nrt,
177 1868 252 1941 296.)
269 1869 368 1926 lllulier
384 1888 443 1945 qna
461 1870 568 1928 duobus
581 1871 713 1929 fratribus
728 1872 861 1944 nupserit,

61 1956 146 2029 adjici
162 1958 242 2015 debet
257 1959 390 2031 usquead
405 1960 478 2015 diem
495 1961 601 2028 mortis,
618 1960 665 2016 sed
682 1969 792 2034 propter
806 1960 864 2017 hu-

61 2046 224 2104 manitatem
242 2048 269 2105 in
286 2049 417 2105 extremis
431 2049 488 2105 suis
501 2048 679 2106 sacramentis
690 2050 862 2107 reconciliari

59 2144 192 2210 oportet:
212 2137 249 2194 ita
264 2146 356 2196 tamen
373 2148 403 2196 ut
418 2139 495 2211 prius
510 2139 633 2194 solvatur
650 2137 820 2212 conjugium,
837 2149 863 2197 et

59 2235 171 2285 maneat
184 2229 312 2302 innupta,
324 2239 351 2287 et
366 2229 410 2285 vir
422 2227 481 2299 ejus
496 2228 597 2302 absque
609 2245 695 2285 uxore
709 2228 795 2286 simili
808 2248 863 2304 poe·

58 2316 187 2376 nitentia
202 2319 238 2376 sit
253 2320 389 2377 subditus.
407 2320 485 2388 Qciod
508 2320 531 2376 si
548 2320 603 2376 duo
618 2322 716 2378 fratres
732 2338 794 2378 cum
808 2338 864 2379 una

59 2407 167 2466 semina
189 2409 319 2466 fornicati
339 2411 444 2467 fuerint
468 2411 620 2468 nescientes
644 2412 677 2468 ad
700 2412 863 2470 altemtrum

58 2499 284 2571 fornicationem,
307 2502 401 2559 statim
427 2511 457 2560 ut
480 2504 660 2578 cognoverint
684 2504 861 2576 adulterium,

58 2590 105 2663 qui
123 2606 182 2647 eam
198 2591 280 2649 habet
294 2607 410 2649 uxorem
426 2591 559 2649 dimittat.
572 2592 608 2647 Et
622 2589 790 2664 illequidem
803 2599 864 2665 post

58 2691 151 2742 actam
164 2686 366 2759 purulentiam,
389 2687 412 2744 si
435 2705 506 2745 uxor
520 2687 650 2744 defuncta
665 2686 759 2755 luerit,
775 2693 864 2760 potest

59 2773 140 2830 alteri
154 2775 270 2844 sociari;
299 2778 348 2834 illa
369 2776 491 2847 vivente,
520 2793 701 2850 nequaqnam.
727 2776 777 2831 llla
798 2792 863 2832 vero

59 2882 204 2940 nunquam
225 2869 342 2925 ulterius
363 2869 464 2942 poterit
480 2868 509 2924 iu
524 2866 683 2940 conjugium
704 2866 816 2935 assumi,
836 2874 864 2923 et

57 2955 120 3030 jugi
136 2958 305 3030 penitentie
325 2961 471 3018 summissa
484 2958 518 3015 ad
533 2959 640 3015 exitum
655 2957 718 3014 vitae
733 2974 864 3016 eommu-

60 3048 156 3105 niouis
170 3049 284 3121 gratiam
300 3050 445 3124 percipiat.

59 3179 128 3240 Car.
151 3182 198 3239 lX.
221 3183 259 3239 Dc
277 3182 386 3239 muliere
404 3198 462 3252 qua
480 3176 642 3237 adulteravit
659 3177 748 3233 uirum
762 3191 863 3232 sunau:

97 3254 221 3382 piemp‘lita
239 3261 262 3311 et
285 3253 315 3311 de
338 3254 397 3311 eino
418 3253 464 3324 qui
487 3269 597 3309 marem
619 3266 695 3307 snam
719 3249 864 3307 adultera-

295 3418 461 3485 Excedam,
482 3431 545 3488 cap.
569 3414 631 3472 383.

97 3524 161 3598 (vn,
178 3522 254 3595 298.)
278 3523 379 3579 Mulier
403 3520 506 3575 habens
520 3518 624 3586 virum,
651 3517 674 3574 si
697 3516 865 3577 adulterium

58 3621 270 3696 perpetraverit,
293 3625 321 3672 et
345 3617 452 3673 occulta
472 3615 506 3671 ad
526 3612 726 3672 confessionem
747 3613 864 3684 venerit,

57 3714 167 3779 septem
183 3701 264 3759 annis
279 3702 428 3776 poeniteat;
448 3710 504 3760 tres
517 3704 547 3759 in
562 3718 631 3776 pane
644 3711 671 3760 et
685 3718 764 3777 aqua,
778 3708 865 3760 eate-

59 3810 106 3852 ros
122 3800 242 3866 quatuor
254 3792 283 3847 iu
298 3791 472 3866 providentia
495 3792 547 3849 erit
569 3790 730 3860 sacerdotis,
746 3791 866 3865 qualiter

58 3900 120 3942 eam
136 3883 240 3939 viderit
253 3897 340 3954 posse,
357 3881 434 3937 etita
450 3881 474 3938 ei
491 3882 618 3939 ciborum
633 3880 800 3938 abstInentia
815 3880 866 3938 im·

60 3980 190 4048 ponatur.
208 3972 343 4029 Similiter
357 3980 384 4028 et
397 3971 442 4027 vir
457 3971 561 4027 habens
578 3987 704 4040 uxorem,
723 3972 746 4027 si
761 3971 866 4029 adulte·

60 4063 134 4121 rium
155 4061 363 4137 perpetraverit,
383 4061 476 4130 iaciat,
494 4061 588 4129 idest,
606 4077 654 4134 per
670 4061 820 4119 triennium
836 4070 867 4121 ut

63 4158 119 4212 nou
134 4154 330 4213 communicet.
359 4152 387 4208 Si
400 4151 478 4225 cujus
492 4167 564 4208 uxor
576 4151 743 4208 adulterium
766 4168 867 4227 perpe-

64 4243 189 4311 trauerit,
205 4249 232 4299 et
247 4243 299 4299 boc
314 4258 329 4296 a
344 4240 404 4296 viro
416 4240 617 4314 deprehensum
628 4239 714 4297 fuerit
728 4249 753 4297 et
769 4241 867 4313 publi-,

63 4340 167 4399 catum,
181 4331 305 4387 dimittat
319 4346 434 4386 uxorem
448 4329 471 4385 si
487 4329 608 4385 voluerit
619 4337 731 4403 propter
741 4330 868 4387 fornica-

64 4423 188 4482 tionem:
212 4421 260 4477 illa
275 4436 352 4489 uere,
378 4419 529 4476 secundum
545 4419 619 4492 quod
634 4418 760 4491 superius
774 4418 867 4476 inser-

65 4520 125 4571 tum
141 4518 193 4581 est,
208 4510 318 4584 publice
340 4516 401 4581 agat
416 4507 625 4581 paenitentiam:
648 4507 693 4562 nir
710 4522 776 4563 vero
794 4507 864 4580 ejus,

64 4603 114 4658 illa
128 4601 251 4669 vivente,
267 4599 426 4656 nullatenus
441 4597 540 4654 lrabeat
563 4595 703 4655 licentiam
719 4596 802 4652 aliam
817 4597 866 4654 du·

64 4708 126 4751 cere
147 4706 272 4748 uxorem.
296 4687 376 4756 Quod
391 4688 414 4744 si
439 4687 560 4743 voluerit
583 4685 735 4742 adulteram
755 4685 807 4742 sibi
827 4702 867 4742 re·

64 4780 225 4849 conciliare,
255 4777 397 4837 licentiam
412 4775 529 4833 habeat:
554 4774 593 4832 ita
607 4784 698 4831 tamen
719 4782 750 4830 ut
766 4775 868 4848 pariter

877 3080 899 3142 G

807 186 978 244 CANONES.

1215 338 1362 397 tlrtttus
1381 339 1429 395 IV.

1236 453 1272 492 us
1287 452 1414 492 rucssrrs.

1179 560 1244 618 Car.
1262 561 1283 616 l.
1300 562 1338 617 De
1350 559 1463 616 incestis.

1161 658 1205 712 Ex
1223 656 1294 712 libro
1314 675 1351 726 v,
1372 674 1431 729 cap.
1453 657 1480 715 9.

958 767 1031 839 (Lib.
1044 784 1063 824 v
1075 766 1240 839 Capitulum,
1252 781 1311 837 cap.
1322 765 1362 835 7.)
1373 764 1401 820 Sl
1410 765 1493 821 bomo
1504 765 1637 823 incestum
1647 785 1720 825 corrr-

922 858 1026 916 miserit
1036 875 1098 916 cum
1109 861 1165 916 Deo
1181 864 1285 914 sacrata
1297 863 1344 912 aut
1354 872 1417 913 cum
1433 864 1588 927 matresua,
1600 866 1720 916 autcum

920 948 1038 1004 uratrina
1059 963 1107 1004 sua
1128 947 1161 1002 de
1176 945 1252 1001 fonte
1275 951 1322 1000 aut
1346 943 1567 1009 confirmatione,
1593 953 1641 1002 aut
1656 964 1720 1003 cum

920 1043 1006 1093 matre
1018 1045 1045 1093 et
1058 1037 1126 1105 lilia,
1141 1043 1188 1091 aut
1200 1051 1263 1091 cum
1283 1032 1391 1090 duabus
1412 1033 1562 1102 sororibus,
1584 1050 1649 1092 cum
1664 1051 1721 1091 ma·

920 1129 970 1184 tris
986 1128 1053 1199 filia,
1069 1136 1116 1185 aut
1136 1144 1200 1185 cum
1216 1125 1317 1182 sororis
1332 1125 1399 1194 lilia,
1415 1133 1540 1184 anteum
1555 1135 1648 1200 nepta,
1672 1136 1720 1187 aut

919 1232 981 1273 cum
1011 1216 1177 1274 consobrina
1205 1222 1252 1270 aut
1270 1213 1391 1282 sobrina,
1412 1221 1459 1270 aut
1485 1230 1549 1271 cum
1569 1214 1654 1272 amita
1675 1216 1719 1272 nel

920 1313 1074 1374 matertera,
1094 1314 1142 1362 aut
1161 1321 1224 1362 cuni
1246 1303 1290 1360 his
1313 1303 1417 1377 quibus
1435 1319 1554 1361 canones
1566 1304 1720 1387 probibent

919 1393 1052 1466 copulari,
1068 1393 1103 1451 de
1115 1393 1176 1450 istis
1188 1391 1352 1450 criminibus
1368 1393 1513 1465 pecuniam
1525 1407 1602 1449 suam
1613 1392 1718 1465 perdat,

918 1481 941 1538 si
957 1481 1093 1539 habuerit.
1114 1482 1150 1537 Et
1169 1482 1193 1538 si
1214 1480 1267 1538 hoc
1286 1481 1432 1537 emendare
1452 1481 1593 1551 noluerit,
1625 1480 1720 1539 nullus

918 1586 980 1627 eum
995 1571 1120 1642 recipiat,
1148 1586 1198 1627 nec
1220 1570 1312 1626 cibum
1337 1568 1430 1638 donet,
1451 1577 1478 1624 et
1500 1568 1525 1626 si
1555 1569 1662 1640 lecerit,
1683 1587 1721 1626 nx

919 1659 1023 1715 solidos
1037 1658 1140 1715 domno
1150 1658 1206 1730 regi
1220 1665 1381 1731 componat,
1397 1657 1549 1733 usquedum
1565 1659 1623 1731 ipse
1634 1658 1718 1717 homo

920 1766 948 1806 se
962 1749 1123 1806 correxerit.
1140 1750 1176 1804 Et
1191 1748 1213 1804 si
1225 1749 1369 1820 pecuniam
1384 1765 1439 1806 non
1454 1748 1592 1817 habuerit,
1610 1750 1634 1806 si
1648 1749 1720 1806 liber

920 1847 970 1908 est,
987 1839 1112 1897 mittatur
1127 1839 1154 1894 in
1169 1855 1303 1895 carcerem
1320 1840 1456 1912 usquead
1478 1840 1692 1897 satisfactionem
1711 1855 1719 1898 :

920 1929 942 1985 si
958 1936 1048 1984 antem
1070 1945 1166 1984 servus
1183 1936 1229 1983 aut
1252 1927 1369 1984 libertus
1382 1936 1433 1997 est,
1461 1929 1608 2002 vapuletur
1631 1929 1720 2001 plagis

920 2021 1025 2077 multis.
1043 2021 1078 2076 Et
1092 2020 1115 2076 si
1126 2019 1257 2075 dominus
1271 2036 1337 2076 suus
1352 2036 1415 2076 eum
1430 2021 1586 2092 permiserit
1600 2020 1721 2094 amplius

921 2112 948 2166 in
959 2112 1041 2167 talem
1054 2112 1159 2184 lapsum
1174 2109 1303 2179 incidere,
1320 2110 1379 2183 ipse
1389 2111 1537 2168 insolidos
1547 2111 1651 2168 domno
1662 2111 1719 2184 regi

919 2208 1075 2272 componat.
1089 2201 1126 2255 lle
1141 2199 1255 2271 reliquis
1269 2216 1334 2257 vero
1345 2200 1517 2274 propinquis,
1526 2199 1608 2272 juxta
1617 2201 1720 2258 consti·

921 2296 979 2345 tuta
996 2294 1154 2345 sanctorum
1174 2288 1285 2343 Petrum
1309 2293 1337 2343 et
1356 2286 1438 2357 juxta
1456 2288 1566 2346 decreta
1582 2303 1719 2346 monum

917 2376 1067 2449 judicetur.

1145 2495 1210 2554 Car.
1229 2495 1261 2552 ll.
1276 2495 1315 2553 De
1328 2491 1490 2552 incestuosis.

1124 2587 1168 2642 Ex
1187 2587 1280 2643 eodem
1301 2586 1361 2656 tila,
1382 2602 1441 2659 cap.
1460 2586 1504 2643 et.

954 2697 993 2753 De
1008 2695 1180 2766 incestuosis,
1197 2704 1228 2754 ut
1241 2695 1372 2754 canonice
1394 2695 1597 2765 examinentur,
1612 2701 1640 2752 et
1663 2708 1718 2752 non

919 2792 1030 2858 propter
1044 2783 1162 2855 alicujus
1177 2785 1329 2843 amicitiam
1344 2785 1456 2859 quidam
1472 2785 1640 2854 relaxentur,
1659 2786 1718 2858 qui·

919 2874 981 2931 dam
1001 2891 1065 2932 vero
1084 2874 1319 2948 constringantur.

1093 2991 1159 3052 Car.
1179 2991 1226 3051 lll.
1247 2995 1313 3050 ltcn
1332 2992 1363 3050 de
1382 2991 1543 3050 incestuosis.

1110 3083 1154 3139 Ex
1169 3084 1264 3140 eudem
1279 3082 1361 3148 libro,
1378 3098 1436 3154 cap.
1454 3083 1515 3139 tes.

920 3181 960 3255 (v,
975 3181 1033 3255 98.)
1051 3182 1085 3239 Ut
1103 3182 1225 3254 episcopi
1242 3182 1411 3237 incestuosos
1426 3180 1531 3252 puriter
1551 3179 1719 3253 investigare

919 3272 1047 3328 studeant
1060 3269 1174 3327 omnino
1189 3269 1373 3342 precipimus.
1390 3268 1464 3325 Etsi
1480 3267 1612 3341 poenitere
1623 3271 1717 3326 nolue-

919 3361 986 3429 rint,
1002 3360 1035 3417 de
1050 3360 1164 3418 ecclesia
1178 3359 1363 3431 expellantur,
1378 3357 1465 3416 donec
1473 3356 1509 3415 ad
1525 3358 1717 3431 paenitentiam

920 3458 1101 3507 revertantur.

920 3565 984 3624 Car.
1001 3565 1048 3623 tv.
1076 3566 1109 3622 ut
1121 3561 1235 3637 episcopi
1257 3561 1414 3689 incestatasas
1444 3562 1577 3620 emendent
1603 3569 1627 3620 et
1651 3581 1717 3620 car·

1271 3652 1348 3706 ragan
1363 3681 1368 3693 .

1160 3724 1204 3784 Ex
1218 3725 1324 3794 eodem,
1341 3742 1400 3798 cap.
1418 3724 1481 3784 303.

958 3820 998 3893 (u,
1014 3816 1089 3894 idi.)
1105 3818 1140 3877 Ut
1153 3819 1273 3892 episcopi
1289 3818 1459 3876 incestuosos
1479 3815 1607 3877 homines
1627 3836 1718 3878 emen·

921 3909 996 3980 dent,
1012 3918 1039 3966 et
1054 3926 1180 3982 ariagnem
1194 3909 1365 3982 diligentiam
1379 3908 1498 3966 habeant
1517 3925 1551 3966 ex
1561 3908 1612 3979 eis,
1631 3912 1719 3967 senet

921 3997 954 4055 de
967 3997 1059 4056 uiduis
1069 3999 1141 4055 infra
1151 4016 1230 4057 suam
1251 3996 1408 4071 parochiam
1425 4005 1585 4070 potestatem
1601 3998 1720 4056 habeant

921 4086 955 4143 ad
969 4087 1174 4160 corrigendum.

921 4208 986 4267 Cae.
1003 4207 1038 4264 V.
1058 4207 1090 4264 lit
1103 4203 1193 4260 incesti
1205 4209 1228 4258 et
1239 4203 1384 4274 parricida
1397 4201 1521 4258 canonice
1541 4211 1718 4263 coerceantur.

1171 4293 1215 4348 Ex
1228 4291 1277 4347 lib.
1294 4308 1333 4360 vr,
1350 4307 1409 4363 cap.
1425 4292 1468 4348 rt.

959 4397 1012 4467 (rr,
1028 4392 1084 4463 7l.)
1100 4394 1139 4449 De
1150 4390 1312 4447 incestuosis
1326 4396 1354 4446 et
1370 4389 1515 4462 parricidis
1540 4397 1571 4446 ut
1587 4390 1720 4449 canonice

921 4487 1108 4548 coerceantur,
1118 4479 1190 4535 sicut
1203 4477 1237 4533 de
1251 4476 1301 4534 illo
1313 4476 1469 4548 judicatum
1490 4485 1541 4546 est,
1559 4478 1606 4552 qni
1622 4488 1720 4535 mater·

920 4582 985 4631 tere
999 4590 1054 4631 sua
1074 4571 1159 4628 filiam
1174 4567 1320 4642 stupravit,
1337 4577 1366 4624 ut
1387 4567 1547 4640 conjugium
1574 4568 1646 4626 ultra
1665 4586 1721 4627 nou

922 4670 1035 4735 repetat,
1047 4659 1196 4723 etmilitiae
1208 4658 1351 4731 cingulum
1366 4657 1550 4731 derelinquat,
1565 4664 1592 4715 et
1606 4665 1653 4716 aut
1664 4674 1721 4715 ine·

922 4753 1072 4810 naslerium
1096 4758 1180 4825 petat,
1213 4755 1261 4805 aut
1288 4747 1311 4805 si
1336 4748 1404 4804 ioris
1422 4764 1562 4805 remanere
1589 4746 1720 4816 voluerit,

64 4887 128 4928 cum
143 4870 191 4926 illa
205 4869 398 4942 poenitentiam
414 4875 485 4940 agat,
500 4874 526 4923 et
541 4875 636 4924 exacta
657 4865 819 4939 paenitentia
833 4864 867 4922 ad
922 4851 1045 4916 ²⁰¹¹lP⁰l³
1071 4838 1239 4915 Pfflnilessliae
1258 4838 1411 4896 ⁸⁰⁰¹¹¹¹d¹¹ffi
1439 4855 1558 4897 ⁰³¹¹0119³
1576 4838 1656 4911 lllle
1674 4852 1721 4893 ΘΧ·

64 4957 302 5026 communionem,
321 4959 394 5014 sicut
408 4957 534 5029 superius
549 4955 706 5013 continetur
720 4956 866 5023 insertum,
923 4937 1020 4993 ⁵⁰¹l'ii·

64 5048 178 5120 utrique
193 5045 334 5104 accedant.
347 5045 452 5101 Similis
465 5045 553 5100 lorma
567 5052 594 5100 et
609 5045 638 5099 in
650 5044 765 5100 muliere
778 5059 867 5101 serua·
922 5059 988 5119 (gp,
1005 5059 1053 5116 qq¹
1076 5057 1112 5114 p,
1127 5056 1231 5113 cmg,
1243 5060 1267 5111 ,g
1285 5053 1444 5122 campum„
1463 5068 1494 5108 a,
1510 5051 1541 5106 ge
1561 5049 1676 5123 angmg
1697 5050 1722 5104 ,g

63 5136 152 5194 bitur.
169 5136 198 5193 Si
208 5136 283 5192 enim
299 5136 344 5192 nir
354 5134 413 5207 ejus
429 5133 636 5202 adulteraverit,
649 5132 730 5188 bellet
745 5139 869 5205 potesta·
955 5128 1149 5204 paenitentibus,
1178 5134 1256 5199 atqm
1283 5127 1314 5182 de
1342 5124 1447 5198 jejnnie
1479 5128 1596 5194 quatuor
1627 5125 1721 5192 unipo-

64 5241 121 5291 tem
134 5229 295 5290 dimittendi
309 5229 401 5287 xvirum
413 5234 524 5301 propter
533 5223 868 5294 fornicationem3maneat
958 5219 1029 5259 ium·
1386 5287 1391 5298 ·

63 5329 161 5379 tumen
176 5321 303 5395 innupta,
318 5317 441 5395 quandiu
460 5317 504 5374 vir
519 5315 578 5388 ejus
593 5313 714 5372 vixerit:
734 5313 800 5387 quia
819 5329 869 5372 uec
1154 5292 1197 5347 ΕΧ
1211 5288 1318 5357 0⁰(leffls
1333 5295 1421 5360 (⁵³²1)lte
1435 5284 1495 5342 ¹⁰⁶·
1639 5388 1644 5400 1

64 5409 115 5467 ille
130 5410 212 5469 habet
226 5417 387 5485 potestatem
402 5405 486 5464 aliam
501 5405 623 5479 accipere
644 5404 733 5476 prima
746 5402 866 5472 vivente,
960 5401 1012 5473 (vr,
1029 5396 1103 5470 105.)
1122 5398 1157 5455 Ut
1171 5397 1204 5453 ds
1220 5396 1332 5455 incestis
1346 5403 1373 5452 et
1394 5391 1551 5452 criminosis
1572 5403 1722 5446 marimum

64 5515 117 5559 nec
141 5501 190 5558 illa
213 5501 321 5575 primo,
343 5498 446 5558 habent
466 5505 558 5554 umen
582 5501 742 5570 potestatem
764 5499 869 5551 mmet·
923 5506 1017 5549 curam
1031 5487 1150 5546 habeant
1172 5484 1336 5555 sacerdotes,
1357 5501 1392 5542 ne
1406 5485 1435 5540 iu
1458 5483 1516 5540 suis
1541 5486 1654 5555 pereant
1667 5493 1723 5537 see·

64 5590 143 5664 ipsos
159 5591 347 5651 reconciliare.
901 5659 904 5666 Ι
923 5579 1038 5652 eriblus,
1053 5585 1080 5636 et
1094 5575 1193 5635 anima
1207 5589 1303 5633 eorum
1321 5592 1336 5634 a
1354 5573 1482 5633 districte
1496 5570 1593 5645 judice
1610 5567 1722 5629 Christo
