3834 6136
77 222 115 278 :izi
611 225 926 287 MARTYROLOGIUM.
949 260 983 271 -
1001 229 1105 290 MENS.
1125 232 1191 291 Mat
1225 277 1230 285 .
1641 290 1644 294 ,
1702 241 1753 328 34,

76 348 199 422 tinopoli
213 349 332 405 Romam
349 347 475 418 ductum,
494 352 603 423 corpori
626 353 714 410 sancti
738 353 880 411 Laurentii
896 365 920 423 Α
937 355 1118 414 Eboraoensis
1132 367 1159 415 et
1178 361 1352 429 confessoris,
1369 363 1426 420 vita
1441 372 1469 420 et
1490 366 1632 426 miraculis
1656 372 1736 433 clari.

76 420 262 494 conjunctum
273 419 339 486 luit,
348 428 472 493 tempora
484 421 631 479 Theodosii
638 423 769 495 junioris.
780 426 881 483 Medio·
938 428 969 483 lu
984 429 1100 484 ecclesia
1113 429 1199 487 beatae
1214 432 1306 489 Marisa
1318 432 1347 489 in
1364 435 1453 507 Moyo,
1470 438 1570 494 natalis
1584 443 1672 498 sancti
1682 445 1736 502 Do·

78 495 146 561 lani,
164 492 314 572 translatio
325 490 398 572 beati
414 492 487 549 Petri
503 503 572 550 mart
594 496 642 562 ris,
662 497 769 554 ordinis
780 498 881 554 Praedi·
936 499 1044 554 initiaui
1061 501 1181 582 episcopi
1202 510 1228 558 et
1249 505 1423 562 contessoris.
1451 506 1504 574 Qui
1528 508 1579 565 sub
1600 512 1735 574 Miloberti

77 575 217 623 catorum.
232 561 542 647 Mastidiienii'ginisp
562 512 716 648 Vreceusis.
937 571 1128 641 gloriosissimi
1152 575 1223 646 regis
1246 584 1378 649 tempore,
1412 578 1605 641 Aureliaueusi
1637 584 1739 656 legitur

114 639 242 694 Monam:
261 636 438 692 «Domitiani
448 653 568 708 episcopi
593 646 621 694 et
634 639 881 697 contessoris'l'uu·
937 643 1044 712 synodo
1054 644 1244 702 interfuisse.»
1266 649 1304 703 De
1320 649 1434 715 Placito,
1450 658 1582 724 utsupra.
1603 654 1736 727 «Treoua,

80 709 201 781 gressis,
222 705 416 778 Traiecteusis,
431 707 609 777 Leodieusis;
632 712 705 782 apud
728 713 837 784 Hoyuro
853 713 882 768 iii
937 714 1080 771 translatio
1104 719 1227 788 corporis
1251 728 1351 777 sanctur
1378 722 1511 778 Mastidiae
1538 723 1666 795 virginis.
1686 728 1737 784 Dio

81 783 199 837 ecclesia
212 780 298 860 beatae
312 779 406 860 Mariae
419 781 597 853 quiescentis.
616 782 813 909 Auqustodini
829 784 884 840 de-
936 785 1063 856 septima,
1088 789 1314 846 coiiiioeinoratio
1338 792 1408 865 signi
1432 794 1522 850 crucis
1535 798 1693 867 apparentis
1708 799 1738 855 iii

82 853 185 925 positio
201 851 651 924 muchPlacitiepiscopiltomae,
685 855 803 911 enedicti
816 872 882 927 pon·
936 858 1008 912 cielo
1021 859 1231 931 Hierosolymis,
1251 861 1324 918 circi
1348 863 1442 919 horam
1458 864 1514 921 diei
1540 868 1662 936 tertiam,
1686 876 1738 927 sub

83 925 176 991 titicis,
191 923 239 997 qui
250 920 322 979 sedit
336 923 366 979 iii
378 923 537 1005 episcopatu
553 941 637 981 uuum
650 943 781 993 inensem,
798 927 882 999 impe·
939 927 1100 986 Constantio
1117 948 1187 1001 iege.
1200 932 1280 1000 Quod
1292 934 1404 1007 quidem
1415 936 1586 1008 figurabatur
1596 955 1643 1009 per
1654 949 1737 1012 astra,

83 1005 160 1052 rante
174 995 371 1054 Constantino.
387 1020 397 1044 ι
427 997 496 1053 Deru
512 997 668 1054 minoribus
683 999 801 1055 litteris:
826 1000 883 1055 «Iu
936 1015 952 1054 a
966 1009 1061 1056 sancto
1077 1003 1210 1059 Calvariie
1226 1005 1286 1061 loco
1301 1022 1387 1079 usque
1403 1008 1438 1064 ad
1450 1018 1571 1066 montem
1580 1010 1736 1070 Olivarum.

83 1068 194 1139 angria,
206 1067 295 1123 sancti
309 1067 455 1134 ioannis·
476 1075 530 1125 etc.
543 1075 574 1124 ut
585 1069 710 1126 Graius.
727 1088 733 1125 2
753 1071 882 1126 «Festum
936 1071 973 1125 Et
1001 1074 1132 1130 memoria
1155 1076 1241 1132 sancti
1259 1079 1390 1150 martyris
1413 1080 1541 1137 dcccii.»
1566 1084 1606 1138 De
1619 1092 1738 1157 utraque

84 1140 208 1212 quinque
223 1138 388 1211 gaudiorum
403 1139 504 1196 Maria.
520 1164 530 1188 ι
553 1141 696 1198 Editiones
710 1142 770 1197 aliae
781 1143 821 1197 sic
837 1141 882 1197 ba·
933 1140 991 1214 jairi
1005 1143 1112 1216 signata
1124 1148 1337 1207 annuntiatione
1355 1150 1418 1208 vide
1432 1152 1643 1211 Praetermissos.

83 1212 164 1267 beiit:
189 1237 198 1261 ι
211 1211 366 1280 Bononiam,
378 1210 516 1284 depositio
529 1212 620 1269 sancti
633 1213 747 1271 Joanuis
760 1213 881 1287 episcopi

84 1355 146 1412 viii
162 1357 238 1413 idos.

114 1447 275 1516 Mediolani,
289 1447 392 1503 natalis
409 1446 497 1504 sancti
510 1446 632 1505 Victoris
648 1447 790 1520 martyris,
805 1446 853 1519 qui
866 1462 882 1502 a
895 1447 1028 1519 primaeva
1040 1454 1120 1505 atate
1132 1447 1315 1522 Christianus,
1332 1470 1395 1512 cum
1409 1464 1479 1514 esset
1494 1458 1522 1514 in
1539 1460 1637 1519 castris
1652 1464 1737 1539 impe·

80 1538 198 1593 rialibus
211 1537 302 1606 miles,
315 1539 499 1611 compellente
513 1539 693 1607 Maximiano,
711 1544 743 1594 ut
754 1537 930 1605 sacrificaret,
944 1540 973 1594 iii
988 1539 1160 1597 confessione
1172 1543 1287 1599 Domini
1303 1544 1453 1603 fortissime
1462 1564 1632 1621 persevems,
1645 1556 1737 1627 priuio

84 1625 206 1700 grariter
215 1627 330 1684 fustibus
344 1645 442 1696 casus,
453 1627 501 1685 sed
511 1630 569 1685 Deo
579 1637 748 1702 protegente,
760 1627 866 1687 doloris
879 1645 987 1702 expers,
1005 1628 1070 1686 dein
1082 1629 1199 1703 liquenti
1211 1630 1325 1705 plumbo
1335 1634 1472 1706 pertusus,
1485 1636 1532 1693 sed
1542 1638 1615 1695 nihil
1627 1645 1739 1714 penitus

82 1718 170 1785 laesus,
187 1718 339 1775 noninime
353 1717 467 1790 gloriosi
481 1719 609 1793 martyrii
626 1736 737 1777 cursum
752 1723 851 1796 capitis
865 1723 1017 1782 abscisione
1032 1726 1193 1799 complevit.
1209 1727 1291 1800 Apud
1305 1730 1470 1804 AEgyptum,
1489 1742 1648 1796 sauctorum
1670 1741 1738 1800 Ste-

81 1806 164 1878 phani
179 1816 208 1865 et
222 1806 355 1866 Victoris.

805 1334 1015 1348 -ω--ι--ι

1646 1369 1697 1425 Die
1709 1368 1737 1427 8.

850 1907 874 1963 N
899 1906 968 1963 TAE.

115 1998 156 2054 lta
171 1999 294 2069 Protea,
316 2000 476 2070 lamecen,
491 2002 714 2074 rintorp-Mei,
729 1907 1002 2074 Munerat.,0(lrcnni.
1025 2012 1052 2061 et
1065 2005 1168 2063 Meton.

695 2121 898 2181 vanientes
917 2123 1123 2181 LECTIONES.

115 2216 184 2298 Fere
199 2217 229 2274 in
244 2216 371 2275 minutiis
385 2217 513 2299 vertitur.
531 2217 634 2300 Scribit
655 2220 876 2293 antverp-Maj.
893 2225 916 2286 Β
934 2221 1093 2279 id⁴lortasse
1108 2221 1175 2278 alibi
1204 2225 1382 2281 correxerim.
1408 2192 1448 2284 De
1471 2237 1581 2300 cetero,
1602 2233 1737 2305 miniano.

80 2288 241 2345 Medicinae.
263 2290 416 2372 Tornagen.
444 2290 507 2357 leit,
535 2307 564 2344 in
583 2290 743 2360 consessione
770 2292 880 2349 Domini
934 2298 1101 2362 clerinomiae
1123 2294 1216 2360 riiclii'l,
1243 2297 1321 2365 Daris,
1344 2299 1470 2368 poenitni,
1490 2304 1573 2373 cptid,
1591 2313 1649 2362 etc.
1665 2307 1738 2365 naevi

79 2375 264 2486 ffrneeroiia,
288 2362 401 2418 omissio
421 2360 554 2443 adverbio
577 2361 730 2433 soitnnme,
755 2380 805 2436 pro
826 2380 881 2437 quo
935 2372 1000 2420 sunt
1016 2375 1124 2425 etatem
1150 2382 1228 2423 suain
1250 2368 1422 2426 redolentes:
1439 2374 1611 2444 penultimus
1633 2375 1738 2434 Molaui

109 2441 218 2487 uiierat.
247 2434 340 2514 posuit
362 2438 579 2488 moritaniae.
605 2434 714 2507 Reliqui
743 2434 771 2491 iu
802 2442 882 2493 textu
936 2444 989 2492 est.

81 2502 451 2572 cbicnionentavoleutibus
459 2504 602 2562 codicibus
613 2506 755 2576 omnibus,
773 2506 883 2563 tametsi

758 2625 1059 2687 observationes

119 2719 335 2778 Celeberrimam
356 2722 493 2780 Victor-iia
525 2724 596 2780 atria
610 2733 637 2781 et
653 2741 761 2797 genere,
781 2742 880 2798 cogno·
935 2740 1023 2797 apag.
1039 2723 1100 2780 tor.
1117 2723 1217 2779 Exstat
1237 2723 1320 2780 etiam
1343 2723 1373 2780 in
1389 2725 1477 2794 ActIs,
1494 2725 1619 2801 Gregorii
1642 2727 1736 2786 'l'uro-

83 2740 880 2869 meutoMnura'martyrisMedioVauensisrneiiioriamapuil
935 2797 1029 2852 nensis
1054 2796 1082 2851 in
1104 2795 1227 2851 Victoris
1240 2796 1355 2867 gloriam
1370 2798 1504 2854 naroatio.
1524 2800 1580 2856 Nec
1594 2799 1736 2859 reticenda

83 2864 194 2919 Latinos
211 2864 298 2920 fuisse
311 2866 521 2940 olimoportuit,
532 2876 563 2924 ut
583 2878 627 2924 ote
638 2885 719 2940 quem
731 2868 882 2941 predicent
936 2875 977 2924 est
991 2867 1080 2923 nitida
1094 2867 1286 2924 Wandelberti
1301 2869 1409 2940 poetica
1423 2872 1578 2929 exornatio.

84 2936 552 3010 Martyrologiautiquiouineasolis
591 2940 813 2996 daetl'loroexce
833 2941 880 2996 tis.
983 2949 1074 2997 ldiiina
1089 2952 1187 2996 octavis
1198 2949 1338 2997 treatment
1353 2956 1416 2998 orae
1430 2962 1548 3000 coruscat

83 3008 247 3079 Apographa
255 3008 656 3139 Hieronymianzlpraeeipuaah
664 2958 881 3068 eosanctogfiem
984 3011 1083 3074 Martyr
1091 3013 1220 3072 praecipuo
1232 3012 1392 3060 venerandus
1403 3011 1585 3063 Victornmore
1595 3015 1705 3079 (honore
1713 3017 1735 3082 l)

84 3081 448 3150 auspicanturchdiotcno,
480 3085 581 3138 ntcris.
591 3084 745 3139 Romanuin
755 3099 881 3155 parvum,

85 3149 144 3204 hdo
156 3160 182 3206 et
195 3152 325 3208 Dabanas
340 3153 454 3209 unicum
469 3155 550 3210 iiluiii
565 3154 647 3211 hodie
657 3155 834 3211 annuntiant.
850 3156 883 3211 lu

86 3220 168 3293 priori
184 3224 277 3279 solum
293 3224 411 3296 iegitur:
427 3227 581 3294 Mediolani,
595 3228 679 3282 sancti
692 3227 884 3284 Victoiirmcr·

87 3293 159 3363 ipris.
176 3293 294 3351 Diversa
307 3304 385 3364 suut,
401 3297 466 3353 licet
480 3313 514 3353 ex
526 3297 623 3354 iisdem
636 3298 714 3355 Actis
727 3307 881 3366 sumantur,

86 3364 189 3421 Adonis
204 3373 231 3421 et
247 3367 352 3423 Rabani
373 3369 471 3440 elogia.
487 3369 623 3425 Motlierus
638 3370 757 3442 primum
774 3376 884 3425 secutus

86 3444 135 3501 est,
150 3439 191 3491 uti
208 3445 235 3492 et
249 3439 359 3506 Noster,
373 3440 422 3511 qui
438 3440 542 3496 Adonis
558 3441 649 3497 verbis
662 3441 772 3514 quidem
784 3441 882 3510 utitur,

86 3507 132 3563 sed
147 3525 223 3564 more
240 3526 291 3564 suo
307 3511 401 3582 aliqua
411 3510 544 3585 relinquit
559 3512 828 3581 intacta,aNotliero
842 3512 883 3567 iu·

86 3585 161 3650 tegre
174 3589 371 3652 transsumpta.
397 3582 494 3638 Utrum
516 3583 550 3639 de
569 3584 650 3657 elogii
666 3585 783 3638 veritate
797 3582 886 3638 dubi·

87 3649 201 3706 tauduui
217 3653 265 3717 sit,
276 3652 350 3708 haud
357 3653 485 3725 equidem
501 3654 581 3726 plane
596 3656 749 3728 perspicio;
769 3655 883 3722 loiiteiu,

86 3736 120 3776 eri
135 3738 191 3794 quo
205 3732 347 3796 acceptum
360 3732 413 3789 est,
427 3725 541 3781 oiuuiuo
554 3743 652 3798 puruiii
668 3743 725 3782 nou
740 3742 798 3782 esse
819 3727 884 3781 late·

88 3799 133 3848 tur
157 3794 357 3863 Meuscheuius,
379 3796 428 3851 atii
452 3797 538 3852 ferme
555 3814 590 3853 ex
610 3806 667 3854 toto
683 3797 885 3870 repudiandum

88 3863 263 3919 existimant.
279 3866 347 3922 Vide
365 3874 426 3941 quai
445 3868 475 3923 iu
494 3868 698 3926 Commentario
719 3871 887 3943 pravioex-

88 3933 256 4005 penduntur
271 3952 372 3995 auum.
385 3939 404 3995 8
418 3947 445 3995 et
460 3940 533 4013 apud
545 3940 756 3998 Tillemoutium
770 3949 846 3996 tomo
861 3938 886 3998 V

972 3082 1110 3139 Hactenus
1119 3098 1234 3139 concors
1249 3091 1373 3139 veterum
1388 3088 1535 3141 sententia.
1548 3085 1601 3154 Qui
1619 3103 1737 3160 seqiiuu·

937 3161 992 3221 tur,
1019 3155 1166 3225 Stephanus
1184 3162 1209 3209 et
1241 3154 1337 3223 Victor,
1362 3155 1397 3210 ab
1420 3156 1544 3212 Usuardo
1559 3174 1594 3213 ex
1616 3159 1737 3230 prelatis

938 3226 1163 3297 hieronymianis
1178 3224 1330 3298 consignati
1346 3233 1427 3290 sunt:
1442 3227 1497 3292 iibi
1508 3228 1619 3285 dubitas
1629 3246 1663 3284 au
1676 3246 1735 3302 pro,

939 3297 1065 3367 Stepliuiii
1080 3306 1107 3354 et
1132 3298 1254 3363 Victoris,
1282 3314 1337 3351 uon
1362 3298 1397 3352 sit
1411 3296 1609 3367 scribendum?
1627 3301 1737 3356 Victoria

938 3374 963 3423 ct
976 3369 1124 3439 Stephane,
1141 3376 1172 3423 ut
1192 3368 1257 3423 lecit
1271 3366 1408 3423 Notkerus
1422 3375 1483 3438 post
1508 3369 1736 3440 Hieronymiana,

939 3438 1000 3494 aliis
1026 3439 1191 3494 Jcrincricin
1213 3436 1437 3508 adjungentibus.
1464 3438 1562 3493 Nescio
1585 3454 1651 3495 ana
1671 3456 1737 3498 vero

939 3511 1058 3565 niultuin
1082 3508 1261 3576 aberraverit,
1285 3508 1332 3590 qiii
1355 3507 1500 3579 legendum
1516 3518 1604 3581 putet,
1625 3512 1739 3568 Victoris

939 3591 966 3638 et
989 3582 1108 3638 Corona.
1133 3583 1169 3638 At
1189 3596 1253 3638 cum
1273 3581 1360 3637 Victor
1383 3589 1410 3634 et
1432 3581 1599 3651 Stephuriasi
1622 3582 1737 3655 Aprilis,

944 3652 1032 3711 Victor
1045 3658 1069 3706 ct
1085 3654 1191 3709 Gororic
1206 3669 1255 3707 xlv
1269 3650 1334 3707 Maii
1354 3661 1505 3720 recurrant,
1522 3654 1616 3709 malim
1628 3654 1680 3710 hac
1694 3653 1740 3712 die

940 3724 1057 3780 Usuardi
1074 3724 1160 3780 textui
1177 3724 1313 3791 insistere,
1329 3722 1460 3796 quemad
1484 3723 1543 3795 ejus
1557 3733 1678 3782 mentem
1693 3726 1740 3785 hic

959 3796 1020 3851 lane
1044 3811 1203 3867 cupressum
1224 3811 1293 3862 esse,
1317 3793 1446 3873 equidem
1465 3796 1560 3851 nullus
1574 3795 1684 3853 dubito.
1699 3799 1739 3855 De

940 3813 989 3993 Vils³
1000 3866 1162 3947 brevissime
1173 3867 1397 3924 iiiActisuostris
1411 3865 1464 3922 hoc
1476 3866 1521 3922 die
1531 3866 1657 3940 disputat
1667 3869 1738 3926 Meu·
1817 3867 1823 3877 “

941 3956 969 3995 sc
991 3954 1081 3996 onius.

816 4054 1008 4115 sectarim.

122 4158 274 4244 Hermian.
295 4162 327 4219 lu
349 4164 459 4237 reliquo
473 4174 553 4224 textu
566 4166 742 4241 purissimus,
762 4183 781 4293 g

89 4240 213 4287 sanctum
224 4233 371 4290 hicdenuo
380 4237 486 4305 inserit,
496 4239 535 4293 ita
544 4239 666 4295 scribens
676 4256 759 4296 secun
781 4239 882 4294 oloco:

93 4327 106 4383 .‘
120 4304 227 4385 Eodem·
236 4304 292 4373 die,
307 4306 445 4388 depositio
460 4311 547 4365 sancti
567 4310 693 4367 Gibiiaui
708 4309 885 4377 confessoris,

92 4389 121 4428 iii
136 4376 247 4431 ecclesia
261 4386 350 4433 sancti
366 4380 480 4451 Remigii
498 4383 674 4454 quiescentis.
693 4408 702 4430 ι

128 4445 279 4503 Pausanias.
294 4450 336 4505 tta
350 4450 477 4518 orditur;
503 4479 511 4499 ·
528 4454 559 4509 In
581 4461 674 4508 monte
690 4453 745 4510 Gar
763 4469 825 4520 auo,
842 4468 887 4523 ap·

91 4516 190 4588 paritio
204 4517 357 4601 beatissimi
372 4522 514 4578 Michaelis
533 4524 699 4605 archangeli.
725 4471 775 4580 Uhi
802 4524 888 4595 ipsius

90 4597 193 4643 sacrata
206 4591 314 4647 nomini
329 4590 449 4648 habetur
458 4595 582 4663 ecclesia,
597 4596 646 4650 vili
658 4596 889 4662 tactaschoinate,

91 4659 136 4741 sed
150 4661 254 4717 caelesti
263 4663 387 4790 Γιωιιίῑιι
402 4666 533 4721 virtute.»
554 4667 624 4724 Vide
639 4667 760 4722 tabulam
776 4667 888 4721 Praeter·

92 4748 245 4789 missorum.
278 4752 295 4790 n
311 4735 423 4792 Victore
437 4738 634 4794 Mediolanensi
645 4756 732 4811 purus
745 4745 795 4794 est.
807 4740 889 4794 Deest

91 4804 186 4859 ultiiiia
199 4809 394 4865 annuntiatio.

124 4878 268 4933 arri-rie.
280 4887 306 4934 et
321 4880 388 4935 Max
401 4879 521 4938 -Liineo
533 4880 633 4937 Tentui
644 4898 712 4955 puro
723 4880 886 4952 subjiciunt:

101 4947 185 5026 diem
203 4949 309 5005 Elladii
320 4951 452 5023 episcopi.
469 4953 652 5009 »adnectunt
667 4960 814 5025 praeterea:
839 4953 889 5007 ‹lu

95 5021 229 5075 territorio
240 5022 400 5090 Bisuutiuo‚
412 5027 577 5082 monasterio
588 5025 763 5092 Bellievallis‚
776 5024 889 5079 transla-

94 5088 142 5169 tio,
156 5092 229 5160 (alii,
259 5095 363 5164 natale)
390 5097 478 5151 sancti
493 5097 565 5152 Petri
587 5097 709 5169 episcopi
728 5104 756 5151 et
782 5094 886 5152 curules·

93 5175 194 5217 soris·

106 5233 275 5312 ⁴Itoanerii.
287 5238 319 5293 In
334 5239 407 5295 tine:
433 5261 442 5284 ι
458 5237 587 5309 Traiecti,
604 5239 729 5296 Wironis
744 5239 892 5295 contesso-

91 5319 136 5429 qis.
155 5308 259 5434 hvide
273 5309 308 5365 de
322 5327 355 5367 eo
368 5309 509 5383 egregium
523 5311 650 5367 Bollandi
661 5310 891 5367 commentarium

111 5393 143 5433 oc
178 5395 213 5435 ie.

122 5451 890 5522 harinae-Mau.,LuraniunetEoirioDiruta-Dauo.

783 4166 884 4222 atrium
901 4166 923 4228 G
941 4161 1062 4236 episcopi
1083 4169 1111 4219 et
1134 4160 1334 4218 confessoris·
1356 4159 1388 4218 lii
1408 4160 1632 4221 Lernen-Beue.
1658 4163 1740 4222 Deest

940 4234 1115 4292 annuntiatio
1125 4234 1209 4288 Petri.

977 4307 1156 4371 Uirsiiaur,
1173 4307 1308 4375 lernen„
1320 4307 1480 4362 danencurt.
1500 4312 1527 4361 et
1547 4307 1645 4363 Danic.
1663 4305 1741 4364 iuci-

961 4377 1021 4433 iuiit
1034 4397 1039 4433 :
1059 4378 1106 4432 «lu
1120 4377 1228 4448 Apulia
1241 4377 1344 4433 sinibus
1356 4386 1449 4433 incute
1460 4376 1595 4449 Gargano,
1613 4379 1740 4434 inventio

941 4394 1013 4505 Beati
1022 4448 1124 4504 archan
1143 4449 1179 4503 eli
1188 4447 1358 4504 Michaelis·
1377 4449 1521 4521 Sequitur:
1541 4450 1732 4516 cMediolauip

942 4530 994 4576 etc.
1013 4536 1089 4590 pure.
1105 4522 1129 4574 A
1165 4525 1190 4573 st
1213 4545 1222 4565 ι
1236 4519 1379 4589 Stephani,
1394 4543 1403 4567 ι
1421 4528 1472 4575 etc.
1483 4521 1522 4574 De
1536 4519 1741 4575 EliadioetPe·

943 4600 996 4658 tro,
1013 4599 1043 4646 ut
1057 4589 1183 4660 proxime
1198 4588 1333 4644 diximus.

979 4664 1137 4720 Uerrucius.
1162 4685 1170 4706 .
1185 4659 1342 4724 Mediolani,
1358 4659 1445 4714 sancti
1460 4659 1583 4717 Victoris
1597 4662 1738 4736 martyris.

943 4734 975 4790 lii
990 4734 1120 4805 AEgypto,
1138 4739 1295 4788 sauctorum
1316 4729 1447 4801 Stephani
1464 4739 1491 4786 et
1509 4731 1638 4790 Victoris.
1655 4735 1743 4791 Auti-

943 4805 1064 4871 siodiiro,
1093 4804 1181 4860 sancti
1197 4802 1315 4860 Melladii
1334 4802 1454 4874 episcopi
1469 4811 1497 4860 et
1517 4805 1691 4864 contessoris.
1710 4807 1742 4862 lu

943 4876 1108 4934 Sairctonico
1124 4877 1276 4933 Vetareuse
1290 4875 1427 4941 coeuobio,
1443 4876 1530 4934 sancti
1556 4879 1668 4934 Martini
1692 4877 1741 4931 ab·

943 4948 1024 5005 batis.
1041 4973 1049 4995 ι
1071 4948 1232 5004 Remittitur
1246 4946 1279 5002 ad
1295 4963 1362 5001 xxiv
1378 4946 1515 5004 Octobris.
1541 4949 1669 5004 «Eodem
1685 4944 1741 5015 die,

944 5019 1089 5075 translatio
1103 5019 1191 5075 sancti
1207 5018 1335 5074 Gentiaui
1349 5020 1488 5091 martyris.
1502 5043 1511 5068 ι
1534 5018 1680 5075 Coliturxi
1690 5016 1741 5073 De·

944 5090 1072 5148 cembris.

981 5164 1159 5217 Biiciraiiun.
1176 5162 1206 5217 lii
1221 5169 1299 5217 textu
1316 5162 1397 5218 solito
1412 5160 1517 5238 purior,
1543 5158 1602 5213 haec
1624 5157 1738 5239 adjicit:

953 5259 962 5282 ι
980 5235 1041 5302 lpse
1053 5232 1108 5300 die,
1125 5235 1211 5289 sancti
1237 5233 1347 5288 Martini
1364 5232 1537 5288 contessoris.
1554 5230 1585 5284 tii
1600 5232 1743 5287 territorio

946 5305 1092 5362 Bisontiiio
1107 5306 1273 5360 monasterio
1289 5302 1462 5379 Dellaeiallis‚
1483 5301 1571 5380 sancti
1590 5301 1664 5358 Petri
1679 5302 1744 5376 epi-

946 5377 1021 5448 scopi
1037 5383 1063 5431 et
1077 5375 1251 5432 coiiiesseris.
1267 5376 1303 5429 Et
1316 5378 1403 5426 sancti
1416 5371 1554 5442 Dionysii,
1570 5375 1640 5430 sexti
1663 5374 1744 5432 Vien-

947 5450 1040 5506 nensis
1063 5448 1195 5520 episcopi.
1221 5471 1229 5492 ·
1256 5443 1387 5500 Dillertur
1412 5441 1441 5495 in
1470 5441 1543 5499 diem
1572 5454 1742 5518 sequentem.

92 5518 120 5575 lu
136 5521 252 5579 Victore
266 5525 329 5596 puri
353 5535 429 5583 sunt.
445 5529 483 5583 De
504 5525 654 5598 Stephano,
674 5535 725 5582 etc.
746 5524 830 5593 nihil,
845 5523 892 5580 sed
907 5530 931 5589 Ι)
956 5546 965 5569 ι
982 5519 1170 5586 hutisiodoro,
1183 5515 1269 5573 sancti
1283 5510 1386 5567 Eliadii
1397 5513 1517 5586 episcopi
1529 5525 1555 5572 et
1565 5517 1742 5574 contessoris.

93 5590 251 5651 immediate
266 5595 458 5679 subjungunt:
479 5598 686 5666 «autisiodoro,
700 5599 790 5669 natale
804 5598 892 5652 sancti
947 5595 1016 5650 lteui
1031 5593 1167 5664 apparitio
1181 5588 1269 5644 sancti
1280 5582 1423 5667 Michaelis
1437 5587 1604 5668 archangeli.
1619 5588 1673 5670 Qui
1683 5603 1744 5644 saii-

91 5662 192 5722 Eliadii
202 5667 325 5740 episcopi
341 5677 370 5726 et
384 5669 559 5726 confessoris.
575 5671 606 5726 ln
622 5669 762 5726 territorio
786 5668 895 5726 Visun·
948 5677 1022 5722 ctum
1039 5664 1204 5719 hucbertum
1220 5656 1427 5736 Abrincatensis
1442 5660 1569 5740 'ecclesiae
1584 5674 1744 5739 episcopum

93 5736 160 5806 tino,
175 5739 348 5797 monasterio
359 5741 537 5811 Bellaevallis,
548 5743 639 5798 natale
649 5742 736 5798 sanni
750 5741 824 5797 Petri
839 5739 895 5813 epi·
948 5737 1043 5803 semel,
1056 5735 1156 5787 iteruin
1170 5735 1198 5810 et
1215 5735 1300 5811 tertio
1315 5727 1472 5799 admonuit,
1483 5738 1527 5812 ¹ut
1540 5746 1571 5785 ιιι
1587 5746 1667 5799 mari,
1684 5731 1745 5812 loco

92 5810 164 5883 aopi
193 5819 225 5868 et
246 5812 427 5871 marmoris.
447 5812 551 5872 bouem
576 5813 633 5881 eie,
656 5814 745 5872 aneti
769 5810 895 5871 witonis
949 5808 997 5881 qui
1012 5807 1316 5877 properantissime
1341 5799 1575 5868 riniacensis,
1600 5800 1747 5857 sociatam
