3834 6136
141 215 208 274 lbll

415 211 586 274 amellam
605 210 847 272 Lauuuuurtsrs
866 210 1024 271 EPISCOPI
1044 210 1226 271 OPUSCULA
1246 210 1290 268 El*
1309 206 1501 268 EPlSl'OLAE.

1719 206 1783 277 teja

138 378 274 442 suscepto,
291 367 364 443 quod
380 367 455 424 omni
474 364 525 424 sub
546 366 602 423 sole
621 365 726 438 adjacet
752 365 791 421 rei
817 365 971 437 locoqueA
990 371 1122 421 tumtum
1138 363 1287 420 accuratim
1304 359 1464 435 procurabo.
1483 358 1616 431 Alioquin
1629 355 1789 415 reminiscor

137 467 281 533 prospecto
295 456 480 514 nihilominus
488 455 650 528 regulariter
661 472 793 526 congruo,
808 453 934 511 funditus

137 557 164 606 et
179 549 333 620 despective
361 563 417 604 non
446 546 624 604 detrectative
643 545 809 603 tractandam
825 554 935 617 pertra-

136 645 223 706 ctans,
242 637 342 694 litteris
365 638 447 693 dante
471 637 528 692 Deo
541 636 681 693 canonicis
696 634 871 692 rescribendo
886 650 936 690 re-

135 726 281 799 spondere,
296 737 362 785 voto
376 735 502 801 compote
518 735 545 783 et
563 727 621 784 vita
644 726 755 794 comite,
777 741 839 782 cum
855 733 936 783 actu-

926 1059 980 1124 X·

991 462 1017 511 et
1027 455 1055 511 in
1070 455 1242 527 hocnegotio
1258 454 1334 511 illius
1349 452 1489 526 sapientis,
1505 448 1587 523 cujus
1602 448 1701 506 crebro
1711 450 1793 521 agitis·

991 545 1160 601 mentionem
1175 545 1310 603 dicentis:
1330 542 1383 613 Qui
1396 540 1476 614 jubet
1488 539 1676 614 impossihile,
1692 538 1752 613 ipse
1763 557 1790 598 se

991 634 1057 691 lacit
1071 634 1319 708 contemptibilem.

1142 908 1716 922 mmo—‘-
1723 907 1785 920 —-

532 1210 783 1274 RECerhlATlO
806 1210 854 1271 ΕΤ
876 1208 1155 1271 Phocuaalnrlo
1178 1209 1382 1276 HINCblAlll.

626 1367 677 1436 Qui
691 1366 823 1440 qttoadom
835 1372 952 1439 preerat
968 1364 1088 1423 uecteste
1103 1365 1283 1425 Laudatueusi.

167 1636 285 1696 Domine
297 1640 325 1691 et
338 1646 445 1691 summe
456 1640 662 1707 paterpatrum,
677 1638 703 1690 et
717 1639 806 1691 rector
821 1631 930 1705 pontifi·
947 1636 971 1695 A
985 1631 1030 1689 cio
1048 1629 1164 1704 quodab
1177 1630 1234 1703 ipso
1249 1628 1370 1702 patiebar
1384 1629 1604 1704 archiepiscopo.
1621 1631 1691 1704 Legi
1707 1650 1789 1692 manu·

131 1742 205 1793 cunr,
221 1724 338 1780 loannes
352 1723 465 1779 nomine
472 1728 499 1777 et
515 1719 622 1776 meritis
638 1730 744 1792 vocate,
760 1719 826 1776 audi
838 1737 933 1777 vocem

131 1809 357 1887 proclamationis
372 1828 449 1878 meae,
460 1816 487 1865 et
502 1808 601 1866 exaudi
617 1825 713 1866 vocem
732 1809 933 1881 deprecationis

132 1918 209 1970 meae,
226 1916 384 1973 compassus
398 1915 485 1955 cause
501 1897 666 1954 calamitatis
677 1913 753 1953 mero.
770 1898 794 1952 A
809 1897 933 1953 lihame-

130 2006 192 2045 ram
209 1987 415 2058 archiepiscopo
426 1987 460 2042 ad
474 1986 612 2059 synodum
626 2002 686 2041 sum
702 1993 815 2041 vocatus
829 1987 863 2043 ed
878 1989 931 2043 Du·

130 2076 236 2132 eiacum
254 2074 361 2140 villam,
386 2090 466 2146 quam
493 2071 640 2130 constituit
659 2073 829 2131 hebdomada
844 2077 933 2148 prima

131 2164 233 2223 mensis
248 2164 374 2237 Augusti,
385 2173 412 2220 et
424 2165 532 2221 monuit
548 2180 590 2219 me
605 2163 638 2220 de
653 2163 734 2221 certis
745 2166 834 2222 causis
849 2183 932 2239 para-

129 2261 190 2313 tum
207 2272 265 2312 esse
288 2252 390 2310 ibidem
413 2260 444 2309 ut
470 2253 673 2327 responderem.
696 2255 738 2311 nd
762 2272 844 2330 quam
867 2274 930 2315 cum

130 2347 313 2414 festinassem,
326 2343 463 2400 violentia
476 2342 572 2401 hostili
588 2344 616 2400 in
634 2343 725 2400 medio
736 2344 834 2402 itinere
844 2363 931 2418 segre·

129 2445 207 2510 gatus
221 2452 281 2493 sum
294 2434 328 2492 ab
338 2434 438 2491 ovibus
452 2433 531 2503 meis,
542 2434 667 2507 privatus
679 2451 739 2490 sum
755 2444 782 2492 et
798 2436 931 2509 spoliatus

129 2527 258 2584 omnibus
275 2525 355 2583 rebus
364 2525 442 2591 meis,
452 2525 601 2596 perductus
613 2542 672 2582 sum
687 2525 720 2581 ab
731 2525 833 2582 eisdem
846 2525 930 2581 hosti·

128 2615 180 2672 bus
194 2630 280 2687 usqne
294 2614 327 2670 ad
339 2615 478 2687 praelatam
491 2614 596 2670 villam.
613 2615 644 2670 ln
655 2632 708 2688 qua
721 2632 784 2673 cum
800 2615 929 2672 consiste·

129 2722 198 2775 rem,
206 2704 262 2777 jam
278 2705 368 2761 stabat
379 2722 427 2761 rex
442 2704 556 2762 Carolus
570 2713 634 2762 aute
647 2706 737 2779 ipsum
748 2705 929 2779 archiepisco·

128 2811 195 2869 pum
216 2812 319 2862 meum,
346 2802 441 2850 tenens
466 2795 495 2850 in
511 2812 592 2850 manu
608 2796 783 2868 scripturam,
801 2802 929 2869 reputans

127 2902 171 2942 mc
185 2901 242 2942 esse
253 2883 403 2958 perjurum,
429 2883 494 2956 quia
519 2884 632 2941 Ilouram
650 2885 709 2940 eino
724 2903 773 2940 sua
787 2887 928 2942 voluntale

988 1719 1039 1775 bus
1049 1727 1145 1775 tenens
1160 1717 1334 1774 auctoritates
1353 1717 1420 1773 lulii
1441 1734 1527 1791 papae,
1544 1726 1573 1775 et
1588 1718 1694 1776 Felicis
1707 1737 1789 1796 papa,

988 1808 1118 1865 videlicet
1132 1825 1163 1865 ea
1178 1824 1237 1882 que
1253 1807 1304 1880 ipsi
1319 1807 1347 1863 iu
1363 1806 1401 1864 eis
1417 1807 1607 1879 praesrpuntde
1622 1812 1791 1883 appellatio·

987 1899 1068 1955 uibus
1091 1898 1379 1971 episcoporumque
1410 1898 1479 1954 mihi
1495 1898 1602 1955 servari
1628 1901 1790 1974 appellando

986 1987 1077 2043 sedem
1104 1986 1283 2058 apostolicam
1312 1993 1448 2057 prostrato
1462 2002 1578 2059 corpore
1606 1988 1726 2061 expetii.
1742 1990 1785 2047 sed

986 2080 1057 2136 nihil
1069 2079 1169 2134 horum
1186 2094 1245 2134 moa
1259 2079 1358 2150 petitio
1371 2077 1501 2135 obtinuit.
1518 2079 1573 2137 Sed
1589 2096 1682 2154 neque
1696 2082 1788 2141 littere

987 2168 1152 2243 apostolicae,
1174 2183 1240 2240 quas
1256 2167 1325 2224 mihi
1349 2169 1562 2241 praesentialiter
1577 2170 1705 2240 dederat,
1720 2189 1789 2248 quo-

986 2259 1061 2316 niam
1076 2257 1273 2326 mevocebant,
1302 2265 1332 2313 ut
1356 2258 1587 2331 procrastinando
1612 2261 1712 2319 venire
1736 2280 1787 2320 non

986 2349 1134 2416 differrem,
1149 2347 1171 2403 si
1187 2354 1275 2403 status
1285 2348 1338 2403 moi
1350 2346 1487 2420 jacturam
1498 2350 1640 2407 sustinere
1656 2368 1712 2410 non
1730 2353 1788 2412 vel-

987 2435 1050 2505 lem,
1059 2437 1209 2510 quidquam
1221 2436 1434 2508 praevaluerunt.
1448 2438 1591 2497 iudicium
1610 2443 1741 2516 prelatus
1750 2459 1785 2500 ar·

985 2525 1175 2598 chiepiscopus
1200 2540 1282 2599 super
1304 2543 1346 2583 mc
1368 2527 1512 2600 imposuit,
1538 2536 1569 2585 ut
1591 2530 1629 2586 ab
1645 2530 1785 2606 episcopali

986 2615 1169 2671 rcrnavendas
1192 2631 1276 2671 essem
1301 2616 1402 2673 officio.
1424 2617 1477 2673 Sed
1504 2617 1554 2674 alii
1575 2621 1724 2692 gemebant
1736 2622 1784 2678 ll:-

983 2705 1113 2780 bamque,
1126 2706 1197 2762 inter
1211 2724 1280 2779 quos
1294 2709 1403 2763 nullum
1414 2709 1539 2764 merebar
1558 2710 1616 2782 pati
1634 2711 1783 2769 inimicum.

985 2802 1092 2873 Scripta
1111 2800 1221 2874 quidem
1238 2802 1271 2857 ah
1285 2802 1379 2858 eodem
1391 2801 1601 2877 archiepiscopo
1618 2804 1685 2878 ipsis
1700 2807 1783 2880 impo-

983 2889 1036 2946 sita
1060 2890 1187 2947 manIhus
1213 2899 1347 2960 tenentos,
1375 2891 1422 2947 sed
1445 2908 1491 2948 ore
1512 2893 1640 2965 prolerre
1654 2897 1781 2968 nolentes,

127 2975 261 3048 miserim,
286 2986 312 3034 et
328 2976 468 3049 imputans
493 2976 568 3048 quod
590 2992 654 3031 eum
669 2975 868 3033 accusaverim.
885 2974 928 3032 nd
947 3007 967 3066 Β
983 2980 1065 3037 inviti
1081 2983 1129 3038 vix
1152 2982 1236 3038 verba
1257 2981 1466 3054 singultiebant,
1495 2982 1606 3040 aditum
1636 2993 1728 3043 tamen
1752 2987 1782 3044 ad

126 3086 185 3143 quae
201 3068 272 3124 idem
283 3066 503 3138 archiepiscopus
530 3080 572 3122 me
590 3066 752 3138 respondere
764 3064 857 3138 jussit.
875 3065 925 3123 Cui
981 3070 1073 3128 sedem
1099 3073 1278 3146 apostolicam
1305 3072 1420 3129 minime
1448 3079 1591 3144 sperantes
1620 3075 1692 3132 mihi
1711 3093 1782 3150 posse

124 3156 467 3232 egerespondi‚quiapro
484 3153 701 3229 his,dequibus
718 3157 926 3215 meadmonue-
982 3160 1120 3233 denegari.
1150 3162 1237 3232 Unde,
1267 3163 1344 3218 salvo
1371 3179 1419 3235 per
1433 3161 1527 3219 omnia
1541 3163 1617 3221 sedis
1632 3167 1782 3238 apostoliea

124 3257 167 3306 rat
178 3248 207 3306 lu
222 3248 316 3306 eadem
331 3246 438 3322 synodo
456 3263 513 3304 esse
528 3256 652 3320 paratum
670 3257 700 3305 ut
722 3245 925 3320 responderem,
978 3248 1096 3322 jndicio,
1113 3251 1163 3324 ipsi
1180 3250 1264 3308 sanem
1284 3251 1412 3309 lectionis
1426 3251 1626 3313 terminavere.
1649 3256 1781 3317 Posthac

125 3347 234 3414 paratus
247 3356 320 3397 eram
332 3337 442 3412 scriptis
456 3338 621 3410 respondere
638 3357 644 3395 :
672 3355 732 3410 quae
754 3339 857 3411 scripta
872 3354 927 3411 pre
981 3339 1158 3397 transmissus
1172 3357 1233 3397 sum
1247 3341 1275 3396 in
1287 3342 1427 3412 exsilium,
1445 3343 1474 3399 in
1491 3358 1547 3416 quo
1561 3360 1613 3417 per
1622 3344 1693 3404 duos
1701 3363 1780 3406 annos

125 3432 252 3489 manibus
278 3428 365 3501 tenui,
393 3428 441 3488 sed
467 3429 525 3503 ipse
540 3447 596 3488 non
611 3430 736 3503 permisit
755 3437 786 3486 ut
802 3430 926 3504 synodus
981 3447 1073 3499 sanus,
1094 3431 1291 3504 sedaliquanto
1307 3439 1428 3504 tempore
1447 3433 1520 3489 ferro
1533 3434 1779 3494 vinctuscustodi-

123 3523 225 3596 scripte
253 3539 314 3579 mea
339 3520 499 3593 susciperet,
517 3521 582 3592 quia
598 3519 650 3576 sibi
667 3520 725 3576 dari
739 3519 861 3591 jubebat,
878 3519 926 3575 sed
980 3531 1026 3579 tus
1038 3538 1108 3578 sum.
1127 3521 1240 3578 Duobus
1253 3523 1333 3579 annis
1347 3522 1433 3579 leriae
1451 3523 1581 3596 peractis,
1600 3527 1715 3600 insuper
1727 3545 1778 3586 ce-

124 3627 173 3684 ego
187 3619 314 3683 suspecto
328 3609 393 3664 dare
407 3608 545 3664 nolebam.
567 3610 606 3663 De
623 3608 725 3665 clerico
743 3618 834 3664 autem
853 3626 923 3678 meo,
980 3619 1057 3667 catus
1075 3629 1146 3681 sum,
1176 3620 1203 3668 et
1218 3628 1304 3685 osque
1319 3610 1401 3668 modo
1416 3621 1551 3685 retentus,
1574 3615 1612 3673 ad
1631 3634 1692 3687 voe,
1712 3616 1778 3674 etad

124 3700 236 3758 nomine
252 3696 386 3764 Bertario,
403 3712 483 3770 quem
498 3695 591 3753 subito
605 3695 761 3769 requisivit,
772 3694 820 3751 sed
835 3697 925 3771 requi·
980 3709 1077 3757 vestrae
1105 3701 1235 3773 piissimae
1257 3702 1411 3760 serenitatis
1437 3703 1627 3777 presentiam,
1661 3724 1727 3764 mox
1751 3713 1777 3763 ut

123 3789 193 3848 situs
210 3804 264 3845 non
275 3785 374 3857 adluit,
388 3787 515 3859 respondi
526 3785 589 3860 quia
605 3786 656 3858 ipsi
671 3785 797 3842 homines
817 3803 923 3843 mecum
980 3788 1075 3848 venire
1091 3790 1220 3848 dimissus
1233 3792 1310 3866 potui
1329 3793 1456 3865 protinus
1471 3793 1585 3851 accessi.
1601 3793 1683 3854 Nunc
1694 3802 1775 3854 autem

124 3877 281 3948 sarriebant,
298 3879 345 3950 qui
365 3894 428 3933 eum
447 3873 651 3948 comprobaturi
668 3880 768 3941 essent,
784 3876 807 3930 si
823 3874 862 3931 eis
872 3891 925 3932 ve-
979 3889 1097 3937 vestram
1127 3881 1301 3939 clementiam
1337 3883 1499 3956 suppliciter
1537 3899 1626 3941 exoro
1654 3903 1672 3942 a
1697 3894 1777 3943 restra

123 3969 183 4026 nire
199 3967 321 4024 licuisset
333 3985 340 4034 ;
358 3964 489 4021 sedidem
510 3962 733 4036 archiepiscopus
747 3962 836 4019 dehis
851 3964 922 4020 nihil
978 3987 1086 4026 summa
1100 3973 1262 4044 paternitate
1275 3972 1365 4045 parari
1379 3971 1412 4028 de
1426 3988 1469 4029 me
1479 3973 1621 4046 equitatis
1632 3973 1774 4047 judicium,

124 4075 168 4114 mc
180 4064 273 4130 postea
287 4056 448 4129 appellavit,
462 4055 509 4112 sed
524 4056 559 4112 ad
580 4056 784 4114 occursationem
799 4058 870 4128 regis
881 4073 924 4114 me
978 4061 1022 4119 cui
1038 4062 1189 4119 secundum
1215 4063 1374 4120 canonicam
1400 4062 1621 4134 institutionem,
1637 4073 1666 4122 et
1677 4065 1775 4123 decreta

124 4146 287 4220 respondere
302 4147 402 4203 iterum
416 4156 497 4220 alque
510 4144 608 4203 iterum
625 4147 808 4220 precipiebat.
823 4149 860 4204 Et
874 4164 923 4221 ego
978 4153 1163 4208 Rornanorum
1180 4150 1341 4224 pontificum
1367 4160 1522 4209 reservatus
1546 4162 1575 4210 et
1601 4154 1774 4212 reservandus

124 4237 282 4308 reclamavi,
308 4238 374 4312 quia
396 4255 451 4295 nou
470 4236 585 4295 docebat
607 4237 739 4296 canonica
762 4238 921 4306 auctoritas,
977 4258 1037 4298 eum
1052 4250 1079 4297 et
1094 4242 1208 4298 luerem.
1224 4240 1303 4309 Quod
1318 4241 1353 4298 ob
1364 4260 1486 4300 amorem
1501 4243 1564 4314 Dei,
1577 4256 1606 4304 et
1619 4246 1774 4305 veneratio·

124 4328 257 4393 nudatum
268 4328 361 4386 etsuie
376 4329 458 4385 rebus
472 4329 631 4401 spoliatum,
645 4329 757 4401 insuper
778 4337 805 4384 et
818 4328 853 4385 ab
867 4329 923 4384 ho-
978 4347 1040 4387 nem
1056 4331 1127 4387 beati
1148 4332 1231 4399 Petri,
1251 4332 1323 4404 apud
1339 4340 1435 4389 vestrae
1459 4333 1637 4406 paternitatis
1654 4335 1773 4410 pietatem

123 4419 211 4477 stibus
225 4419 378 4491 detentum,
404 4418 566 4493 respondere
589 4419 727 4477 ullatenus
742 4419 850 4477 debere.
870 4418 922 4478 Sed
978 4419 1101 4477 obtinere
1109 4420 1237 4494 efflagito,
1250 4428 1308 4478 tum
1320 4422 1559 4495 promultitudine
1573 4424 1695 4482 miserim
1705 4439 1773 4492 mee,

124 4509 262 4579 etaddidi,
274 4507 340 4583 quie
354 4510 688 4583 noneolumeuspectum,
702 4508 922 4567 sedmanilestis·
977 4521 1036 4570 tum
1059 4532 1107 4587 pro
1132 4515 1321 4588 uragnitudinc
1341 4515 1450 4590 pietatis
1467 4523 1592 4576 vestre:
1614 4535 1676 4593 quae
1687 4516 1773 4578 woer-

123 4604 192 4661 sime
206 4603 285 4659 illum
296 4603 427 4659 infestum
443 4603 585 4659 habebam.
603 4603 681 4660 Unde
696 4611 723 4660 et
743 4603 922 4676 apostolicam
977 4604 1058 4661 datur
1081 4606 1289 4662 clementissimi
1316 4607 1506 4680 lledemptoris
1538 4625 1643 4681 amore,
1675 4609 1773 4685 quiue

123 4692 216 4750 sedem
234 4692 368 4764 appellavi
385 4707 434 4764 pro
446 4709 537 4750 amore
547 4693 596 4751 Dei
610 4702 637 4749 et
651 4693 756 4750 honore
772 4694 860 4750 sancti
875 4694 922 4749 Pe·
977 4693 1088 4767 proprio
1102 4695 1249 4768 acquisivit
1264 4696 1406 4769 sanguine,
1419 4705 1446 4754 et
1466 4700 1691 4774 qualemcunque
1709 4713 1773 4756 sar·

123 4781 171 4856 tri,
189 4789 243 4838 tam
263 4780 297 4837 de
308 4779 364 4853 ipsa
378 4780 551 4839 accusatione
565 4782 646 4856 regis,
658 4797 739 4856 quam
751 4782 783 4839 de
794 4782 922 4856 praejudi-
976 4791 1021 4843 cto
1035 4800 1085 4840 suo
1099 4785 1216 4842 sacravit
1230 4800 1352 4843 munere.
