3834 6136
70 223 119 285 aad
586 216 902 278 mauriannensem.
924 252 957 262 -
975 221 1081 279 MENS.
1101 220 1198 278 SEPT.
1671 225 1724 285 ut

71 352 206 418 Adonem,
217 344 319 404 natalis
329 343 404 429 beati
416 344 582 429 onesiphori
592 346 778 430 apostolorum
789 347 908 432 disci-A
925 350 1111 434 apostolorum
1127 348 1268 421 discipuli,
1297 349 1331 434 de
1346 367 1400 479 quo
1425 350 1465 408 alt
1484 353 1640 423 apostolus:
1671 352 1723 411 Del

70 415 709 556 quilliomamanctiEleutheriiepiscopr.ln
726 418 870 489 Hibernia,
927 422 1144 479 misericordiam
1162 423 1352 496 DeusOnesip
1373 422 1560 480 oridomui.·
1592 423 1722 496 Sequitur

95 490 210 553 astuliui
226 489 361 562 episcopi.
372 488 562 570 dictiasancti
577 488 739 561 Gundulplii
750 492 871 566 episcopi
927 493 1080 550 minoribus
1093 492 1188 565 typis:
1206 493 1295 561 ·Quia
1309 511 1380 566 sepe
1395 510 1439 550 uie
1453 494 1635 565 refrigeravit,
1642 503 1669 552 et
1680 511 1722 552 ea·

72 577 97 627 at
107 561 285 624 consessoris.
312 560 471 642 Mamertini
485 559 592 617 abbatis
605 563 765 618 monasterii
783 564 870 619 sancti
924 565 1036 621 thenam
1052 581 1140 620 nicam
1155 580 1211 620 nou
1226 564 1347 634 erubuit,
1363 566 1411 622 sed
1424 581 1488 622 cum
1503 567 1617 623 Romam
1632 566 1721 624 venis·

71 635 197 699 Germani
210 630 451 690 Antisiodorensis
465 640 492 687 ct
505 632 679 689 confessoris.
698 633 742 690 Ad
757 634 869 704 Fauces,
925 644 976 704 set,
985 636 1094 693 solicite
1105 651 1148 692 mc
1159 636 1324 709 quaesivitet
1335 637 1452 694 invenit.
1463 638 1642 710 thuantaE
1663 637 1722 694 hesi

71 707 152 769 sancti
161 705 268 778 biagni,
280 704 328 786 qui
341 711 369 759 et
383 702 426 759 bia
446 702 571 785 noaldus,
582 704 712 786 discipuli
723 706 809 761 sancti
820 705 870 764 Co·
925 707 1136 776 ministravit,tu
1148 709 1247 764 melius
1256 709 1339 764 nosti.
1353 733 1362 757 ι
1381 707 1451 765 Vide
1462 709 1586 766 Adonem
1596 709 1626 764 in
1637 653 1722 765 apsari-

70 778 191 840 lumbani
207 776 328 832 abbatis.
356 718 500 856 ilumgerti
516 775 690 858 confessoris.
715 777 871 845 Eleutherii
925 778 1058 835 vitatibus
1069 780 1265 851 apostolorum.
1280 779 1404 837 Deinde:
1426 779 1603 837 «Mamertini
1614 779 1722 837 abbatie

71 851 173 910 abbatis
186 855 217 905 et
227 847 405 913 confessoris,
417 861 494 901 mirae
505 847 691 918 simplicitatis
701 853 729 903 et
739 864 869 931 couipun·
925 851 1083 907 monasterii
1100 851 1186 906 sancti
1201 850 1331 907 Germani
1347 850 1583 908 Antisiodorensis
1604 859 1631 907 et
1649 868 1722 908 con-

71 919 242 982 ctiouisuiri.
259 920 298 975 De
308 915 470 991 quobeatus
480 917 627 1000 Gregorius
638 936 669 974 ιιι
680 919 870 991 Dialog.inier
925 921 1044 978 fossoris.
1073 922 1227 978 Eleutherii
1252 922 1360 979 abbatis
1386 931 1414 978 et
1441 923 1616 991 confessoris,
1643 923 1721 979 mire

72 996 118 1053 elia
132 992 230 1059 refert,
240 990 309 1119 quia
322 987 375 1045 sibi
391 987 503 1071 infirmo
517 997 649 1071 uirtutem
663 990 831 1070 abstinendi,
842 999 870 1048 et
924 993 1111 1066 simplicitatis
1125 1002 1152 1049 et
1166 995 1389 1065 compunctionis
1403 994 1468 1062 uiri,
1494 997 1528 1052 de
1549 1011 1603 1068 quo
1625 993 1720 1050 beatus

72 1075 176 1123 monuo
192 1063 238 1121 cui
261 1077 317 1131 aui,
341 1067 466 1116 oratioue
479 1069 505 1116 et
520 1060 662 1118 lachrimis
674 1070 761 1118 vitam
776 1061 869 1135 iiiipe-
924 1063 1071 1135 Gregorius
1083 1082 1113 1119 ιιι
1122 1065 1260 1133 Dialogor.
1273 1067 1345 1122 inter
1355 1065 1409 1121 alia
1420 1066 1514 1133 refert,
1526 1066 1599 1139 quod
1613 1065 1666 1120 sibi
1679 1066 1720 1121 in·

72 1138 158 1195 travit.
179 1161 191 1184 ι
924 1134 1004 1191 lirino
1019 1137 1150 1191 virtutem
1165 1137 1333 1202 abstinendi,
1355 1146 1382 1193 et
1397 1138 1629 1194 iiiortuo'cuidaru
1653 1153 1720 1193 ora-

98 1209 212 1266 lionus.
232 1205 300 1261 Post
326 1207 506 1283 concionantes
532 1209 590 1272 est,
619 1205 682 1260 aliis
708 1204 809 1261 litteris
834 1222 870 1262 cx
924 1206 1036 1263 tioneet
1050 1207 1180 1279 lacrymis
1196 1207 1282 1265 uitam
1299 1209 1466 1279 impetravit.
1481 1233 1490 1255 ι
1507 1210 1538 1264 ln
1549 1208 1721 1264 editionibus

70 1279 162 1338 Adone
174 1276 269 1334 textui
283 1275 400 1331 inserit:
423 1274 520 1356 gTunc
535 1275 618 1330 etiarn
632 1275 867 1351 episcopis,quasi
922 1278 985 1333 aliis
1012 1278 1103 1334 textui
1130 1279 1213 1334 etiam
1238 1278 1368 1335 inseritur
1392 1279 1498 1335 Adonis
1518 1279 1651 1335 clausula.
1680 1280 1720 1336 De

70 1349 268 1409 idconciliuiu
285 1344 636 1418 convocatisCartbagine,
658 1363 713 1403 una
731 1347 776 1404 die
799 1349 869 1404 uni—
923 1350 1020 1417 Magno
1035 1348 1147 1417 liabent,
1173 1358 1312 1421 utsupra,
1343 1350 1403 1407 «Et
1416 1351 1506 1407 natale
1521 1348 1591 1405 beati
1617 1348 1720 1405 Onesi-

70 1439 152 1479 aersus
168 1419 272 1478 Ainea
284 1417 414 1474 ecclesias
428 1416 528 1474 clausit
544 1417 699 1475 Hunericus
712 1435 761 1475 rex
776 1419 867 1476 Arria·
923 1420 1002 1490 pliori
1019 1421 1206 1493 apostolorum
1220 1421 1361 1492 discipuli,
1379 1446 1388 1468 ι
1411 1421 1545 1493 usquead
1561 1420 1720 1491 Onesipbori

69 1510 132 1563 nus,
156 1492 371 1562 uniuersumque
384 1487 568 1545 substantiam
582 1489 786 1562 episcoporum,
810 1491 868 1547 suis
922 1491 1021 1546 donini.
1056 1514 1065 1537 ι
1085 1490 1188 1546 Eodem
1203 1491 1258 1560 die,
1274 1491 1418 1548 translatio
1432 1508 1479 1548 cor
1498 1490 1554 1546 oris
1565 1489 1718 1546 beatissimi

70 1563 212 1638 episcopis
231 1558 430 1620 contionaria·
460 1559 560 1616 lnline
584 1576 618 1616 su
637 1561 762 1618 eraddit:
799 1563 868 1618 «Ei
922 1508 1719 1631 mutassetiscurisiialumhern,vinuiissusetmiracutts

71 1637 164 1694 natale
176 1630 420 1692 sunctiiiumberti
434 1630 601 1688 coniesmris
619 1577 734 1689 {bristi
761 1632 867 1688 Eodein
922 1633 999 1690 clari.
1011 1633 1060 1690 Die
1075 1641 1162 1703 sexta,
1172 1633 1398 1691 commemoratio
1409 1633 1536 1690 miraculi
1547 1632 1611 1689 iacti
1628 1631 1716 1689 archi·

69 1707 115 1765 die
134 1705 172 1764 ad
192 1707 304 1773 Fauces,
331 1702 420 1760 sancti
442 1702 535 1774 Magni
558 1703 733 1759 confessoris.
763 1705 905 1773 llomae,B
922 1712 1041 1777 stratego
1051 1703 1196 1775 Michaele,
1211 1705 1241 1762 in
1256 1704 1385 1775 celassis,
1402 1705 1461 1762 sive
1475 1705 1505 1761 in
1518 1703 1631 1763 Glionis.
1652 1728 1660 1750 ι

67 1777 153 1836 suncti
172 1773 331 1834 Eleutherii
344 1790 432 1848 papas.
459 1772 496 1830 Et
510 1774 600 1831 natale
613 1773 687 1832 beati
702 1774 869 1849 onesiphori

67 2000 113 2058 tlt
128 1997 208 2056 ddiss-
1621 1997 1672 2055 iiic
1692 2000 1718 2056 7.

99 2088 181 2164 Apud
194 2083 397 2154 Nicomediam,
423 2085 524 2143 natalis
539 2085 692 2143 beatissimi
707 2087 820 2144 ioannis
834 2088 975 2160 martyris.
1002 2084 1055 2142 Hic
1072 2085 1160 2141 nimio
1173 2085 1266 2142 calore
1280 2082 1345 2141 fidei
1359 2084 1475 2156 ignitus,
1497 2082 1600 2141 librum
1619 2085 1648 2142 iii
1665 2100 1719 2158 quo

70 2176 284 2240 mutinebuutur
298 2174 423 2234 crudelia
436 2175 527 2233 edicta
540 2174 672 2233 adversus
687 2176 868 2246 Christianos,
886 2177 987 2250 injecta
1001 2191 1084 2230 manu
1099 2174 1229 2242 detraxit,
1243 2190 1276 2232 ec
1292 2173 1446 2247 discerpsit,
1460 2190 1579 2247 cumque
1588 2173 1641 2232 boc
1651 2175 1719 2232 rela-

70 2280 126 2330 tum
135 2276 208 2328 eset
215 2267 391 2327 Diocletiano
401 2274 429 2324 et
437 2266 608 2324 Maximiano
618 2268 761 2341 Augustis,
772 2268 802 2324 in
815 2267 909 2325 eadem
919 2264 987 2322 urbe
997 2263 1166 2333 constitutis,
1178 2263 1265 2319 nimia
1279 2262 1441 2321 crudelitate
1456 2265 1611 2332 sevientes,
1626 2262 1721 2321 omnia

70 2358 265 2434 suppliciorum
277 2373 378 2430 genera
388 2357 533 2414 iusserunt
543 2357 662 2430 expendi
672 2358 702 2414 in
712 2374 786 2427 eum,
798 2374 859 2431 qua
873 2358 919 2413 uir
931 2354 1122 2413 nobilissimus
1134 2370 1197 2411 cuin
1213 2362 1290 2410 tanta
1304 2352 1442 2410 alacritate
1457 2355 1551 2410 vultus
1565 2353 1720 2428 suspiritus

70 2448 192 2525 pertudit,
206 2453 241 2505 ut
253 2462 307 2503 nec
319 2444 410 2502 tristis
424 2446 536 2520 quidem
552 2462 601 2519 pro
614 2444 658 2501 liis
671 2444 760 2502 videri
775 2445 919 2518 potuisset.
931 2444 1049 2503 Ciuitate
1063 2444 1229 2513 Aurelianis,
1241 2443 1377 2516 depositio
1391 2444 1477 2499 saumi
1493 2443 1602 2498 Evurtii
1613 2443 1718 2501 confes·

71 2537 144 2607 sons,
156 2534 208 2611 qui
222 2542 255 2592 ut
269 2543 345 2608 gesta
359 2541 504 2604 testantur,
515 2534 605 2608 primo
620 2543 720 2591 sanctas
734 2533 864 2591 Ronrauae
880 2534 1010 2592 Ecclesiae
1024 2533 1219 2602 subdiaconus,
1230 2533 1294 2589 dein
1311 2533 1409 2590 divino
1421 2549 1535 2589 munere
1549 2548 1598 2605 per
1609 2533 1717 2589 colum-

71 2626 127 2684 bam
141 2634 185 2683 est
201 2623 363 2698 designatus
377 2623 503 2699 pontifex
517 2622 637 2696 prelata
652 2621 737 2679 urbis.
748 2622 780 2680 In
796 2621 936 2680 territorio
948 2621 1205 2696 Augustudunensi,
1216 2628 1316 2678 sancte
1331 2621 1440 2693 Reginae
1455 2619 1655 2693 virginisque
1667 2619 1731 2676 snb.

72 2717 232 2792 proconsule
244 2714 365 2784 Olibrio,
376 2713 496 2787 equulei,
507 2713 624 2771 carceris
638 2729 670 2771 ac
684 2712 872 2785 lampadarum
885 2729 1012 2786 perpessa
1024 2711 1171 2786 supplicia,
1181 2711 1292 2767 tandem
1308 2710 1419 2782 capitali
1432 2708 1570 2767 sententia
1584 2707 1659 2764 finiri
1678 2711 1732 2786 est·

71 2804 148 2879 jussa
176 2806 248 2863 item
261 2805 292 2862 in
308 2803 448 2861 territorio
462 2802 653 2875 parisiacensi,
674 2803 762 2862 sancti
777 2801 943 2864 chlodoaldi
957 2802 1110 2877 presbyteri
1125 2813 1148 2872 ·,
1169 2809 1227 2858 tain
1242 2799 1350 2873 generis
1363 2815 1445 2873 mam
1460 2799 1561 2856 mentis
1573 2796 1719 2858 nobilitate

72 2897 220 2975 conspicui.

834 3042 952 3102 NOTAE.

102 3158 279 3219 Sumiturex
291 3159 688 3232 Pictea,Aatuerp.·licjore‚
713 3160 864 3231 ilosweyd.,
920 3159 1164 3231 Antuerp.-iiam,
1196 3157 1347 3229 Ultrojeet,
1380 3155 1507 3226 heyden,
1527 3153 1669 3225 Albergen.
1694 3159 1723 3209 et

74 3231 418 3306 Antuerp.,dlaa.·bubec.,
432 3231 541 3288 Greven.
558 3240 584 3288 et
598 3233 701 3290 Mulon.
712 3233 866 3301 Accedunt,
921 3231 1050 3288 Donum.

102 3386 114 3414 ·
131 3376 167 3459 ΙιιΙ
179 3372 313 3434 carolino
327 3380 392 3455 auto
412 3372 507 3444 rapha,
527 3374 613 3456 eoacti
629 3375 788 3456 Cllodcatdi
801 3392 872 3459 pre·
886 3378 908 3439 G
924 3375 1075 3504 miqqnium
1089 3373 1234 3456 admittere
1246 3372 1357 3430 volebat
1368 3388 1374 3427 τ
1386 3387 1451 3430 nain
1461 3369 1490 3427 id
1500 3368 1583 3444 elogii
1593 3367 1719 3428 additum

75 3445 390 3519 damastmnseasorn.
425 3461 461 3501 on
474 3444 570 3501 debuit
584 3444 716 3502 Salienus
732 3446 782 3502 bac
799 3464 828 3502 ιιι
841 3463 870 3504 re
923 3448 958 3504 ab
997 3444 1097 3504 suardo
1109 3446 1173 3504 luit.
1191 3445 1360 3503 Bouiauinr.

75 3517 226 3577 interium
240 3516 367 3576 codicem
379 3515 437 3573 suis
449 3516 597 3587 anteferre,
610 3517 658 3590 qui
668 3517 740 3574 nibil
750 3518 804 3575 nisi
815 3518 869 3593 pri·

673 3640 877 3699 ventitares
898 3641 1105 3701 LECTIONES.

101 3738 202 3798 Scribo
228 3736 367 3810 dimanat
392 3753 456 3795 cum
483 3737 606 3806 Pistam,
623 3725 625 3729 ’
640 3737 793 3809 Hermian,
814 3740 869 3795 An·
924 3739 971 3867 qui
984 3739 1014 3795 in
1028 3738 1151 3812 antiquis
1164 3736 1250 3794 deest.
1261 3739 1292 3795 lii
1308 3736 1425 3794 Greven.
1436 3751 1486 3817 pro
1495 3733 1556 3790 dein
1565 3740 1606 3791 ost
1616 3734 1720 3818 deliine..

74 3817 175 3885 tuerp.,
188 3807 380 3867 llum-liuban.
395 3816 424 3864 et
436 3808 555 3866 Greven.
567 3809 602 3864 lit
617 3809 655 3865 iti
666 3826 763 3868 sensus
772 3811 869 3883 exigit,
947 3828 996 3883 ego
1016 3811 1059 3867 An
1078 3809 1273 3875 artadancnsi;
1291 3825 1326 3865 ex
1351 3808 1541 3880 antiquiorum
1567 3822 1654 3875 more,
1673 3806 1722 3862 alii

74 3881 137 3939 licet
154 3879 554 3961 Anuem.·itaj‚‚itosweyu.,
579 3880 681 3963 Melan.
704 3890 731 3939 et
747 3883 870 3956 plerique
924 3882 1025 3939 babent
1052 3828 1077 3938 Χ
1407 3953 1413 3963 ⁴
1701 3948 1707 3957 ‚

73 3952 123 4010 ciii
135 3950 255 4009 babeant
268 3952 417 4022 deacrpaat.
444 3951 665 4024 Antuerp.-Mag.
681 3961 708 4008 et
722 3955 868 4026 ilosweyd.
924 3954 1040 4027 pessime
1068 3955 1199 4023 Greven.,
1230 3953 1422 4024 Andepcocnss.
1451 3949 1610 4023 ilosweyd.,
1643 3955 1722 4022 ponit

72 4022 107 4081 ita
115 4025 225 4097 legunt,
238 4039 297 4079 cam
309 4027 384 4078 tciito
395 4023 535 4078 alacritate
548 4024 677 4079 calamae
689 4041 743 4095 ape,
754 4034 785 4081 nt
795 4026 870 4081 abre·
924 4028 1028 4082 conante
1043 4026 1167 4093 Olibrio3
1184 4025 1231 4082 alii
1246 4033 1279 4080 ut
1291 4033 1332 4081 est
1348 4025 1478 4081 interitu.
1498 4021 1551 4079 Sed
1566 4023 1723 4093 Antuerp.-

73 4094 156 4152 tiatio
169 4094 223 4151 illa
237 4093 330 4167 potius
342 4095 425 4166 specie
440 4109 522 4167 quain
537 4094 649 4166 spiritua
663 4111 721 4151 esse
731 4095 867 4153 videatur.
924 4096 987 4169 Maj,
1012 4097 1167 4163 etilolan,
1197 4096 1369 4166 lampertum
1386 4096 1521 4167 Antuerp.
1549 4093 1624 4164 finiri
1642 4092 1722 4162 jussa

73 4166 180 4224 dcurtsi
201 4180 239 4222 ex
251 4165 493 4221 Aurelianerisium
509 4182 562 4221 usn
576 4165 679 4223 babent
692 4166 749 4224 iere
762 4184 868 4225 omnes.
924 4175 961 4223 cst
975 4165 1291 4233 ;Max.-Lubec.,jcsac
1301 4166 1439 4235 estpaairi
1451 4184 1458 4231 ;
1470 4164 1628 4234 ilosweyd.,
1639 4164 1723 4219 citans

74 4237 174 4311 dxcipe
198 4236 384 4308 Rosweydum
400 4237 447 4309 qui
463 4237 582 4307 Eoorcii,
605 4237 722 4295 Greven.
746 4239 869 4306 durinci,
925 4240 1011 4309 filiii-c.
1041 4236 1160 4309 Reliqui,
1186 4235 1354 4314 chlodoaldi,
1377 4241 1409 4289 ut
1422 4235 1593 4357 antiquiores
1609 4232 1721 4314 liabent,

74 4306 588 4376 liolaii.Eoortii.Postremiduacum
600 4311 870 4381 Antuerpetllax-
924 4324 979 4364 non
1004 4316 1035 4363 nt
1060 4306 1203 4379 liosweyd.
1231 4305 1346 4371 Gloolca,
1376 4304 1538 4381 velutnaii,
1569 4303 1721 4383 clodoaldi.

73 4378 172 4438 iubeo.
187 4395 222 4437 ac
236 4379 447 4449 recentioribus,
463 4378 600 4451 adjiciunt
613 4381 726 4437 titulum
745 4381 868 4453 episcopi,
925 4381 993 4436 Item
1011 4377 1155 4450 ilosweyd.
1176 4393 1225 4449 pro
1237 4374 1371 4446 conspicui
1384 4372 1527 4429 substituit
1539 4372 1685 4443 perspicus.

737 4502 1037 4562 ousuuvnuionus

104 4596 202 4654 Prima
214 4596 315 4670 inclyti
338 4599 466 4670 ronrtpiis
488 4597 563 4672 quia
582 4598 621 4656 ud
639 4599 812 4657 Lactantium
836 4600 870 4657 da
885 4605 908 4664 Ι]
925 4600 1064 4674 magisque
1084 4598 1153 4656 adeo
1174 4599 1203 4654 in
1227 4597 1280 4655 boc
1298 4596 1453 4670 ilosweydo
1477 4595 1622 4665 assentior,
1648 4595 1723 4671 quod

73 4666 210 4726 Hortibus
229 4676 436 4743 persecutorum
457 4678 552 4750 etapu
583 4671 735 4727 Eusebium
758 4688 870 4744 anony-
924 4673 1070 4738 Nolumus,
1083 4669 1235 4742 descriptor
1249 4669 1355 4728 Adonis
1364 4676 1523 4744 perpetuus,
1533 4676 1647 4727 ceteros
1656 4683 1723 4743 quo·

73 4754 133 4797 tuus
147 4747 201 4810 est,
216 4739 324 4868 guma,
346 4741 469 4815 inquam,
493 4757 553 4812 ejus
566 4741 617 4799 sub
631 4743 743 4798 donanis
758 4744 871 4800 nomine
925 4760 977 4818 qne
993 4742 1193 4816 pretermittit.

73 4811 208 4868 memorie
241 4826 341 4867 omino
352 4828 437 4884 parvo
447 4811 571 4880 debetur,
587 4814 615 4869 iri
626 4831 680 4888 quo
689 4815 805 4884 hoodie,
822 4832 870 4887 pro
961 4815 1092 4873 Bourtina
1104 4814 1321 4884 Aurelianensis,
1333 4815 1362 4872 in
1373 4813 1600 4889 Hieronymianis
1610 4815 1723 4882 Bootae,

73 4880 264 4964 ejusurbitrio
277 4883 377 4953 electo,
402 4883 443 4964 sic
459 4884 577 4965 legitur:
605 4886 718 4942 ioannis
732 4887 871 4961 inortpris,
926 4888 960 4944 ab
974 4888 1037 4943 aliis
1052 4887 1189 4955 diuortiis,
1208 4887 1333 4945 Euritina
1353 4895 1380 4944 et
1407 4888 1536 4945 limirtics
1552 4887 1722 4950 nominatus,

73 4968 119 5035 qais
131 4953 294 5011 Nicontedioe
311 4955 358 5009 sab
377 4954 543 5011 Diocletiano
570 4955 668 5012 tibrum
689 4957 787 5030 iniquam
811 4958 873 5030 legis
927 4959 973 5016 sed
991 4976 1025 5015 ex
1036 4959 1145 5032 propria
1159 4957 1218 5030 ejus
1231 4958 1434 5033 subscriptione
1443 4958 1586 5024 dicendus,
1600 4954 1722 5021 Eortiur,

73 5029 228 5081 amantini
237 5025 385 5098 discerpsit.
397 5025 497 5082 Fusius
512 5043 547 5082 ex
559 5026 657 5084 Rufino
672 5029 721 5084 lib.
734 5046 794 5097 viii,
814 5037 874 5086 toto
927 5048 943 5087 a
957 5032 1039 5087 Floro
1053 5031 1207 5086 celebratur
1223 5032 1304 5103 longo
1318 5030 1456 5095 encomio,
1469 5045 1503 5085 ex
1518 5029 1553 5084 iis
1564 5025 1662 5108 procul
1675 5023 1724 5080 du·

73 5096 167 5170 espa
193 5112 251 5152 reni
265 5104 369 5170 gestam
382 5113 461 5171 prose
481 5105 558 5154 uitur
572 5098 642 5168 Ado,
658 5116 740 5173 aquo
755 5100 873 5172 elogium
929 5102 974 5157 bio
995 5102 1071 5158 Actis
1086 5100 1231 5172 desumpto
1254 5118 1315 5176 qna
1331 5102 1438 5173 pridem
1462 5116 1478 5154 a
1500 5099 1586 5154 variis
1599 5095 1683 5161 edita,
1708 5112 1724 5150 a

73 5182 154 5223 suuni
167 5140 268 5251 iloster
282 5168 400 5250 accepit,
421 5114 598 5225 sigolinus
617 5170 698 5226 etiam
719 5172 868 5229 contraxit.
928 5171 1127 5228 recentioribus
1141 5181 1172 5229 ut
1186 5172 1333 5228 minimum
1348 5171 1512 5242 interpolata
1528 5184 1586 5225 essa
1604 5182 1725 5250 censen·-

73 5236 179 5296 Nomen
198 5237 276 5295 aliud
295 5247 415 5320 suggerit
434 5239 604 5298 Castellanus
623 5250 649 5297 et
664 5257 778 5314 agonem
798 5243 871 5300 circa
925 5251 979 5299 tur.
1009 5240 1112 5298 Eadem
1137 5250 1164 5298 et
1176 5242 1319 5300 {labanum
1344 5250 1371 5298 et
1385 5240 1541 5319 Usuardum
1563 5255 1619 5321 prae
1635 5239 1725 5295 oculis

73 5324 143 5366 xxiv
160 5310 305 5367 Februarii
319 5312 385 5368 anni
397 5311 449 5368 30³
468 5312 677 5368 verosimillime
691 5329 871 5370 consumma·
928 5311 1056 5370 habuisse
1071 5328 1181 5370 necesse
1194 5321 1246 5379 est,
1269 5329 1303 5369 eii
1318 5312 1419 5386 quibus
1430 5326 1541 5394 propria
1555 5311 1658 5382 singuli
1673 5310 1726 5366 de-

74 5386 133 5437 tum
147 5382 321 5454 pronuntiat.
331 5382 393 5439 Non
407 5382 444 5439 ini
467 5383 627 5439 robabiliter
641 5383 776 5455 coniecuat
789 5386 871 5457 Pape-
925 5384 1085 5455 carpserint.
1102 5384 1146 5440 Au
1166 5383 1364 5441 ustodunensis
1378 5384 1478 5454 Regiae
1490 5381 1628 5439 allebano
1641 5382 1725 5439 etiam

72 5451 217 5535 brochius·
233 5453 351 5524 Georgia
376 5400 476 5512 ascrissi
505 5470 583 5527 posse
614 5471 674 5528 quae
703 5455 748 5513 liic
773 5456 873 5512 loanni
926 5462 1103 5522 memoratur,
1116 5401 1164 5511 soff
1178 5458 1237 5511 solo
1252 5455 1309 5509 iere
1326 5454 1440 5509 nomine
1453 5454 1637 5535 oruata,licet
1651 5462 1725 5526 gesta

76 5531 172 5581 nostro
182 5524 354 5594 inbuuntur,
365 5534 397 5583 ut
406 5525 508 5582 videsis
519 5526 548 5582 in
559 5526 714 5583 Comment‚
726 5528 829 5599 praeuio
838 5527 872 5585 ad
927 5527 985 5599 ejus
1008 5526 1137 5583 citantur.
1166 5528 1206 5583 Ea
1220 5542 1237 5581 a
1250 5525 1331 5581 Petro
1348 5534 1375 5581 ot
1394 5524 1583 5582 allombrrtio
1596 5524 1681 5592 edite,
1710 5539 1726 5580 a

77 5594 147 5653 Acta
156 5594 185 5653 S.
197 5596 307 5669 Georgii
318 5613 390 5653 xxiii
400 5596 729 5680 Aprilisgillliialitcr
738 5598 872 5669 sentiunt,
927 5598 1008 5657 Surio
1035 5603 1192 5670 contempta
1219 5596 1360 5664 videntur,
1382 5604 1410 5653 et
1435 5596 1470 5654 ab
1491 5597 1554 5653 aliis
1578 5613 1628 5670 pro
1650 5611 1726 5652 mera

78 5674 109 5724 ut
122 5666 253 5724 Biluuius
260 5667 333 5740 apud
342 5668 519 5727 Ruinartium
528 5677 602 5727 inter
615 5671 720 5728 Salacia
733 5687 795 5744 pag.
810 5670 873 5740 tia,
927 5670 1038 5728 fictione
1047 5677 1177 5743 tanquam
1187 5684 1222 5725 ex
1232 5667 1427 5727 consimilibus
1436 5667 1723 5734 Actiaconsarcinsta,

74 5735 104 5794 in
122 5738 206 5796 notia.
233 5738 325 5821 Atque
345 5739 379 5796 de
392 5740 446 5798 hoc
466 5742 525 5797 solo
537 5742 642 5798 loanne
663 5758 741 5814 agere
761 5740 875 5799 videtur
929 5741 1126 5799 traducuntur:
1156 5739 1306 5814 dequibus
1323 5756 1373 5799 nos
1389 5741 1521 5798 hactonus
1543 5740 1615 5796 nibil
1631 5736 1728 5794 stetui·

76 5806 149 5880 Ado,
172 5809 308 5884 quidquid
324 5816 351 5867 et
364 5810 434 5868 alios
447 5818 502 5868 tres
516 5812 541 5869 ei
556 5821 693 5885 supponat
711 5812 872 5872 llosander:
928 5829 999 5871 runs.
1028 5812 1164 5872 Caurum
1178 5828 1214 5872 ex
1229 5811 1423 5887 hujuscemodi
1447 5812 1524 5872 A'ctis
1535 5810 1666 5869 eductum
1685 5810 1730 5861 eat

1079 3881 1299 3954 apastadiaenai,
1329 3880 1443 3949 notan,
1470 3878 1721 3949 Augustodnnoasi3
