3834 6136
137 208 186 266 tta

669 211 985 271 MARTYROLOGIUM.
1005 245 1041 258 -
1059 214 1163 272 MENS.
1186 217 1269 276 AUG.

1736 227 1791 284 llll

136 349 193 391 inni
209 329 314 389 habere
331 330 442 398 Ticinis,
465 340 496 389 nt
509 340 620 391 servant
643 335 763 404 Praten.‚
785 337 939 411 Antuerp.-
953 342 978 401 A
992 343 1088 415 blajor.
1102 344 1199 415 Magna
1214 345 1248 401 de
1271 355 1369 403 caetero
1384 347 1413 402 in
1429 346 1482 404 boc
1502 349 1615 406 nomine
1632 349 1789 411 diversitas.

135 404 229 477 lfajor,
240 403 502 459 Muneratnsetalii.
519 406 734 463 UrbisAiimine
744 412 939 481 proAroernre,

136 479 235 534 sitium
243 476 325 532 estin
337 475 492 544 Munerato,
502 492 591 548 neque
601 488 673 535 recte
683 479 940 548 MolanusAoernoe;

136 558 226 607 textus
235 564 271 603 ex
282 546 346 603 aliis
355 547 625 605 correctior.lternm
637 553 850 610 erratbfunciati
860 565 891 626 ty
911 571 938 610 o·

135 621 208 677 lbeta
233 619 264 676 in
288 617 389 700 defecto
412 626 529 701 gutture,
551 638 601 693 pro
625 623 732 680 desecto.
759 624 833 681 ldem
856 572 939 685 briei

135 692 238 752 lationi
248 706 300 768 pro
310 691 426 759 Vibenni,
438 707 493 768 quo
503 693 586 750 etiarn
595 693 664 750 vitio
676 695 781 754 laborat
790 699 937 772 Antuerp.·

992 417 1091 471 Florus
1098 424 1125 471 et
1135 417 1195 472 Ado
1204 418 1297 489 legunt
1306 418 1424 486 Bibicni,
1435 428 1661 500 quossequunttir
1670 423 1788 482 Greven.

991 495 1018 542 et
1036 487 1138 543 Melan.
1151 489 1240 545 Belin.
1256 490 1284 544 in
1295 491 1384 562 prima
1397 491 1511 559 loliani,
1528 490 1557 547 in
1572 492 1657 549 altera
1674 495 1789 564 Vinioni,
1826 548 1829 553 .

991 575 1047 630 quo
1057 560 1139 616 modo
1150 560 1276 618 scribunt
1288 562 1397 618 codices
1411 563 1500 619 nostri
1510 564 1676 621 recentiores
1689 574 1718 622 et
1733 568 1790 624 Ba-

991 630 1096 687 ronins.
1111 632 1169 705 Ego
1181 632 1290 690 Praten.
1306 641 1333 690 et
1349 633 1489 691 Herinien.
1505 644 1616 693 secutus
1632 653 1704 693 suin.

786 821 1088 883 OBSERVATIONES.

165 917 323 983 Hermetem,
347 913 535 971 clarissimum
562 923 723 989 martyrem,
749 920 937 976 vetustissimo

134 996 158 1045 et
170 987 285 1061 perenni
301 987 381 1043 cultu
400 986 569 1043 celebratum
586 988 736 1045 ostendunt
749 991 864 1063 antiqua
877 993 937 1047 Ka-

134 1059 254 1117 lenderia
268 1058 342 1131 apud
358 1058 578 1127 ‘Florentininnn
593 1068 620 1115 et
635 1061 829 1134 Martyrologia
843 1071 937 1122 nostra

133 1132 232 1201 omnia,
258 1130 289 1186 in
339 1128 423 1185 nibus
449 1130 484 1200 (si
506 1131 648 1187 Rabanum
672 1134 804 1205 excipias,
827 1134 855 1191 iii
881 1152 936 1217 quo

133 1147 335 1275 transponitur]
365 1201 487 1274 primum
513 1202 603 1258 locum
629 1203 745 1261 obtinet.
773 1206 855 1262 Gesta
876 1223 936 1278 ejus

132 1274 251 1331 immista
267 1281 334 1330 sunt
360 1273 438 1329 Actis
458 1272 486 1329 S.
503 1273 654 1331 Alexandri
670 1292 755 1347 pape,
770 1277 804 1333 ed
824 1295 854 1333 iii
870 1279 934 1335 maii

133 1346 289 1411 illustratis,
304 1361 367 1419 quse
377 1344 504 1401 curiosus
515 1346 599 1402 lector
608 1349 752 1405 consulere
764 1348 875 1404 interim
888 1367 933 1423 po·

131 1418 202 1482 terit,
216 1417 307 1474 donec
322 1416 435 1488 proprio
453 1417 513 1472 loco
525 1418 672 1475 translatio
685 1419 745 1490 ejus
759 1421 933 1479 Rotbnacuui

108 1488 269 1553 ,flandriae
296 1487 481 1570 municipium
504 1488 585 1555 facta,
614 1490 722 1563 aliaque
743 1491 777 1547 ad
806 1494 933 1550 eumdem

132 1570 260 1618 muctam
284 1568 433 1632 spectantia
456 1561 612 1616 accuratius
642 1562 773 1618 illustrari
798 1580 848 1620 suo
873 1567 933 1622 loco

133 1628 934 1706 possint.ActaejusfeimecomplectiturdiffusiusAdonis

132 1703 265 1776 elogium,
282 1718 315 1784 ⁶¹.
329 1718 383 1775 quo
415 1718 493 1768 auca,
511 1714 735 1775 praetermorem,
749 1708 854 1789 accepit
868 1706 932 1764 Not·

129 1775 220 1841 lienus,
234 1790 364 1845 pauciora
402 1782 476 1830 oster
490 1775 564 1856 stylo
578 1793 628 1831 suo
642 1785 742 1848 aptata.
759 1779 854 1834 Socios
867 1780 932 1835 Her·
949 1778 973 1840 B

128 1846 186 1902 neti
210 1861 353 1919 perperam
377 1846 407 1902 in
429 1845 544 1903 bucensi
560 1847 654 1904 codice
675 1865 689 1904 a
712 1850 786 1919 poni,
809 1850 930 1908 ostendit

129 1918 328 1974 florentinius.
348 1917 467 1974 illustris
480 1916 561 1974 ctiam
573 1927 614 1974 est
627 1936 678 1992 apu
714 1920 930 1994 flieronymiana

129 1997 150 2045 et
163 1990 324 2047 Romanum
339 2004 455 2061 parrum
471 1989 649 2072 Ariomastyx
659 1993 824 2062 Alexander,
839 1993 929 2052 titulis

130 2060 222 2117 multis
240 2059 387 2117 eBarouio
400 2070 428 2117 et
441 2060 470 2116 iri
486 2062 674 2120 notationibus
688 2072 716 2119 et
732 2065 761 2119 iri
774 2065 930 2122 Annalibus

130 2131 265 2199 laudatus,
283 2132 412 2205 pluribus
426 2132 508 2189 etiam
531 2133 642 2190 anobis
654 2134 721 2191 alibi
741 2137 927 2194 exornandus.

128 2205 182 2261 lam
206 2219 284 2261 nuuc
304 2211 410 2277 partem
434 2220 490 2260 non
509 2205 637 2278 exiguam
651 2217 798 2264 exsecutus
812 2215 852 2264 est
866 2210 928 2265 lan·

130 2276 229 2347 tingue
252 2285 347 2333 uester
360 2275 407 2331 die
430 2291 458 2331 iv
473 2276 559 2344 lunii,
582 2278 611 2333 in
627 2277 830 2335 Commentario
852 2280 886 2336 de
899 2279 927 2337 S.

129 2346 315 2419 llesropbeue.
330 2347 398 2415 Qua
420 2356 510 2404 autern
530 2348 564 2404 de
579 2350 731 2406 Alexandri
746 2351 930 2409 emissorius

129 2419 261 2476 ventilata
274 2419 400 2475 ostiuter
414 2417 537 2476 eruditos
552 2419 724 2492 disceptatio,
739 2437 795 2479 nou
810 2422 928 2479 infelici·

129 2491 214 2547 terab
239 2489 338 2547 eodeni
361 2492 516 2564 composita
538 2491 659 2558 videtur,
679 2493 774 2564 Suppl.
798 2494 874 2549 lunii
898 2495 928 2551 in

129 2561 288 2634 Appendice
299 2562 334 2619 ad
345 2561 440 2619 Vitam
453 2563 480 2618 S.
495 2563 583 2629 Pauli,
601 2562 685 2635 bujus
699 2565 849 2620 Alexandri
861 2582 929 2622 stic-

128 2633 252 2691 cessoris.
274 2633 430 2690 Usuardina
452 2633 481 2690 iu
506 2634 638 2691 laterculo
662 2635 695 2690 de
722 2651 754 2691 eo
778 2637 873 2704 relata,
893 2654 928 2693 ex

128 2704 221 2762 Adone
235 2712 380 2762 contracta
390 2715 464 2771 sunt,
481 2704 647 2762 iisexclusis
660 2714 771 2779 propter
798 2725 839 2764 uae
854 2707 929 2766 codi-

128 2793 167 2834 ωε
179 2775 474 2858 υοιιηυὶίίχεῇοἰεηάἰ
486 2777 607 2833 fuerunt.
621 2778 661 2835 Dc
672 2794 770 2850 magno
778 2724 858 2836 Vetto
872 2782 927 2835 An·

127 2849 228 2919 melino
243 2863 395 2905 meminere
414 2849 492 2906 citati
508 2849 633 2917 proxime
652 2850 831 2922 blaityrologi
846 2858 928 2923 atque

126 2920 205 2976 itiaui
221 2919 299 2977 Beda
312 2920 449 2977 allebaiio
464 2928 492 2975 et
505 2921 604 2977 Nostro
617 2922 780 2993 descriptus.
794 2920 927 2980 Adosatis

127 2992 236 3064 longam
254 2991 325 3048 lita
337 2991 434 3048 seriem
446 2992 572 3059 deduxit,
590 2991 669 3065 cujus
682 2993 793 3048 initium
809 2994 927 3051 etfiuom

126 3062 272 3120 Usuardus
294 3063 364 3119 clare
382 3063 524 3136 exprimit,
546 3064 586 3120 sic
601 3071 693 3120 tamen
717 3072 748 3120 ul
765 3065 810 3121 liic
824 3065 926 3121 Bedam

991 939 1040 1050 Ero
1052 923 1105 1006 lide
1119 925 1364 984 catholicatnenda
1378 927 1576 985 certaminibus
1585 929 1790 988 illustrandam·

1010 1003 1133 1067 uppetias
1148 997 1236 1054 ferent
1250 999 1397 1068 scriptores
1412 1000 1522 1072 plorimi
1541 1001 1568 1056 in
1588 1001 1682 1058 eodem
1703 1019 1790 1075 argu·

991 1076 1084 1123 meiito
1118 1069 1203 1125 iidem
1220 1073 1331 1131 versati.
1356 1089 1425 1144 quos
1441 1072 1487 1127 liic
1506 1088 1667 1129 enumerare
1687 1074 1790 1132 frustra

990 1146 1069 1194 esset.
1085 1162 1095 1194 i
1113 1140 1160 1195 ibil
1175 1141 1202 1195 iii
1218 1141 1268 1197 bac
1284 1151 1358 1211 parte
1379 1143 1529 1199 desiderari
1547 1143 1625 1200 nobis
1639 1161 1734 1217 passus
1749 1153 1791 1203 est

990 1209 1193 1275 Tillemont'ms,
1218 1214 1429 1270 totovoluiiiine
1444 1214 1508 1270 xl11
1531 1214 1617 1270 solius
1640 1216 1789 1288 Augustini

989 1297 1032 1336 res
1046 1289 1134 1352 gestas
1148 1283 1286 1339 fusissime
1300 1286 1470 1358 complexus.
1487 1284 1701 1342 Wandalbertus
1716 1287 1789 1343 inter

990 1352 1143 1408 Hermetem
1158 1363 1186 1410 et
1200 1356 1351 1411 Vivianum
1375 1357 1519 1412 nietricnm
1535 1357 1685 1428 Augustini
1700 1373 1788 1416 erico-

988 1423 1076 1550 isriiuliln
1084 1425 1218 1551 lqotllocat,
1235 1426 1285 1483 rix
1302 1443 1416 1501 osquam
1432 1427 1462 1484 iii
1485 1427 1623 1484 laudando
1638 1429 1786 1501 profusior.

1008 1512 1033 1551 ic
1068 1510 1082 1550 a
1103 1511 1117 1550 e
1140 1514 1145 1552 :

1019 1626 1132 1677 Hermen
1149 1631 1239 1692 quinta
1257 1631 1347 1691 probat
1360 1632 1427 1681 felici
1442 1639 1525 1682 morte
1538 1632 1654 1683 beatum.

1019 1689 1144 1740 Ecclesia·
1163 1699 1258 1748 tumen,
1272 1695 1357 1755 populi
1369 1708 1441 1743 sacra
1451 1709 1540 1744 norum
1553 1694 1646 1756 fidelis,

1019 1753 1108 1802 Africa
1125 1768 1176 1816 quo
1195 1766 1306 1817 pastore,
1317 1756 1388 1804 orbis
1403 1760 1509 1805 doctore
1524 1765 1652 1817 coruscet,

1018 1817 1165 1876 Augustine
1182 1829 1254 1880 pater
1264 1818 1330 1866 festo
1342 1819 1483 1869 celebraris
1495 1819 1597 1884 eodem,

1016 1877 1104 1926 Aurea
1119 1892 1195 1942 quarn
1211 1890 1315 1929 servant
1332 1881 1403 1929 itatis
1419 1895 1488 1932 nunc
1505 1884 1599 1942 templa
1614 1882 1753 1944 sepultum.
1856 1904 1858 1907 ·

1017 1938 1162 1990 Sanctouus
1173 1943 1274 1992 eltasui
1288 1943 1394 1993 Vibieni
1408 1945 1455 1993 bac
1470 1945 1553 2006 fulget
1568 1947 1673 1995 bonore.

1021 2064 1160 2120 lulianam
1174 2065 1363 2122 Brivatensem
1380 2072 1482 2138 quanta
1497 2066 1675 2123 veneratione
1708 2082 1789 2123 rose-

985 2145 1106 2217 qnantur
1119 2137 1249 2205 Arverni,
1259 2145 1317 2193 tota
1331 2137 1420 2193 Gallia
1435 2137 1611 2195 notissimum
1619 2146 1669 2195 est.
1686 2083 1787 2198 Venio·

984 2224 1054 2263 riam
1075 2225 1134 2279 eius
1158 2208 1256 2265 festive
1279 2211 1404 2265 recolunt
1424 2210 1653 2281 Hieronymiana,
1676 2210 1787 2279 Florus,

985 2278 1056 2347 Ado,
1068 2279 1373 2347 Usuardus,Notlierus.
1390 2281 1441 2336 llic
1455 2283 1538 2354 paulo
1552 2281 1785 2356 compendiosius,

984 2350 1082 2407 Noster
1104 2367 1139 2407 ex
1154 2350 1300 2407 Adoniano
1315 2352 1451 2421 encomio,
1475 2352 1527 2408 boc
1542 2354 1631 2409 solum
1647 2360 1709 2424 post
1723 2357 1784 2409 Fer·

984 2424 1051 2477 reoli
1066 2421 1169 2489 omisit,
1191 2423 1267 2493 ciijim
1286 2423 1314 2476 in
1328 2423 1425 2478 militia
1440 2440 1522 2478 eomes
1536 2430 1613 2479 erat:
1635 2432 1733 2480 caelera
1751 2423 1785 2480 ad

985 2494 1099 2550 verbum
1116 2495 1267 2551 transtulit.
1285 2493 1439 2549 Videautur
1453 2493 1590 2551 Batonius
1602 2502 1629 2550 et
1641 2493 1785 2552 Florenti-

984 2565 1058 2620 niiis.
1075 2566 1144 2622 Acta
1158 2565 1250 2646 aliqua
1274 2581 1288 2620 a
1304 2565 1423 2634 labbeo,
1439 2573 1514 2621 tomo
1528 2567 1563 2632 ll,
1580 2565 1714 2622 Bibliotb.
1732 2583 1784 2624 ms.

984 2635 1140 2692 editasunt.
1152 2635 1249 2693 Surins
1259 2637 1421 2708 Gregorium
1433 2637 1618 2693 Turonensem
1629 2635 1783 2709 descripsit.

985 2708 1056 2763 Vide
1064 2724 1124 2781 quae
1135 2709 1289 2765 accuratius
1300 2707 1432 2780 expendit
1447 2707 1650 2776 Tillemontius,
1664 2716 1738 2764 tomo
1748 2708 1784 2776 V,

984 2795 1070 2851 apag.
1084 2780 1147 2844 279,
1160 2779 1207 2836 sed
1242 2779 1359 2850 racipoe
1372 2795 1388 2833 a
1403 2795 1462 2852 pag.
1479 2779 1542 2846 teti,
1558 2778 1606 2834 ubi
1621 2795 1655 2835 ex
1673 2778 1783 2836 laudato

984 2849 1065 2932 Greg.
1081 2851 1185 2906 Toron.
1201 2796 1254 2906 alia
1269 2850 1431 2905 afferuntur.
1448 2850 1500 2918 Qui
1515 2850 1544 2906 iii
1559 2850 1784 2909 flieronrmianis

989 2921 1114 2978 Vicinam
1128 2939 1190 2978 cum
1207 2921 1366 2978 Alexandro
1373 2920 1563 2993 conjungitur,
1575 2921 1618 2976 vel
1627 2909 1721 2977 nullus
1732 2926 1782 2989 est,

983 2995 1027 3049 vel
1039 2993 1111 3050 idem
1123 2993 1190 3065 ipse,
1206 2994 1234 3048 ni
1246 2994 1337 3060 fallor,
1349 2993 1397 3066 qui
1409 2992 1447 3049 ibi
1459 2993 1488 3049 iii
1500 2991 1785 3064 adjectitiislnlianiss

983 3065 1067 3122 etiam
1082 3073 1208 3133 vocatur,
1231 3065 1331 3120 meiius
1345 3081 1361 3120 a
1375 3065 1457 3122 Floro
1474 3064 1605 3120 Bibionus
1620 3064 1720 3131 dictus,
1736 3062 1784 3118 sed

126 3134 314 3262 fflliusquam
325 3133 447 3191 Adonem
459 3135 612 3207 prmoculis
623 3136 923 3193 babuisseexistimem.
944 3137 1061 3204 cmale,
1087 3138 1189 3202 sconis,
1209 3137 1315 3194 scottiis
1335 3135 1379 3191 vel
1395 3135 1483 3191 (fomis
1504 3136 1634 3190 tributus.
1652 3135 1783 3190 Bilionus

163 3207 306 3263 tissimum
318 3222 445 3279 campum
469 3223 519 3263 suo
533 3217 655 3280 tempore
671 3208 792 3279 pandent
805 3208 926 3266 doctoris

127 3276 352 3349 incomparabilis
365 3278 472 3350 egregia
487 3287 572 3348 gesta,
605 3290 645 3334 naa
662 3278 729 3352 ipse,
746 3295 807 3335 raro
822 3280 925 3336 admo-

127 3349 188 3405 dum
199 3349 341 3421 exemplo‚
351 3349 379 3405 in
387 3365 470 3406 aureo
480 3349 513 3405 de
526 3295 752 3407 coniessioniiius
764 3351 923 3422 sumopere,

127 3419 158 3476 ed
179 3419 366 3477 sacerdotium
391 3438 477 3494 nsque
501 3422 656 3478 luculenter
681 3433 841 3493 prosecutus
864 3432 922 3490 est,

127 3491 265 3549 Possidius
278 3491 443 3574 discipulus,
459 3509 551 3549 comes
564 3509 646 3566 prope
659 3502 807 3566 perpetuus
824 3505 851 3550 et
862 3511 925 3552 ocri·

128 3563 195 3621 lalus
204 3564 295 3630 testis,
307 3565 444 3636 reliquum
456 3565 578 3621 laborum
590 3581 701 3621 cursum
713 3564 762 3620 dili
784 3565 926 3621 entissime

128 3636 222 3693 texuit.
244 3636 336 3709 Atque
355 3652 390 3692 ex
413 3635 488 3693 bisce
504 3637 679 3708 potissimum
696 3581 786 3692 fontib

128 3705 188 3763 rite
202 3708 302 3765 seriem
309 3707 499 3764 deducendam
509 3708 778 3774 nemodilIitebitur3
791 3723 826 3764 ex
833 3710 926 3781 Augu·

127 3777 191 3834 stiiii
213 3778 358 3853 ipsiusmet
380 3780 554 3853 aliorumque
577 3779 697 3854 scriptis,
723 3787 749 3837 ot
771 3779 927 3837 innumeris

789 3653 821 3692 us
839 3644 926 3694 lotam

980 3207 1046 3263 item
1069 3207 1102 3263 ab
1117 3208 1214 3264 Adone
1228 3208 1392 3288 appellatur,
1408 3205 1486 3262 seda
1502 3205 1625 3261 thkero
1645 3205 1781 3273 Vibienus,

980 3294 1061 3351 quani
1076 3279 1301 3351 orthographiam
1312 3294 1346 3333 ex
1356 3277 1479 3334 Pratensi
1492 3285 1519 3332 et
1532 3276 1689 3333 Heriniensi
1700 3292 1784 3348 supra

979 3351 1163 3422 praetulimus,
1178 3350 1295 3406 mediam
1308 3348 1643 3422 quasiinterantiquiores
1653 3356 1680 3404 et
1691 3362 1782 3426 recen·

980 3422 1064 3476 tiores
1074 3422 1191 3489 codices,
1201 3438 1264 3477 cum
1276 3420 1404 3487 Brironio,
1421 3419 1493 3475 viam
1510 3418 1635 3490 ingressi.
1647 3418 1689 3474 Tu
1700 3417 1783 3488 hugus

981 3493 1137 3548 notationes
1153 3495 1275 3548 consule.
1305 3493 1416 3550 Certum
1443 3497 1493 3556 est,
1521 3489 1675 3548 Usuardum
1694 3497 1780 3546 totam
1857 3536 1858 3539 ,

980 3580 1057 3620 snam
1071 3565 1310 3620 annuntiationem
1321 3580 1356 3619 ex
1370 3562 1468 3620 Adone
1481 3561 1683 3633 desumpsisse:
1701 3568 1783 3634 atque

980 3635 1048 3692 adeo
1062 3652 1096 3692 ex
1112 3635 1194 3692 dictis
1208 3643 1283 3708 patet
1304 3642 1396 3693 textus
1410 3633 1497 3690 nostri
1513 3632 1619 3709 genesis
1635 3631 1783 3706 purissima

981 3716 1007 3764 at
1021 3707 1237 3783 simplicissima.
1728 3727 1730 3731 ⁴

854 3906 1045 3964 AUCTARIA.

160 4005 309 4062 floswsin.
326 4020 382 4060 nori
397 4002 511 4059 omnino
525 4018 610 4077 purus
623 4010 663 4059 est
674 4021 681 4071 ;
694 4002 924 4076 pretereadelicit

129 4073 155 4131 in
168 4075 269 4134 ultima
287 4075 510 4132 annuntiatione.

162 4148 316 4206 Puesannn.
323 4147 418 4228 primo
430 4147 491 4203 loco
501 4146 535 4202 de
548 4144 576 4203 S.
594 4145 760 4216 Augustino,
777 4145 877 4203 deinde
890 4147 924 4203 de

131 4219 263 4289 Hermete,
278 4225 345 4277 satis
360 4234 436 4291 pure.
452 4218 505 4275 Sed
526 4216 632 4291 reliqua
650 4217 744 4274 omnia
760 4218 924 4274 desideran-

130 4298 182 4347 lut.

160 4363 305 4418 Mummi.
317 4371 344 4417 et
352 4362 545 4418 linx-Lunae.
558 4359 769 4435 epnrisoxclusl
778 4360 924 4431 suntquis

129 4433 449 4490 iuAlexandroutuntur
458 4433 549 4506 pbrasi
562 4433 685 4489 Adonis:
702 4431 924 4486 ‹Arriusdivino

127 4504 228 4576 judicio
252 4506 419 4577 dampnatus
442 4507 549 4575 crepuit
572 4503 680 4560 medius
707 4509 734 4558 et
757 4502 843 4558 effusa
859 4512 925 4559 sunt

130 4577 230 4634 uiscera
244 4575 314 4648 ejus.
331 4601 340 4623 ι
361 4577 392 4633 ln
405 4575 460 4631 fine
478 4577 592 4635 Victorii.
823 4643 828 4653 Ι

160 4648 403 4716 Arruntem-bisi,
415 4649 597 4717 Uurnnsucu,
607 4647 729 4703 Lernam.
745 4643 924 4716 incipiuntab

130 4720 291 4789 Augustino,
307 4718 340 4774 dc
354 4736 408 4793 quo
418 4719 536 4775 addunt:
554 4718 669 4775 doctoris
683 4716 774 4771 eximii
791 4734 797 4783 ;
814 4723 840 4772 et
855 4717 962 4815 eru·D

130 4861 155 4918 in
168 4865 297 4920 Hermete
311 4870 338 4918 et
353 4863 468 4934 reliquis
482 4863 621 4932 omnibus,
633 4869 813 4934 preterquam
822 4860 850 4916 in
861 4862 922 4917 Ale-

130 4936 240 5004 xandro,
250 4935 285 4991 de
295 4949 350 5005 quo
362 4934 445 4990 etiam
457 4935 560 4991 babent
571 4950 681 4992 sensum
695 4932 810 5000 Adonis,
822 4933 924 5004 crepuit

130 5007 234 5132 vedire-s,
250 5016 302 5066 etc.
325 5007 355 5062 lu
379 5006 434 5062 fine
453 5007 535 5063 etiarn
557 5023 619 5064 cum
640 5004 766 5079 pluribus
785 5003 920 5073 scribunt,

150 5097 240 5134 illlam.

159 5152 318 5208 Aurenses.
336 5168 352 5207 a
366 5152 504 5224 prioribus
519 5151 548 5206 in
558 5167 590 5206 eo
605 5149 694 5205 solum
706 5146 879 5218 differtquod
891 5146 925 5204 de

127 5220 290 5294 Augustino,
305 5223 436 5281 omittens
450 5224 581 5297 elogium,
597 5218 760 5292 simpliciter
775 5218 856 5288 legat,
873 5219 925 5291 epi·

127 5295 192 5364 scopi
205 5302 230 5349 et
244 5294 413 5366 confessoris.
832 5361 837 5371 ι

159 5367 257 5423 timis.
275 5368 304 5422 iii
319 5368 448 5424 omnibus
463 5366 600 5439 congruit,
617 5364 664 5420 sed
675 5374 735 5436 post
752 5363 860 5429 Tieims,
877 5376 923 5415 ex·

125 5436 281 5507 plicationis
305 5440 403 5511 gratia,
429 5441 520 5496 locum
543 5437 701 5495 distinctius
720 5435 923 5507 designaturus,

125 5509 540 5582 mmmmwmfflmm
810 5575 816 5587 ‚
903 5576 909 5586 .

157 5581 339 5639 Cossitium:
373 5584 427 5640 «lii
445 5582 548 5651 Africa,
573 5579 709 5654 depositio
730 5584 818 5634 sancti
836 5576 926 5631 Patris

124 5655 208 5710 nostri
216 5654 369 5725 Augustini
379 5654 471 5726 episco
492 5650 763 5722 i,doctoriseuiuiii,·
780 5659 923 5720 etc.,pure.

124 5723 187 5780 ltem
197 5725 232 5782 de
244 5727 383 5782 Hermete.
399 5672 618 5792 DeAiexandro,
629 5734 763 5794 utsupra.
776 5723 806 5778 lii
816 5719 926 5776 loliano

122 5797 242 5870 elogium
259 5803 382 5854 truncat.
398 5798 428 5853 ln
445 5796 578 5867 Vibiano,
594 5802 677 5855 reete.

1014 4005 1192 4064 Carrucam:
1213 4006 1336 4072 «Roma,
1354 4002 1445 4075 passio
1462 4000 1550 4058 sancti
1565 4000 1701 4058 Hermetis
1712 4016 1782 4058 mar·

978 4077 1058 4149 tyris,
1092 4093 1156 4133 ticin
1170 4076 1266 4132 beatus
1281 4075 1438 4131 Alexander
1452 4090 1486 4146 pa
1505 4090 1532 4141 a,
1548 4089 1611 4129 cum
1626 4078 1696 4130 esset
1727 4089 1783 4130 rae-

978 4094 1308 4220 fectusfliaptizavitcum
1318 4161 1410 4226 'uxore
1423 4152 1450 4201 et
1466 4091 1532 4200 iiiiii
1547 4153 1574 4199 et
1588 4160 1689 4225 sorore·
1718 4144 1781 4203 beo-

977 4221 1064 4277 dosia.
1086 4216 1336 4287 Constantinopoli,
1359 4215 1447 4270 sancti
1472 4214 1625 4270 Alexandri
1648 4216 1780 4288 episcopi,

978 4290 1090 4363 gloriosi
1101 4288 1225 4345 senisln
1236 4286 1341 4351 Africa,
1351 4284 1464 4341 civitate
1480 4284 1606 4363 Hypona,
1621 4283 1709 4339 sancti
1724 4287 1779 4341 Au·

995 4361 1080 4419 ustini
1095 4359 1216 4432 episcopi
1231 4366 1258 4414 et
1272 4355 1447 4422 confessoris,
1465 4371 1512 4427 qui
1527 4355 1630 4408 talenta
1646 4352 1698 4408 sibi
1716 4370 1780 4410 cre-

978 4379 1036 4488 {ita
1051 4449 1067 4487 a
1079 4434 1135 4489 Deo
1150 4428 1347 4502 multiplicavit
1358 4426 1421 4500 [ita]
1433 4433 1464 4481 ut
1477 4440 1558 4480 nemo
1570 4423 1653 4478 fuerit
1663 4423 1710 4494 qui
1722 4440 1779 4479 om-

979 4505 1025 4560 nia
1039 4502 1098 4574 ejus
1112 4501 1251 4573 scriptase
1267 4500 1384 4555 fateatur
1398 4497 1505 4576 legisse.
1529 4496 1561 4552 ln
1580 4494 1691 4576 Privato
1706 4495 1779 4563 vico,

978 4576 1067 4649 passio
1082 4572 1169 4630 sancti
1180 4570 1283 4628 iuliani
1298 4568 1438 4641 martyris,
1454 4583 1532 4639 quus
1548 4581 1701 4638 passionem
1717 4564 1780 4622 Gre-

980 4647 1072 4720 gorius
1088 4643 1256 4703 Turonensis
1274 4640 1349 4698 fideli
1365 4639 1429 4696 stilo
1451 4636 1592 4696 describit.
1618 4637 1779 4707 Sanctonas,

980 4719 1067 4775 sancti
1078 4715 1226 4773 Lobiniani
1242 4712 1363 4786 episcopi
1373 4710 1601 4769 etconfessoris.·
1618 4709 1780 4767 bliranomi-

130 4808 187 4848 niis.
204 4799 346 4864 praterea,
373 4792 574 4848 Putrisnostri.
591 4789 923 4859 Aliapurasuut‚etiam
980 4792 1024 4847 nis
1036 4789 1163 4857 variatio,
1183 4805 1247 4845 cuin
1262 4796 1355 4844 tamen
1375 4785 1478 4858 ubique
1492 4783 1526 4840 dc
1543 4783 1603 4855 ipso
1618 4781 1714 4840 eodem
1738 4783 1780 4842 Vi·
1820 4828 1830 4834 .

978 4864 1067 4930 bione,
1084 4863 1127 4918 vel
1157 4861 1276 4928 Viciono,
1302 4859 1346 4914 rel
1365 4858 1470 4914 bibione
1495 4864 1599 4929 agatur.
1624 4855 1718 4914 Codex
1732 4854 1779 4927 qui

978 4935 1103 5009 sequitui
1115 4950 1178 4990 eum
1194 4934 1345 4991 Labienum
1360 4930 1490 5003 appellat.

1014 5046 1193 5102 Bnuxeiuau.
1204 5041 1302 5122 incipit
1310 5037 1343 5095 ab
1352 5034 1556 5109 Augustino,in
1564 5048 1619 5105 quo
1632 5031 1778 5087 Anuuuni·

978 5119 1138 5181 illex.,etc.,
1149 5114 1235 5169 ferme
1249 5110 1407 5167 similisest.
1422 5109 1452 5163 ln
1464 5107 1599 5170 Hermete,
1613 5103 1668 5156 fere
1682 5115 1777 5171 purus.

979 5190 1010 5247 ln
1025 5186 1135 5242 Jnliano
1150 5184 1245 5240 inserit
1260 5180 1365 5239 Adonis
1377 5177 1472 5259 rerba,
1488 5176 1521 5230 ab
1532 5172 1653 5230 Usuardo
1669 5179 1778 5243 prseter-

980 5260 1073 5324 missa,
1087 5265 1117 5312 ut
1127 5255 1186 5311 dixi
1201 5255 1229 5310 in
1240 5249 1495 5311 Observationibns.
1509 5247 1548 5301 Dc
1562 5242 1722 5300 Alexandro
1731 5242 1778 5298 ba·

978 5331 1025 5388 bet
1043 5337 1178 5399 utsupra.
1194 5327 1247 5381 Pro
1265 5323 1380 5389 Vibieni,
1400 5317 1497 5376 scribit
1512 5314 1639 5371 Labieni.

1014 5432 1207 5498 fiscannium,
1224 5430 1252 5485 iii
1268 5430 1394 5485 Herniete
1408 5432 1435 5480 et
1447 5419 1606 5480 Alexandro
1622 5419 1778 5478 modicein·

977 5503 1140 5576 terpolatus,
1176 5502 1235 5558 lura
1249 5498 1369 5559 corrodit
1383 5496 1416 5552 de
1430 5500 1528 5575 sancto,
1537 5492 1712 5577 Augustino,
1718 5508 1779 5566 qum

999 5575 1076 5632 uritis
1090 5574 1117 5631 in
1127 5518 1224 5630 Aiane
1241 5574 1293 5644 legi
1308 5574 1432 5653 possunt.
1448 5567 1578 5640 Sequitur
1591 5564 1626 5622 de
1648 5565 1777 5621 Viviauo.

980 5593 1012 5705 iu
1026 5646 1081 5704 fine
1096 5646 1179 5719 legit:
1203 5667 1213 5691 ‹
1229 5646 1297 5701 ftonr
1311 5657 1370 5714 ipso
1380 5639 1435 5707 die,
1452 5643 1611 5720 sanctorum
1627 5647 1780 5710 martyrum

980 5719 1082 5775 iuliani
1101 5726 1128 5774 et
1142 5715 1264 5773 Ferreoli
1285 5743 1293 5766 ·
1314 5722 1368 5772 etc.
1386 5711 1494 5770 Colitur
1509 5709 1556 5766 liic
1570 5725 1641 5765 xviii
1659 5709 1779 5781 Septem·

980 5790 1048 5847 bris.
