<?xml version="1.0" encoding="UTF-8"?>
<!DOCTYPE html PUBLIC "-//W3C//DTD XHTML 1.0 Transitional//EN"
    "http://www.w3.org/TR/xhtml1/DTD/xhtml1-transitional.dtd">
<html xmlns="http://www.w3.org/1999/xhtml" xml:lang="en" lang="en">
 <head>
  <title>
</title>
<meta http-equiv="Content-Type" content="text/html;charset=utf-8" />
  <meta name='ocr-system' content='tesseract 3.04.00' />
  <meta name='ocr-capabilities' content='ocr_page ocr_carea ocr_par ocr_line ocrx_word'/>
</head>
<body>
  <div class='ocr_page' id='page_1' title='image "./patrologiaecurs76unkngoog_0012.png"; bbox 0 0 3834 6136; ppageno 0'>
   <div class='ocr_carea' id='block_1_1' title="bbox 135 260 1788 343">
    <p class='ocr_par' dir='ltr' id='par_1_1' title="bbox 135 260 1788 343">
     <span class='ocr_line' id='line_1_1' title="bbox 135 260 1788 343; baseline 0.002 -15"><span class='ocrx_word' id='word_1_1' title='bbox 135 267 168 328; x_wconf 72' lang='lat' dir='ltr'>ld</span> <span class='ocrx_word' id='word_1_2' title='bbox 671 260 987 332; x_wconf 72' lang='lat' dir='ltr'>Mantinonocttttt.</span> <span class='ocrx_word' id='word_1_3' title='bbox 1006 302 1043 317; x_wconf 92' lang='lat'><em>-</em></span> <span class='ocrx_word' id='word_1_4' title='bbox 1058 272 1161 330; x_wconf 79' lang='lat' dir='ltr'>MENS.</span> <span class='ocrx_word' id='word_1_5' title='bbox 1182 268 1257 332; x_wconf 84' lang='lat' dir='ltr'>hlAl.</span> <span class='ocrx_word' id='word_1_6' title='bbox 1754 267 1788 343; x_wconf 66' lang='lat' dir='ltr'>{A</span> 
     </span>
    </p>
   </div>
   <div class='ocr_carea' id='block_1_2' title="bbox 131 389 1785 520">
    <p class='ocr_par' dir='ltr' id='par_1_2' title="bbox 131 389 1785 520">
     <span class='ocr_line' id='line_1_2' title="bbox 131 389 1785 520; baseline 0.008 -68"><span class='ocrx_word' id='word_1_7' title='bbox 131 397 195 453; x_wconf 88' lang='lat' dir='ltr'>sitio</span> <span class='ocrx_word' id='word_1_8' title='bbox 212 403 317 452; x_wconf 79' lang='lat' dir='ltr'>sanctae</span> <span class='ocrx_word' id='word_1_9' title='bbox 332 389 489 520; x_wconf 49' lang='lat' dir='ltr'>Walburpe</span> <span class='ocrx_word' id='word_1_10' title='bbox 510 393 627 466; x_wconf 73' lang='lat' dir='ltr'>virginis</span> <span class='ocrx_word' id='word_1_11' title='bbox 647 395 876 464; x_wconf 71' lang='lat' dir='ltr'>sanctimonialis,</span> <span class='ocrx_word' id='word_1_12' title='bbox 892 413 934 453; x_wconf 89' lang='lat' dir='ltr'>so·</span> <span class='ocrx_word' id='word_1_13' title='bbox 948 400 973 460; x_wconf 77' lang='grc' dir='ltr'><strong>Α</strong></span> <span class='ocrx_word' id='word_1_14' title='bbox 988 397 1071 464; x_wconf 91' lang='lat' dir='ltr'>rium,</span> <span class='ocrx_word' id='word_1_15' title='bbox 1089 398 1124 453; x_wconf 91' lang='lat' dir='ltr'>ad</span> <span class='ocrx_word' id='word_1_16' title='bbox 1139 400 1295 471; x_wconf 81' lang='lat' dir='ltr'>perpetuale</span> <span class='ocrx_word' id='word_1_17' title='bbox 1318 400 1522 472; x_wconf 84' lang='lat' dir='ltr'>peregrinorum</span> <span class='ocrx_word' id='word_1_18' title='bbox 1546 401 1706 475; x_wconf 80' lang='lat' dir='ltr'>hospitium.</span> <span class='ocrx_word' id='word_1_19' title='bbox 1723 410 1785 481; x_wconf 91' lang='lat' dir='ltr'>lpso</span> 
     </span>
    </p>
   </div>
   <div class='ocr_carea' id='block_1_3' title="bbox 128 463 935 1890">
    <p class='ocr_par' dir='ltr' id='par_1_3' title="bbox 128 463 935 1890">
     <span class='ocr_line' id='line_1_3' title="bbox 133 463 935 537; baseline 0.001 -13"><span class='ocrx_word' id='word_1_20' title='bbox 133 469 204 524; x_wconf 87' lang='lat' dir='ltr'>roris</span> <span class='ocrx_word' id='word_1_21' title='bbox 220 466 312 523; x_wconf 90' lang='lat' dir='ltr'>sancti</span> <span class='ocrx_word' id='word_1_22' title='bbox 326 463 441 522; x_wconf 91' lang='lat' dir='ltr'>Wilibal</span> <span class='ocrx_word' id='word_1_23' title='bbox 465 464 472 518; x_wconf 94' lang='lat' dir='ltr'>i</span> <span class='ocrx_word' id='word_1_24' title='bbox 494 464 613 537; x_wconf 84' lang='lat' dir='ltr'>episcopi</span> <span class='ocrx_word' id='word_1_25' title='bbox 636 466 824 535; x_wconf 74' lang='lat' dir='ltr'>Epstadeusis,</span> <span class='ocrx_word' id='word_1_26' title='bbox 838 468 896 523; x_wconf 84' lang='lat' dir='ltr'>vita</span> <span class='ocrx_word' id='word_1_27' title='bbox 908 478 935 525; x_wconf 93' lang='lat' dir='ltr'>et</span> 
     </span>
     <span class='ocr_line' id='line_1_4' title="bbox 132 535 935 602; baseline -0.001 -6"><span class='ocrx_word' id='word_1_28' title='bbox 132 540 278 596; x_wconf 82' lang='lat' dir='ltr'>miraculis</span> <span class='ocrx_word' id='word_1_29' title='bbox 299 538 390 593; x_wconf 76' lang='lat' dir='ltr'>clarae.</span> <span class='ocrx_word' id='word_1_30' title='bbox 407 535 537 602; x_wconf 80' lang='lat' dir='ltr'>llantuae,</span> <span class='ocrx_word' id='word_1_31' title='bbox 552 536 697 594; x_wconf 80' lang='lat' dir='ltr'>translatio</span> <span class='ocrx_word' id='word_1_32' title='bbox 718 539 805 594; x_wconf 89' lang='lat' dir='ltr'>sancti</span> <span class='ocrx_word' id='word_1_33' title='bbox 821 539 935 595; x_wconf 89' lang='lat' dir='ltr'>loannis</span> 
     </span>
     <span class='ocr_line' id='line_1_5' title="bbox 130 606 935 683; baseline -0.001 -15"><span class='ocrx_word' id='word_1_34' title='bbox 130 612 198 668; x_wconf 83' lang='lat' dir='ltr'>Bnni</span> <span class='ocrx_word' id='word_1_35' title='bbox 215 606 396 675; x_wconf 81' lang='lat' dir='ltr'>contessoris,</span> <span class='ocrx_word' id='word_1_36' title='bbox 411 606 518 663; x_wconf 87' lang='lat' dir='ltr'>ordinis</span> <span class='ocrx_word' id='word_1_37' title='bbox 532 608 734 664; x_wconf 90' lang='lat' dir='ltr'>Heremitarnm</span> <span class='ocrx_word' id='word_1_38' title='bbox 746 610 834 666; x_wconf 89' lang='lat' dir='ltr'>sancti</span> <span class='ocrx_word' id='word_1_39' title='bbox 845 614 935 683; x_wconf 83' lang='lat' dir='ltr'>Augu·</span> 
     </span>
     <span class='ocr_line' id='line_1_6' title="bbox 130 678 844 740; baseline -0.004 0"><span class='ocrx_word' id='word_1_40' title='bbox 130 683 230 740; x_wconf 80' lang='lat' dir='ltr'>stimi.»</span> <span class='ocrx_word' id='word_1_41' title='bbox 251 678 417 738; x_wconf 82' lang='lat' dir='ltr'>Remittitur</span> <span class='ocrx_word' id='word_1_42' title='bbox 431 678 466 735; x_wconf 91' lang='lat' dir='ltr'>ad</span> <span class='ocrx_word' id='word_1_43' title='bbox 481 695 553 734; x_wconf 85' lang='lat' dir='ltr'>xxm</span> <span class='ocrx_word' id='word_1_44' title='bbox 568 679 612 734; x_wconf 88' lang='lat' dir='ltr'>vel</span> <span class='ocrx_word' id='word_1_45' title='bbox 623 696 692 735; x_wconf 80' lang='lat' dir='ltr'>xxiv</span> <span class='ocrx_word' id='word_1_46' title='bbox 707 680 844 737; x_wconf 86' lang='lat' dir='ltr'>Octobris.</span> 
     </span>
     <span class='ocr_line' id='line_1_7' title="bbox 167 749 934 819; baseline -0.003 -9"><span class='ocrx_word' id='word_1_47' title='bbox 167 755 274 811; x_wconf 75' lang='lat' dir='ltr'>nomi.</span> <span class='ocrx_word' id='word_1_48' title='bbox 288 770 296 808; x_wconf 80' lang='lat' dir='ltr'><em>z</em></span> <span class='ocrx_word' id='word_1_49' title='bbox 318 775 327 796; x_wconf 79' lang='grc' dir='ltr'>ι</span> <span class='ocrx_word' id='word_1_50' title='bbox 339 752 370 807; x_wconf 97' lang='lat' dir='ltr'>ln</span> <span class='ocrx_word' id='word_1_51' title='bbox 382 749 530 806; x_wconf 83' lang='lat' dir='ltr'>Blandinio</span> <span class='ocrx_word' id='word_1_52' title='bbox 541 751 717 819; x_wconf 89' lang='lat' dir='ltr'>monasterio,</span> <span class='ocrx_word' id='word_1_53' title='bbox 727 752 934 809; x_wconf 87' lang='lat' dir='ltr'>translatiocor·</span> 
     </span>
     <span class='ocr_line' id='line_1_8' title="bbox 132 821 932 899; baseline -0.003 -18"><span class='ocrx_word' id='word_1_54' title='bbox 132 827 206 899; x_wconf 89' lang='lat' dir='ltr'>poris</span> <span class='ocrx_word' id='word_1_55' title='bbox 219 823 403 880; x_wconf 74' lang='lat' dir='ltr'>sanctissimae</span> <span class='ocrx_word' id='word_1_56' title='bbox 417 821 723 894; x_wconf 78' lang='lat' dir='ltr'>Amelbergaevirginis.</span> <span class='ocrx_word' id='word_1_57' title='bbox 733 825 763 880; x_wconf 94' lang='lat' dir='ltr'>ln</span> <span class='ocrx_word' id='word_1_58' title='bbox 775 823 932 893; x_wconf 86' lang='lat' dir='ltr'>Blandinio,</span> 
     </span>
     <span class='ocr_line' id='line_1_9' title="bbox 131 892 930 964; baseline -0.004 -11"><span class='ocrx_word' id='word_1_59' title='bbox 131 896 301 953; x_wconf 89' lang='lat' dir='ltr'>consecratio</span> <span class='ocrx_word' id='word_1_60' title='bbox 316 894 439 949; x_wconf 71' lang='lat' dir='ltr'>basilicae</span> <span class='ocrx_word' id='word_1_61' title='bbox 454 893 559 964; x_wconf 80' lang='lat' dir='ltr'>prime,</span> <span class='ocrx_word' id='word_1_62' title='bbox 575 892 681 949; x_wconf 90' lang='lat' dir='ltr'>abeato</span> <span class='ocrx_word' id='word_1_63' title='bbox 694 894 820 950; x_wconf 83' lang='lat' dir='ltr'>Amantio</span> <span class='ocrx_word' id='word_1_64' title='bbox 852 896 930 950; x_wconf 93' lang='lat' dir='ltr'>onti-</span> 
     </span>
     <span class='ocr_line' id='line_1_10' title="bbox 130 911 930 1035; baseline -0.004 -10"><span class='ocrx_word' id='word_1_65' title='bbox 130 970 188 1025; x_wconf 89' lang='lat' dir='ltr'>lice.</span> <span class='ocrx_word' id='word_1_66' title='bbox 215 994 225 1014; x_wconf 74' lang='grc' dir='ltr'><strong>ι</strong></span> <span class='ocrx_word' id='word_1_67' title='bbox 261 966 334 1021; x_wconf 88' lang='lat' dir='ltr'>Vide</span> <span class='ocrx_word' id='word_1_68' title='bbox 357 964 567 1020; x_wconf 80' lang='lat' dir='ltr'>Preteriiiisscs.</span> <span class='ocrx_word' id='word_1_69' title='bbox 590 965 629 1020; x_wconf 88' lang='lat' dir='ltr'>De</span> <span class='ocrx_word' id='word_1_70' title='bbox 649 964 742 1033; x_wconf 85' lang='lat' dir='ltr'>Grata,</span> <span class='ocrx_word' id='word_1_71' title='bbox 771 911 930 1035; x_wconf 72' lang='lat' dir='ltr'>Wadiurpe,</span> 
     </span>
     <span class='ocr_line' id='line_1_11' title="bbox 129 1034 927 1127; baseline -0.006 -31"><span class='ocrx_word' id='word_1_72' title='bbox 129 1038 292 1127; x_wconf 87' lang='lat' dir='ltr'>llarculpho</span> <span class='ocrx_word' id='word_1_73' title='bbox 306 1046 333 1093; x_wconf 93' lang='lat' dir='ltr'>et</span> <span class='ocrx_word' id='word_1_74' title='bbox 344 1034 537 1107; x_wconf 87' lang='lat' dir='ltr'>Theodulpho,</span> <span class='ocrx_word' id='word_1_75' title='bbox 553 1043 688 1107; x_wconf 88' lang='lat' dir='ltr'>utsupra.</span> <span class='ocrx_word' id='word_1_76' title='bbox 712 1038 761 1093; x_wconf 76' lang='lat' dir='ltr'>«ln</span> <span class='ocrx_word' id='word_1_77' title='bbox 776 1038 927 1105; x_wconf 81' lang='lat' dir='ltr'>Britannia,</span> 
     </span>
     <span class='ocr_line' id='line_1_12' title="bbox 128 1107 934 1178; baseline -0.004 -11"><span class='ocrx_word' id='word_1_78' title='bbox 128 1111 215 1167; x_wconf 86' lang='lat' dir='ltr'>sancti</span> <span class='ocrx_word' id='word_1_79' title='bbox 226 1107 392 1168; x_wconf 74' lang='lat' dir='ltr'>(morentini</span> <span class='ocrx_word' id='word_1_80' title='bbox 406 1107 528 1178; x_wconf 87' lang='lat' dir='ltr'>episcopi</span> <span class='ocrx_word' id='word_1_81' title='bbox 538 1107 660 1163; x_wconf 88' lang='lat' dir='ltr'>civitatis</span> <span class='ocrx_word' id='word_1_82' title='bbox 676 1109 701 1163; x_wconf 98' lang='lat' dir='ltr'>A</span> <span class='ocrx_word' id='word_1_83' title='bbox 722 1109 795 1163; x_wconf 81' lang='lat' dir='ltr'>uile.</span> <span class='ocrx_word' id='word_1_84' title='bbox 814 1108 934 1164; x_wconf 88' lang='lat' dir='ltr'>Ambia-</span> 
     </span>
     <span class='ocr_line' id='line_1_13' title="bbox 129 1124 931 1251; baseline -0.002 -14"><span class='ocrx_word' id='word_1_85' title='bbox 129 1184 182 1250; x_wconf 90' lang='lat' dir='ltr'>nis,</span> <span class='ocrx_word' id='word_1_86' title='bbox 198 1183 344 1238; x_wconf 89' lang='lat' dir='ltr'>beatorum</span> <span class='ocrx_word' id='word_1_87' title='bbox 361 1185 514 1250; x_wconf 88' lang='lat' dir='ltr'>martyrum</span> <span class='ocrx_word' id='word_1_88' title='bbox 531 1178 592 1234; x_wconf 90' lang='lat' dir='ltr'>Acii</span> <span class='ocrx_word' id='word_1_89' title='bbox 608 1124 745 1246; x_wconf 69' lang='lat' dir='ltr'>einoldi,</span> <span class='ocrx_word' id='word_1_90' title='bbox 760 1179 808 1250; x_wconf 94' lang='lat' dir='ltr'>qui</span> <span class='ocrx_word' id='word_1_91' title='bbox 824 1180 931 1251; x_wconf 84' lang='lat' dir='ltr'>religio-</span> 
     </span>
     <span class='ocr_line' id='line_1_14' title="bbox 128 1249 935 1325; baseline -0.001 -17"><span class='ocrx_word' id='word_1_92' title='bbox 128 1255 166 1309; x_wconf 88' lang='lat' dir='ltr'>sis</span> <span class='ocrx_word' id='word_1_93' title='bbox 180 1254 289 1325; x_wconf 78' lang='lat' dir='ltr'>fulgent</span> <span class='ocrx_word' id='word_1_94' title='bbox 305 1250 456 1307; x_wconf 87' lang='lat' dir='ltr'>miraculis.</span> <span class='ocrx_word' id='word_1_95' title='bbox 469 1251 531 1319; x_wconf 89' lang='lat' dir='ltr'>Ipso</span> <span class='ocrx_word' id='word_1_96' title='bbox 542 1250 596 1317; x_wconf 90' lang='lat' dir='ltr'>die,</span> <span class='ocrx_word' id='word_1_97' title='bbox 617 1250 705 1306; x_wconf 75' lang='lat' dir='ltr'>macti</span> <span class='ocrx_word' id='word_1_98' title='bbox 720 1251 823 1318; x_wconf 84' lang='lat' dir='ltr'>Uitam,</span> <span class='ocrx_word' id='word_1_99' title='bbox 840 1249 935 1307; x_wconf 82' lang='lat' dir='ltr'>fratris</span> 
     </span>
     <span class='ocr_line' id='line_1_15' title="bbox 129 1320 933 1394; baseline -0.001 -14"><span class='ocrx_word' id='word_1_100' title='bbox 129 1335 287 1380; x_wconf 88' lang='lat' dir='ltr'>sanctorum</span> <span class='ocrx_word' id='word_1_101' title='bbox 307 1321 403 1378; x_wconf 87' lang='lat' dir='ltr'>Fursei</span> <span class='ocrx_word' id='word_1_102' title='bbox 427 1330 454 1376; x_wconf 93' lang='lat' dir='ltr'>et</span> <span class='ocrx_word' id='word_1_103' title='bbox 474 1320 612 1386; x_wconf 88' lang='lat' dir='ltr'>Foillani;</span> <span class='ocrx_word' id='word_1_104' title='bbox 639 1321 685 1394; x_wconf 88' lang='lat' dir='ltr'>qui</span> <span class='ocrx_word' id='word_1_105' title='bbox 707 1329 767 1393; x_wconf 92' lang='lat' dir='ltr'>post</span> <span class='ocrx_word' id='word_1_106' title='bbox 790 1336 933 1379; x_wconf 86' lang='lat' dir='ltr'>excessum</span> 
     </span>
     <span class='ocr_line' id='line_1_16' title="bbox 128 1391 935 1465; baseline -0.004 -14"><span class='ocrx_word' id='word_1_107' title='bbox 128 1397 222 1451; x_wconf 80' lang='lat' dir='ltr'>fratris</span> <span class='ocrx_word' id='word_1_108' title='bbox 252 1394 296 1450; x_wconf 90' lang='lat' dir='ltr'>sni</span> <span class='ocrx_word' id='word_1_109' title='bbox 311 1393 419 1459; x_wconf 89' lang='lat' dir='ltr'>Fursel,</span> <span class='ocrx_word' id='word_1_110' title='bbox 436 1408 498 1448; x_wconf 93' lang='lat' dir='ltr'>cum</span> <span class='ocrx_word' id='word_1_111' title='bbox 512 1391 649 1460; x_wconf 86' lang='lat' dir='ltr'>Foillano,</span> <span class='ocrx_word' id='word_1_112' title='bbox 663 1400 757 1448; x_wconf 87' lang='lat' dir='ltr'>sancta</span> <span class='ocrx_word' id='word_1_113' title='bbox 765 1393 880 1465; x_wconf 87' lang='lat' dir='ltr'>adeptus</span> <span class='ocrx_word' id='word_1_114' title='bbox 894 1400 935 1449; x_wconf 89' lang='lat' dir='ltr'>est</span> 
     </span>
     <span class='ocr_line' id='line_1_17' title="bbox 129 1463 933 1534; baseline -0.004 -12"><span class='ocrx_word' id='word_1_115' title='bbox 129 1476 229 1523; x_wconf 74' lang='lat' dir='ltr'>mactae</span> <span class='ocrx_word' id='word_1_116' title='bbox 243 1464 391 1522; x_wconf 87' lang='lat' dir='ltr'>Gertrudis</span> <span class='ocrx_word' id='word_1_117' title='bbox 408 1463 599 1531; x_wconf 90' lang='lat' dir='ltr'>contubernia,</span> <span class='ocrx_word' id='word_1_118' title='bbox 614 1463 693 1534; x_wconf 85' lang='lat' dir='ltr'>cnjus</span> <span class='ocrx_word' id='word_1_119' title='bbox 705 1465 792 1519; x_wconf 90' lang='lat' dir='ltr'>multa</span> <span class='ocrx_word' id='word_1_120' title='bbox 807 1465 835 1519; x_wconf 93' lang='lat' dir='ltr'>in</span> <span class='ocrx_word' id='word_1_121' title='bbox 848 1464 933 1519; x_wconf 90' lang='lat' dir='ltr'>eccle·</span> 
     </span>
     <span class='ocr_line' id='line_1_18' title="bbox 130 1533 935 1600; baseline -0.006 -6"><span class='ocrx_word' id='word_1_122' title='bbox 130 1539 170 1594; x_wconf 89' lang='lat' dir='ltr'>sia</span> <span class='ocrx_word' id='word_1_123' title='bbox 189 1535 345 1594; x_wconf 85' lang='lat' dir='ltr'>sanctitatis</span> <span class='ocrx_word' id='word_1_124' title='bbox 366 1537 472 1592; x_wconf 88' lang='lat' dir='ltr'>clarent</span> <span class='ocrx_word' id='word_1_125' title='bbox 491 1545 679 1590; x_wconf 87' lang='lat' dir='ltr'>monumenta.</span> <span class='ocrx_word' id='word_1_126' title='bbox 703 1533 825 1600; x_wconf 87' lang='lat' dir='ltr'>Quorum</span> <span class='ocrx_word' id='word_1_127' title='bbox 840 1543 935 1590; x_wconf 86' lang='lat' dir='ltr'>sancta</span> 
     </span>
     <span class='ocr_line' id='line_1_19' title="bbox 131 1605 934 1681; baseline -0.006 -17"><span class='ocrx_word' id='word_1_128' title='bbox 131 1611 211 1681; x_wconf 80' lang='lat' dir='ltr'>uirgo</span> <span class='ocrx_word' id='word_1_129' title='bbox 235 1608 326 1680; x_wconf 77' lang='lat' dir='ltr'>agnita</span> <span class='ocrx_word' id='word_1_130' title='bbox 340 1606 496 1672; x_wconf 85' lang='lat' dir='ltr'>sanctitate,</span> <span class='ocrx_word' id='word_1_131' title='bbox 519 1621 567 1676; x_wconf 87' lang='lat' dir='ltr'>per</span> <span class='ocrx_word' id='word_1_132' title='bbox 596 1620 694 1660; x_wconf 90' lang='lat' dir='ltr'>manus</span> <span class='ocrx_word' id='word_1_133' title='bbox 721 1621 815 1660; x_wconf 89' lang='lat' dir='ltr'>eorum</span> <span class='ocrx_word' id='word_1_134' title='bbox 831 1605 934 1660; x_wconf 89' lang='lat' dir='ltr'>obtulit</span> 
     </span>
     <span class='ocr_line' id='line_1_20' title="bbox 132 1675 933 1751; baseline -0.006 -15"><span class='ocrx_word' id='word_1_135' title='bbox 132 1683 190 1736; x_wconf 85' lang='lat' dir='ltr'>Deo</span> <span class='ocrx_word' id='word_1_136' title='bbox 213 1687 316 1751; x_wconf 87' lang='lat' dir='ltr'>partem</span> <span class='ocrx_word' id='word_1_137' title='bbox 341 1677 513 1733; x_wconf 70' lang='lat' dir='ltr'>haereditatis</span> <span class='ocrx_word' id='word_1_138' title='bbox 536 1693 603 1739; x_wconf 79' lang='lat' dir='ltr'>suar.</span> <span class='ocrx_word' id='word_1_139' title='bbox 629 1675 736 1732; x_wconf 89' lang='lat' dir='ltr'>scilicet</span> <span class='ocrx_word' id='word_1_140' title='bbox 750 1675 856 1742; x_wconf 90' lang='lat' dir='ltr'>villam,</span> <span class='ocrx_word' id='word_1_141' title='bbox 873 1693 933 1747; x_wconf 80' lang='lat' dir='ltr'>quae</span> 
     </span>
     <span class='ocr_line' id='line_1_21' title="bbox 132 1747 933 1823; baseline -0.004 -18"><span class='ocrx_word' id='word_1_142' title='bbox 132 1752 213 1823; x_wconf 73' lang='lat' dir='ltr'>uulgo</span> <span class='ocrx_word' id='word_1_143' title='bbox 225 1751 317 1807; x_wconf 83' lang='lat' dir='ltr'>Fossis</span> <span class='ocrx_word' id='word_1_144' title='bbox 328 1748 533 1820; x_wconf 89' lang='lat' dir='ltr'>dicitnr,quam</span> <span class='ocrx_word' id='word_1_145' title='bbox 548 1747 616 1820; x_wconf 91' lang='lat' dir='ltr'>ipsis</span> <span class='ocrx_word' id='word_1_146' title='bbox 625 1747 741 1804; x_wconf 86' lang='lat' dir='ltr'>tradidit</span> <span class='ocrx_word' id='word_1_147' title='bbox 751 1747 778 1802; x_wconf 94' lang='lat' dir='ltr'>in</span> <span class='ocrx_word' id='word_1_148' title='bbox 788 1762 933 1802; x_wconf 84' lang='lat' dir='ltr'>serrorum</span> 
     </span>
     <span class='ocr_line' id='line_1_22' title="bbox 130 1819 933 1890; baseline -0.007 -11"><span class='ocrx_word' id='word_1_149' title='bbox 130 1823 178 1879; x_wconf 85' lang='lat' dir='ltr'>Dei</span> <span class='ocrx_word' id='word_1_150' title='bbox 194 1821 369 1890; x_wconf 89' lang='lat' dir='ltr'>alimoniam,</span> <span class='ocrx_word' id='word_1_151' title='bbox 383 1828 415 1876; x_wconf 90' lang='lat' dir='ltr'>ut</span> <span class='ocrx_word' id='word_1_152' title='bbox 430 1820 460 1876; x_wconf 90' lang='lat' dir='ltr'>in</span> <span class='ocrx_word' id='word_1_153' title='bbox 474 1836 508 1877; x_wconf 90' lang='lat' dir='ltr'>eo</span> <span class='ocrx_word' id='word_1_154' title='bbox 523 1819 584 1876; x_wconf 92' lang='lat' dir='ltr'>loco</span> <span class='ocrx_word' id='word_1_155' title='bbox 596 1826 787 1877; x_wconf 90' lang='lat' dir='ltr'>construerent</span> <span class='ocrx_word' id='word_1_156' title='bbox 797 1826 933 1875; x_wconf 90' lang='lat' dir='ltr'>monaste·</span> 
     </span>
    </p>
   </div>
   <div class='ocr_carea' id='block_1_4' title="bbox 989 468 1788 1254">
    <p class='ocr_par' dir='ltr' id='par_1_4' title="bbox 989 468 1788 1254">
     <span class='ocr_line' id='line_1_23' title="bbox 989 468 1785 547; baseline 0.016 -24"><span class='ocrx_word' id='word_1_157' title='bbox 989 468 1044 536; x_wconf 89' lang='lat' dir='ltr'>die,</span> <span class='ocrx_word' id='word_1_158' title='bbox 1059 470 1199 526; x_wconf 88' lang='lat' dir='ltr'>territorio</span> <span class='ocrx_word' id='word_1_159' title='bbox 1218 471 1382 543; x_wconf 80' lang='lat' dir='ltr'>Tungrensi,</span> <span class='ocrx_word' id='word_1_160' title='bbox 1398 473 1465 527; x_wconf 91' lang='lat' dir='ltr'>villa</span> <span class='ocrx_word' id='word_1_161' title='bbox 1481 489 1541 545; x_wconf 79' lang='lat' dir='ltr'>quae</span> <span class='ocrx_word' id='word_1_162' title='bbox 1562 475 1654 531; x_wconf 85' lang='lat' dir='ltr'>lliittis</span> <span class='ocrx_word' id='word_1_163' title='bbox 1673 477 1785 547; x_wconf 90' lang='lat' dir='ltr'>dicitur,</span> 
     </span>
     <span class='ocr_line' id='line_1_24' title="bbox 990 541 1788 615; baseline 0.016 -21"><span class='ocrx_word' id='word_1_164' title='bbox 990 541 1077 596; x_wconf 88' lang='lat' dir='ltr'>sancti</span> <span class='ocrx_word' id='word_1_165' title='bbox 1093 542 1234 597; x_wconf 80' lang='lat' dir='ltr'>Evernrari</span> <span class='ocrx_word' id='word_1_166' title='bbox 1246 543 1386 614; x_wconf 89' lang='lat' dir='ltr'>martyris,</span> <span class='ocrx_word' id='word_1_167' title='bbox 1399 544 1446 614; x_wconf 94' lang='lat' dir='ltr'>qui</span> <span class='ocrx_word' id='word_1_168' title='bbox 1462 544 1496 599; x_wconf 90' lang='lat' dir='ltr'>ab</span> <span class='ocrx_word' id='word_1_169' title='bbox 1506 542 1616 615; x_wconf 86' lang='lat' dir='ltr'>injustis</span> <span class='ocrx_word' id='word_1_170' title='bbox 1627 546 1788 607; x_wconf 89' lang='lat' dir='ltr'>innocenter</span> 
     </span>
     <span class='ocr_line' id='line_1_25' title="bbox 991 611 1787 739; baseline 0.013 -74"><span class='ocrx_word' id='word_1_171' title='bbox 991 611 1047 666; x_wconf 73' lang='lat' dir='ltr'>intie</span> <span class='ocrx_word' id='word_1_172' title='bbox 1058 621 1179 684; x_wconf 75' lang='lat' dir='ltr'>retiiptus</span> <span class='ocrx_word' id='word_1_173' title='bbox 1192 621 1242 669; x_wconf 91' lang='lat' dir='ltr'>est.</span> <span class='ocrx_word' id='word_1_174' title='bbox 1256 614 1342 739; x_wconf 49' lang='grc' dir='ltr'>Ηιὶρυε</span> <span class='ocrx_word' id='word_1_175' title='bbox 1354 631 1427 670; x_wconf 91' lang='lat' dir='ltr'>iiiors</span> <span class='ocrx_word' id='word_1_176' title='bbox 1441 615 1560 686; x_wconf 89' lang='lat' dir='ltr'>pretiosa</span> <span class='ocrx_word' id='word_1_177' title='bbox 1578 617 1681 673; x_wconf 90' lang='lat' dir='ltr'>crebris</span> <span class='ocrx_word' id='word_1_178' title='bbox 1700 620 1787 675; x_wconf 86' lang='lat' dir='ltr'>inira-</span> 
     </span>
     <span class='ocr_line' id='line_1_26' title="bbox 990 683 1787 763; baseline 0.009 -24"><span class='ocrx_word' id='word_1_179' title='bbox 990 684 1060 763; x_wconf 82' lang='lat' dir='ltr'>culis</span> <span class='ocrx_word' id='word_1_180' title='bbox 1075 683 1240 741; x_wconf 87' lang='lat' dir='ltr'>illustratur.</span> <span class='ocrx_word' id='word_1_181' title='bbox 1257 711 1266 733; x_wconf 73' lang='grc' dir='ltr'><strong><em>ι</em></strong></span> <span class='ocrx_word' id='word_1_182' title='bbox 1309 703 1356 757; x_wconf 88' lang='lat' dir='ltr'>um</span> <span class='ocrx_word' id='word_1_183' title='bbox 1371 685 1446 757; x_wconf 88' lang='lat' dir='ltr'>typis</span> <span class='ocrx_word' id='word_1_184' title='bbox 1464 686 1635 743; x_wconf 89' lang='lat' dir='ltr'>minoribus:</span> <span class='ocrx_word' id='word_1_185' title='bbox 1658 711 1667 734; x_wconf 79' lang='grc' dir='ltr'>ι</span> <span class='ocrx_word' id='word_1_186' title='bbox 1683 689 1787 747; x_wconf 85' lang='lat' dir='ltr'>Eodem</span> 
     </span>
     <span class='ocr_line' id='line_1_27' title="bbox 989 753 1787 822; baseline 0.01 -13"><span class='ocrx_word' id='word_1_187' title='bbox 989 753 1045 822; x_wconf 85' lang='lat' dir='ltr'>ilio,</span> <span class='ocrx_word' id='word_1_188' title='bbox 1072 765 1228 812; x_wconf 87' lang='lat' dir='ltr'>sanctoruni</span> <span class='ocrx_word' id='word_1_189' title='bbox 1254 757 1429 812; x_wconf 89' lang='lat' dir='ltr'>eremitarum</span> <span class='ocrx_word' id='word_1_190' title='bbox 1454 757 1582 813; x_wconf 88' lang='lat' dir='ltr'>Zoerardi</span> <span class='ocrx_word' id='word_1_191' title='bbox 1604 765 1631 814; x_wconf 89' lang='lat' dir='ltr'>et</span> <span class='ocrx_word' id='word_1_192' title='bbox 1645 759 1787 817; x_wconf 88' lang='lat' dir='ltr'>Benedicti</span> 
     </span>
     <span class='ocr_line' id='line_1_28' title="bbox 991 827 1788 906; baseline 0.011 -27"><span class='ocrx_word' id='word_1_193' title='bbox 991 827 1129 906; x_wconf 76' lang='lat' dir='ltr'>martyris,</span> <span class='ocrx_word' id='word_1_194' title='bbox 1142 844 1259 900; x_wconf 90' lang='lat' dir='ltr'>quorum</span> <span class='ocrx_word' id='word_1_195' title='bbox 1269 829 1353 883; x_wconf 90' lang='lat' dir='ltr'>vitani</span> <span class='ocrx_word' id='word_1_196' title='bbox 1370 827 1515 900; x_wconf 83' lang='lat' dir='ltr'>descripsit</span> <span class='ocrx_word' id='word_1_197' title='bbox 1527 830 1788 904; x_wconf 85' lang='lat' dir='ltr'>llaurusepiscopus</span> 
     </span>
     <span class='ocr_line' id='line_1_29' title="bbox 989 897 1788 974; baseline 0.013 -25"><span class='ocrx_word' id='word_1_198' title='bbox 989 897 1117 969; x_wconf 84' lang='lat' dir='ltr'>Quinque</span> <span class='ocrx_word' id='word_1_199' title='bbox 1131 900 1356 956; x_wconf 83' lang='lat' dir='ltr'>ecclesiastensis.</span> <span class='ocrx_word' id='word_1_200' title='bbox 1369 900 1478 966; x_wconf 80' lang='lat' dir='ltr'>Fistula,</span> <span class='ocrx_word' id='word_1_201' title='bbox 1489 901 1631 956; x_wconf 87' lang='lat' dir='ltr'>translatio</span> <span class='ocrx_word' id='word_1_202' title='bbox 1641 918 1788 974; x_wconf 88' lang='lat' dir='ltr'>corporum</span> 
     </span>
     <span class='ocr_line' id='line_1_30' title="bbox 989 971 1788 1043; baseline 0.01 -22"><span class='ocrx_word' id='word_1_203' title='bbox 989 976 1145 1024; x_wconf 88' lang='lat' dir='ltr'>sanctoruni</span> <span class='ocrx_word' id='word_1_204' title='bbox 1159 971 1327 1043; x_wconf 82' lang='lat' dir='ltr'>Walliurgis,</span> <span class='ocrx_word' id='word_1_205' title='bbox 1337 971 1482 1027; x_wconf 88' lang='lat' dir='ltr'>Wilihaldi</span> <span class='ocrx_word' id='word_1_206' title='bbox 1493 980 1519 1029; x_wconf 88' lang='lat' dir='ltr'>ct</span> <span class='ocrx_word' id='word_1_207' title='bbox 1535 972 1698 1041; x_wconf 89' lang='lat' dir='ltr'>Winibcldi,</span> <span class='ocrx_word' id='word_1_208' title='bbox 1715 990 1788 1029; x_wconf 90' lang='lat' dir='ltr'>auito</span> 
     </span>
     <span class='ocr_line' id='line_1_31' title="bbox 989 1041 1788 1114; baseline 0.011 -22"><span class='ocrx_word' id='word_1_209' title='bbox 989 1055 1067 1094; x_wconf 76' lang='lat' dir='ltr'>urin.</span> <span class='ocrx_word' id='word_1_210' title='bbox 1085 1065 1094 1087; x_wconf 83' lang='lat'><strong>»</strong></span> <span class='ocrx_word' id='word_1_211' title='bbox 1115 1042 1252 1099; x_wconf 89' lang='lat' dir='ltr'>llacteniis</span> <span class='ocrx_word' id='word_1_212' title='bbox 1277 1043 1364 1114; x_wconf 93' lang='lat' dir='ltr'>prima</span> <span class='ocrx_word' id='word_1_213' title='bbox 1378 1041 1473 1098; x_wconf 90' lang='lat' dir='ltr'>editio.</span> <span class='ocrx_word' id='word_1_214' title='bbox 1491 1044 1521 1098; x_wconf 94' lang='lat' dir='ltr'>ln</span> <span class='ocrx_word' id='word_1_215' title='bbox 1540 1044 1612 1103; x_wconf 87' lang='lat' dir='ltr'>aliis.</span> <span class='ocrx_word' id='word_1_216' title='bbox 1629 1044 1788 1101; x_wconf 85' lang='lat' dir='ltr'>deblarcul·</span> 
     </span>
     <span class='ocr_line' id='line_1_32' title="bbox 989 1111 1786 1189; baseline 0.013 -26"><span class='ocrx_word' id='word_1_217' title='bbox 989 1111 1054 1180; x_wconf 90' lang='lat' dir='ltr'>pho,</span> <span class='ocrx_word' id='word_1_218' title='bbox 1070 1112 1261 1186; x_wconf 85' lang='lat' dir='ltr'>Theodulpho,</span> <span class='ocrx_word' id='word_1_219' title='bbox 1278 1114 1457 1183; x_wconf 80' lang='lat' dir='ltr'>Chorentino,</span> <span class='ocrx_word' id='word_1_220' title='bbox 1474 1123 1538 1184; x_wconf 71' lang='lat' dir='ltr'>etc,</span> <span class='ocrx_word' id='word_1_221' title='bbox 1555 1123 1634 1171; x_wconf 90' lang='lat' dir='ltr'>utest</span> <span class='ocrx_word' id='word_1_222' title='bbox 1649 1116 1786 1189; x_wconf 81' lang='lat' dir='ltr'>inprime.</span> 
     </span>
     <span class='ocr_line' id='line_1_33' title="bbox 995 1183 1368 1254; baseline 0.016 -18"><span class='ocrx_word' id='word_1_223' title='bbox 995 1183 1085 1237; x_wconf 84' lang='lat' dir='ltr'>·ltem</span> <span class='ocrx_word' id='word_1_224' title='bbox 1102 1184 1130 1238; x_wconf 94' lang='lat' dir='ltr'>in</span> <span class='ocrx_word' id='word_1_225' title='bbox 1142 1184 1301 1254; x_wconf 91' lang='lat' dir='ltr'>Blandinio,</span> <span class='ocrx_word' id='word_1_226' title='bbox 1316 1193 1368 1242; x_wconf 89' lang='lat' dir='ltr'>etc.</span> 
     </span>
    </p>
   </div>
   <div class='ocr_carea' id='block_1_5' title="bbox 1020 1325 1754 1388">
    <p class='ocr_par' dir='ltr' id='par_1_5' title="bbox 1020 1325 1754 1388">
     <span class='ocr_line' id='line_1_34' title="bbox 1020 1325 1754 1388; baseline 0.014 -14"><span class='ocrx_word' id='word_1_227' title='bbox 1020 1343 1032 1369; x_wconf 83' lang='lat' dir='ltr'>r</span> <span class='ocrx_word' id='word_1_228' title='bbox 1048 1325 1129 1387; x_wconf 72' lang='lat' dir='ltr'>linias</span> <span class='ocrx_word' id='word_1_229' title='bbox 1150 1327 1233 1388; x_wconf 87' lang='lat' dir='ltr'>prima</span> <span class='ocrx_word' id='word_1_230' title='bbox 1246 1334 1328 1377; x_wconf 88' lang='lat' dir='ltr'>sacrat</span> <span class='ocrx_word' id='word_1_231' title='bbox 1341 1328 1436 1379; x_wconf 90' lang='lat' dir='ltr'>Christi</span> <span class='ocrx_word' id='word_1_232' title='bbox 1456 1328 1573 1380; x_wconf 87' lang='lat' dir='ltr'>doctrina</span> <span class='ocrx_word' id='word_1_233' title='bbox 1589 1331 1720 1383; x_wconf 82' lang='lat' dir='ltr'>Kalendas</span> <span class='ocrx_word' id='word_1_234' title='bbox 1742 1352 1754 1378; x_wconf 78' lang='lat' dir='ltr'>ii</span> 
     </span>
    </p>
   </div>
   <div class='ocr_carea' id='block_1_6' title="bbox 987 1458 1789 1890">
    <p class='ocr_par' dir='ltr' id='par_1_6' title="bbox 987 1458 1789 1890">
     <span class='ocr_line' id='line_1_35' title="bbox 988 1458 1787 1536; baseline 0.014 -21"><span class='ocrx_word' id='word_1_235' title='bbox 988 1460 1056 1515; x_wconf 84' lang='lat' dir='ltr'>Dein</span> <span class='ocrx_word' id='word_1_236' title='bbox 1072 1458 1227 1514; x_wconf 89' lang='lat' dir='ltr'>minorihus</span> <span class='ocrx_word' id='word_1_237' title='bbox 1240 1459 1358 1517; x_wconf 91' lang='lat' dir='ltr'>litteris:</span> <span class='ocrx_word' id='word_1_238' title='bbox 1382 1464 1431 1518; x_wconf 72' lang='lat' dir='ltr'>«ln</span> <span class='ocrx_word' id='word_1_239' title='bbox 1441 1464 1589 1536; x_wconf 79' lang='lat' dir='ltr'>Hunparia,</span> <span class='ocrx_word' id='word_1_240' title='bbox 1605 1466 1653 1523; x_wconf 86' lang='lat' dir='ltr'>SS.</span> <span class='ocrx_word' id='word_1_241' title='bbox 1662 1469 1787 1526; x_wconf 88' lang='lat' dir='ltr'>eremita·</span> 
     </span>
     <span class='ocr_line' id='line_1_36' title="bbox 988 1529 1788 1611; baseline 0.015 -26"><span class='ocrx_word' id='word_1_242' title='bbox 988 1546 1049 1585; x_wconf 90' lang='lat' dir='ltr'>rum</span> <span class='ocrx_word' id='word_1_243' title='bbox 1057 1529 1256 1596; x_wconf 88' lang='lat' dir='ltr'>Zoerardi,etc.</span> <span class='ocrx_word' id='word_1_244' title='bbox 1267 1532 1436 1597; x_wconf 87' lang='lat' dir='ltr'>Furnis,atc.</span> <span class='ocrx_word' id='word_1_245' title='bbox 1444 1535 1583 1601; x_wconf 90' lang='lat' dir='ltr'>liiScotia,</span> <span class='ocrx_word' id='word_1_246' title='bbox 1593 1536 1675 1610; x_wconf 88' lang='lat' dir='ltr'>Asapi</span> <span class='ocrx_word' id='word_1_247' title='bbox 1684 1539 1788 1611; x_wconf 86' lang='lat' dir='ltr'>episco-</span> 
     </span>
     <span class='ocr_line' id='line_1_37' title="bbox 988 1599 1789 1675; baseline 0.014 -20"><span class='ocrx_word' id='word_1_248' title='bbox 988 1602 1026 1672; x_wconf 90' lang='lat' dir='ltr'>pi,</span> <span class='ocrx_word' id='word_1_249' title='bbox 1038 1601 1071 1656; x_wconf 93' lang='lat' dir='ltr'>de</span> <span class='ocrx_word' id='word_1_250' title='bbox 1084 1599 1163 1669; x_wconf 84' lang='lat' dir='ltr'>cujus</span> <span class='ocrx_word' id='word_1_251' title='bbox 1175 1599 1289 1655; x_wconf 89' lang='lat' dir='ltr'>nornine</span> <span class='ocrx_word' id='word_1_252' title='bbox 1299 1616 1374 1657; x_wconf 92' lang='lat' dir='ltr'>nunc</span> <span class='ocrx_word' id='word_1_253' title='bbox 1388 1608 1502 1657; x_wconf 88' lang='lat' dir='ltr'>vocatur</span> <span class='ocrx_word' id='word_1_254' title='bbox 1511 1604 1684 1675; x_wconf 86' lang='lat' dir='ltr'>episcopatus</span> <span class='ocrx_word' id='word_1_255' title='bbox 1699 1611 1789 1668; x_wconf 90' lang='lat' dir='ltr'>sancti</span> 
     </span>
     <span class='ocr_line' id='line_1_38' title="bbox 988 1670 1789 1751; baseline 0.011 -25"><span class='ocrx_word' id='word_1_256' title='bbox 988 1671 1091 1742; x_wconf 90' lang='lat' dir='ltr'>Asaph.</span> <span class='ocrx_word' id='word_1_257' title='bbox 1108 1673 1138 1725; x_wconf 94' lang='lat' dir='ltr'>ln</span> <span class='ocrx_word' id='word_1_258' title='bbox 1154 1670 1256 1724; x_wconf 90' lang='lat' dir='ltr'>minori</span> <span class='ocrx_word' id='word_1_259' title='bbox 1272 1671 1425 1739; x_wconf 87' lang='lat' dir='ltr'>Britannia,</span> <span class='ocrx_word' id='word_1_260' title='bbox 1442 1673 1608 1729; x_wconf 86' lang='lat' dir='ltr'>sanctissimi</span> <span class='ocrx_word' id='word_1_261' title='bbox 1619 1675 1709 1733; x_wconf 91' lang='lat' dir='ltr'>Brioci</span> <span class='ocrx_word' id='word_1_262' title='bbox 1725 1680 1789 1751; x_wconf 92' lang='lat' dir='ltr'>epi-</span> 
     </span>
     <span class='ocr_line' id='line_1_39' title="bbox 988 1741 1788 1823; baseline 0.01 -25"><span class='ocrx_word' id='word_1_263' title='bbox 988 1745 1061 1823; x_wconf 89' lang='lat' dir='ltr'>scopi</span> <span class='ocrx_word' id='word_1_264' title='bbox 1078 1749 1105 1797; x_wconf 90' lang='lat' dir='ltr'>et</span> <span class='ocrx_word' id='word_1_265' title='bbox 1119 1741 1294 1797; x_wconf 82' lang='lat' dir='ltr'>contessoris.</span> <span class='ocrx_word' id='word_1_266' title='bbox 1312 1768 1321 1790; x_wconf 73' lang='lat' dir='ltr'>i</span> <span class='ocrx_word' id='word_1_267' title='bbox 1344 1743 1410 1808; x_wconf 77' lang='lat' dir='ltr'>Quae</span> <span class='ocrx_word' id='word_1_268' title='bbox 1425 1743 1454 1797; x_wconf 92' lang='lat' dir='ltr'>in</span> <span class='ocrx_word' id='word_1_269' title='bbox 1468 1745 1572 1799; x_wconf 82' lang='lat' dir='ltr'>llolani</span> <span class='ocrx_word' id='word_1_270' title='bbox 1588 1753 1667 1802; x_wconf 84' lang='lat' dir='ltr'>textu</span> <span class='ocrx_word' id='word_1_271' title='bbox 1686 1748 1788 1807; x_wconf 90' lang='lat' dir='ltr'>litteris</span> 
     </span>
     <span class='ocr_line' id='line_1_40' title="bbox 987 1812 1785 1890; baseline 0.008 -20"><span class='ocrx_word' id='word_1_272' title='bbox 987 1814 1091 1870; x_wconf 84' lang='lat' dir='ltr'>Italicis</span> <span class='ocrx_word' id='word_1_273' title='bbox 1101 1813 1204 1869; x_wconf 91' lang='lat' dir='ltr'>inserta</span> <span class='ocrx_word' id='word_1_274' title='bbox 1218 1821 1294 1881; x_wconf 86' lang='lat' dir='ltr'>sunt,</span> <span class='ocrx_word' id='word_1_275' title='bbox 1306 1812 1387 1870; x_wconf 85' lang='lat' dir='ltr'>facile</span> <span class='ocrx_word' id='word_1_276' title='bbox 1397 1830 1413 1869; x_wconf 92' lang='lat' dir='ltr'>a</span> <span class='ocrx_word' id='word_1_277' title='bbox 1424 1814 1552 1885; x_wconf 78' lang='lat' dir='ltr'>genuinis</span> <span class='ocrx_word' id='word_1_278' title='bbox 1561 1814 1785 1890; x_wconf 76' lang='lat' dir='ltr'>distinguuntur·</span> 
     </span>
    </p>
   </div>
   <div class='ocr_carea' id='block_1_7' title="bbox 855 1944 1064 1965">
    <p class='ocr_par' dir='ltr' id='par_1_7' title="bbox 855 1944 1064 1965">
     <span class='ocr_line' id='line_1_41' title="bbox 855 1944 1064 1965; baseline -0.014 0"><span class='ocrx_word' id='word_1_279' title='bbox 855 1944 1064 1965; x_wconf 62' lang='lat' dir='ltr'>..n——</span> 
     </span>
    </p>
   </div>
   <div class='ocr_carea' id='block_1_8' title="bbox 129 2031 250 2090">
    <p class='ocr_par' dir='ltr' id='par_1_8' title="bbox 129 2031 250 2090">
     <span class='ocr_line' id='line_1_42' title="bbox 129 2031 250 2090; baseline -0.05 0"><span class='ocrx_word' id='word_1_280' title='bbox 129 2031 165 2090; x_wconf 84' lang='lat' dir='ltr'>Vl</span> <span class='ocrx_word' id='word_1_281' title='bbox 179 2031 250 2087; x_wconf 77' lang='lat' dir='ltr'>hon.</span> 
     </span>
    </p>
   </div>
   <div class='ocr_carea' id='block_1_9' title="bbox 1697 2025 1787 2084">
    <p class='ocr_par' dir='ltr' id='par_1_9' title="bbox 1697 2025 1787 2084">
     <span class='ocr_line' id='line_1_43' title="bbox 1697 2025 1787 2084; baseline 0.033 -3"><span class='ocrx_word' id='word_1_282' title='bbox 1697 2025 1748 2081; x_wconf 81' lang='lat' dir='ltr'>Dic</span> <span class='ocrx_word' id='word_1_283' title='bbox 1760 2026 1787 2084; x_wconf 83' lang='lat'>2.</span> 
     </span>
    </p>
   </div>
   <div class='ocr_carea' id='block_1_10' title="bbox 163 2109 1788 2186">
    <p class='ocr_par' dir='ltr' id='par_1_10' title="bbox 163 2109 1788 2186">
     <span class='ocr_line' id='line_1_44' title="bbox 163 2109 1788 2186; baseline -0.002 -11"><span class='ocrx_word' id='word_1_284' title='bbox 163 2119 267 2175; x_wconf 90' lang='lat' dir='ltr'>Natalis</span> <span class='ocrx_word' id='word_1_285' title='bbox 280 2115 371 2173; x_wconf 89' lang='lat' dir='ltr'>sancti</span> <span class='ocrx_word' id='word_1_286' title='bbox 387 2113 477 2171; x_wconf 91' lang='lat' dir='ltr'>Patris</span> <span class='ocrx_word' id='word_1_287' title='bbox 491 2112 579 2170; x_wconf 88' lang='lat' dir='ltr'>nostri</span> <span class='ocrx_word' id='word_1_288' title='bbox 607 2111 763 2181; x_wconf 83' lang='lat' dir='ltr'>Athanasii,</span> <span class='ocrx_word' id='word_1_289' title='bbox 775 2111 971 2170; x_wconf 83' lang='lat' dir='ltr'>Alexandrinae</span> <span class='ocrx_word' id='word_1_290' title='bbox 986 2111 1064 2170; x_wconf 91' lang='lat' dir='ltr'>urbis</span> <span class='ocrx_word' id='word_1_291' title='bbox 1078 2110 1209 2184; x_wconf 90' lang='lat' dir='ltr'>episcopi,</span> <span class='ocrx_word' id='word_1_292' title='bbox 1224 2117 1252 2167; x_wconf 88' lang='lat' dir='ltr'>et</span> <span class='ocrx_word' id='word_1_293' title='bbox 1269 2109 1444 2167; x_wconf 84' lang='lat' dir='ltr'>confessoris.</span> <span class='ocrx_word' id='word_1_294' title='bbox 1463 2111 1494 2169; x_wconf 91' lang='lat' dir='ltr'>ln</span> <span class='ocrx_word' id='word_1_295' title='bbox 1515 2110 1599 2185; x_wconf 88' lang='lat' dir='ltr'>hujus</span> <span class='ocrx_word' id='word_1_296' title='bbox 1614 2115 1788 2186; x_wconf 86' lang='lat' dir='ltr'>persecutio-</span> 
     </span>
    </p>
   </div>
   <div class='ocr_carea' id='block_1_11' title="bbox 127 2201 1797 2630">
    <p class='ocr_par' dir='ltr' id='par_1_11' title="bbox 127 2201 1797 2630">
     <span class='ocr_line' id='line_1_45' title="bbox 130 2201 1788 2278; baseline -0.002 -15"><span class='ocrx_word' id='word_1_297' title='bbox 130 2225 202 2275; x_wconf 88' lang='lat' dir='ltr'>nem,</span> <span class='ocrx_word' id='word_1_298' title='bbox 218 2205 365 2263; x_wconf 84' lang='lat' dir='ltr'>uuiversus</span> <span class='ocrx_word' id='word_1_299' title='bbox 381 2219 451 2278; x_wconf 89' lang='lat' dir='ltr'>pene</span> <span class='ocrx_word' id='word_1_300' title='bbox 466 2201 625 2274; x_wconf 85' lang='lat' dir='ltr'>conjuravit</span> <span class='ocrx_word' id='word_1_301' title='bbox 638 2201 723 2271; x_wconf 90' lang='lat' dir='ltr'>orbis,</span> <span class='ocrx_word' id='word_1_302' title='bbox 733 2211 761 2259; x_wconf 88' lang='lat' dir='ltr'>et</span> <span class='ocrx_word' id='word_1_303' title='bbox 770 2204 903 2261; x_wconf 92' lang='lat' dir='ltr'>commoti</span> <span class='ocrx_word' id='word_1_304' title='bbox 914 2211 981 2261; x_wconf 93' lang='lat' dir='ltr'>sunt</span> <span class='ocrx_word' id='word_1_305' title='bbox 990 2201 1130 2276; x_wconf 87' lang='lat' dir='ltr'>principes</span> <span class='ocrx_word' id='word_1_306' title='bbox 1144 2208 1234 2269; x_wconf 81' lang='lat' dir='ltr'>terrae,</span> <span class='ocrx_word' id='word_1_307' title='bbox 1246 2208 1350 2272; x_wconf 80' lang='lat' dir='ltr'>gentes,</span> <span class='ocrx_word' id='word_1_308' title='bbox 1366 2217 1458 2273; x_wconf 76' lang='lat' dir='ltr'>tegna,</span> <span class='ocrx_word' id='word_1_309' title='bbox 1469 2208 1496 2257; x_wconf 88' lang='lat' dir='ltr'>et</span> <span class='ocrx_word' id='word_1_310' title='bbox 1509 2201 1648 2260; x_wconf 84' lang='lat' dir='ltr'>exercitus</span> <span class='ocrx_word' id='word_1_311' title='bbox 1662 2202 1788 2275; x_wconf 85' lang='lat' dir='ltr'>cojerunt</span> 
     </span>
     <span class='ocr_line' id='line_1_46' title="bbox 127 2290 1788 2364; baseline -0.001 -14"><span class='ocrx_word' id='word_1_312' title='bbox 127 2294 260 2351; x_wconf 78' lang='lat' dir='ltr'>adversus</span> <span class='ocrx_word' id='word_1_313' title='bbox 275 2310 348 2362; x_wconf 88' lang='lat' dir='ltr'>euin,</span> <span class='ocrx_word' id='word_1_314' title='bbox 369 2293 513 2364; x_wconf 90' lang='lat' dir='ltr'>multaque</span> <span class='ocrx_word' id='word_1_315' title='bbox 534 2291 701 2348; x_wconf 74' lang='lat' dir='ltr'>Asianorum</span> <span class='ocrx_word' id='word_1_316' title='bbox 719 2307 863 2364; x_wconf 91' lang='lat' dir='ltr'>perpessus</span> <span class='ocrx_word' id='word_1_317' title='bbox 887 2291 1006 2361; x_wconf 89' lang='lat' dir='ltr'>insidiis,</span> <span class='ocrx_word' id='word_1_318' title='bbox 1023 2298 1081 2348; x_wconf 91' lang='lat' dir='ltr'>toto</span> <span class='ocrx_word' id='word_1_319' title='bbox 1100 2291 1166 2347; x_wconf 89' lang='lat' dir='ltr'>orbe</span> <span class='ocrx_word' id='word_1_320' title='bbox 1180 2290 1313 2364; x_wconf 77' lang='lat' dir='ltr'>profugus</span> <span class='ocrx_word' id='word_1_321' title='bbox 1333 2291 1434 2363; x_wconf 81' lang='lat' dir='ltr'>agitur,</span> <span class='ocrx_word' id='word_1_322' title='bbox 1457 2308 1508 2348; x_wconf 92' lang='lat' dir='ltr'>nec</span> <span class='ocrx_word' id='word_1_323' title='bbox 1530 2292 1556 2347; x_wconf 88' lang='lat' dir='ltr'>ei</span> <span class='ocrx_word' id='word_1_324' title='bbox 1573 2293 1648 2349; x_wconf 91' lang='lat' dir='ltr'>ullus</span> <span class='ocrx_word' id='word_1_325' title='bbox 1662 2301 1738 2349; x_wconf 91' lang='lat' dir='ltr'>tutus</span> <span class='ocrx_word' id='word_1_326' title='bbox 1752 2292 1788 2349; x_wconf 92' lang='lat' dir='ltr'>ad</span> 
     </span>
     <span class='ocr_line' id='line_1_47' title="bbox 129 2379 1788 2457; baseline -0.002 -17"><span class='ocrx_word' id='word_1_327' title='bbox 129 2383 272 2440; x_wconf 89' lang='lat' dir='ltr'>latendum</span> <span class='ocrx_word' id='word_1_328' title='bbox 287 2388 428 2454; x_wconf 89' lang='lat' dir='ltr'>supererat</span> <span class='ocrx_word' id='word_1_329' title='bbox 443 2383 530 2448; x_wconf 89' lang='lat' dir='ltr'>locus,</span> <span class='ocrx_word' id='word_1_330' title='bbox 544 2379 611 2435; x_wconf 91' lang='lat' dir='ltr'>dum</span> <span class='ocrx_word' id='word_1_331' title='bbox 632 2379 666 2434; x_wconf 90' lang='lat' dir='ltr'>ad</span> <span class='ocrx_word' id='word_1_332' title='bbox 680 2380 906 2453; x_wconf 80' lang='lat' dir='ltr'>investigandum</span> <span class='ocrx_word' id='word_1_333' title='bbox 920 2397 984 2438; x_wconf 89' lang='lat' dir='ltr'>eum</span> <span class='ocrx_word' id='word_1_334' title='bbox 999 2396 1095 2436; x_wconf 87' lang='lat' dir='ltr'>cinnes</span> <span class='ocrx_word' id='word_1_335' title='bbox 1116 2388 1274 2435; x_wconf 86' lang='lat' dir='ltr'>morentur.</span> <span class='ocrx_word' id='word_1_336' title='bbox 1300 2379 1418 2435; x_wconf 85' lang='lat' dir='ltr'>Moritur</span> <span class='ocrx_word' id='word_1_337' title='bbox 1431 2389 1523 2438; x_wconf 88' lang='lat' dir='ltr'>autem</span> <span class='ocrx_word' id='word_1_338' title='bbox 1537 2380 1746 2454; x_wconf 77' lang='lat' dir='ltr'>quadragesimo</span> <span class='ocrx_word' id='word_1_339' title='bbox 1760 2398 1788 2457; x_wconf 50' lang='grc' dir='ltr'>οἵ</span> 
     </span>
     <span class='ocr_line' id='line_1_48' title="bbox 129 2468 1797 2541; baseline -0.001 -13"><span class='ocrx_word' id='word_1_340' title='bbox 129 2482 207 2528; x_wconf 86' lang='lat' dir='ltr'>serito</span> <span class='ocrx_word' id='word_1_341' title='bbox 222 2487 296 2527; x_wconf 90' lang='lat' dir='ltr'>anno</span> <span class='ocrx_word' id='word_1_342' title='bbox 305 2469 452 2526; x_wconf 77' lang='lat' dir='ltr'>sacerdotii</span> <span class='ocrx_word' id='word_1_343' title='bbox 465 2469 520 2537; x_wconf 89' lang='lat' dir='ltr'>sui,</span> <span class='ocrx_word' id='word_1_344' title='bbox 537 2478 597 2541; x_wconf 90' lang='lat' dir='ltr'>post</span> <span class='ocrx_word' id='word_1_345' title='bbox 613 2469 716 2524; x_wconf 89' lang='lat' dir='ltr'>multos</span> <span class='ocrx_word' id='word_1_346' title='bbox 729 2484 838 2541; x_wconf 77' lang='lat' dir='ltr'>agones,</span> <span class='ocrx_word' id='word_1_347' title='bbox 856 2470 1011 2541; x_wconf 89' lang='lat' dir='ltr'>multasque</span> <span class='ocrx_word' id='word_1_348' title='bbox 1027 2468 1165 2541; x_wconf 76' lang='lat' dir='ltr'>patientiae</span> <span class='ocrx_word' id='word_1_349' title='bbox 1187 2484 1312 2536; x_wconf 92' lang='lat' dir='ltr'>coronas,</span> <span class='ocrx_word' id='word_1_350' title='bbox 1337 2477 1461 2541; x_wconf 90' lang='lat' dir='ltr'>tempore</span> <span class='ocrx_word' id='word_1_351' title='bbox 1474 2470 1665 2527; x_wconf 87' lang='lat' dir='ltr'>Valentiniani</span> <span class='ocrx_word' id='word_1_352' title='bbox 1683 2479 1710 2528; x_wconf 87' lang='lat' dir='ltr'>et</span> <span class='ocrx_word' id='word_1_353' title='bbox 1723 2472 1797 2529; x_wconf 79' lang='lat' dir='ltr'>Vs-&#39;</span> 
     </span>
     <span class='ocr_line' id='line_1_49' title="bbox 130 2557 1401 2630; baseline -0.005 -12"><span class='ocrx_word' id='word_1_354' title='bbox 130 2564 222 2619; x_wconf 88' lang='lat' dir='ltr'>leiitis.</span> <span class='ocrx_word' id='word_1_355' title='bbox 241 2560 347 2616; x_wconf 86' lang='lat' dir='ltr'>Eodem</span> <span class='ocrx_word' id='word_1_356' title='bbox 362 2559 417 2630; x_wconf 90' lang='lat' dir='ltr'>die,</span> <span class='ocrx_word' id='word_1_357' title='bbox 437 2566 595 2616; x_wconf 88' lang='lat' dir='ltr'>sanctorum</span> <span class='ocrx_word' id='word_1_358' title='bbox 610 2557 754 2614; x_wconf 86' lang='lat' dir='ltr'>Saturiiini</span> <span class='ocrx_word' id='word_1_359' title='bbox 766 2557 942 2630; x_wconf 88' lang='lat' dir='ltr'>etNeopolis,</span> <span class='ocrx_word' id='word_1_360' title='bbox 961 2557 1009 2629; x_wconf 92' lang='lat' dir='ltr'>qui</span> <span class='ocrx_word' id='word_1_361' title='bbox 1024 2557 1054 2612; x_wconf 93' lang='lat' dir='ltr'>in</span> <span class='ocrx_word' id='word_1_362' title='bbox 1069 2572 1177 2614; x_wconf 88' lang='lat' dir='ltr'>carcere</span> <span class='ocrx_word' id='word_1_363' title='bbox 1193 2557 1401 2630; x_wconf 88' lang='lat' dir='ltr'>requieverunt.</span> 
     </span>
    </p>
   </div>
   <div class='ocr_carea' id='block_1_12' title="bbox 898 2681 1015 2740">
    <p class='ocr_par' dir='ltr' id='par_1_12' title="bbox 898 2681 1015 2740">
     <span class='ocr_line' id='line_1_50' title="bbox 898 2681 1015 2740; baseline -0.009 -2"><span class='ocrx_word' id='word_1_364' title='bbox 898 2681 1015 2740; x_wconf 77' lang='lat' dir='ltr'>NOVAE.</span> 
     </span>
    </p>
   </div>
   <div class='ocr_carea' id='block_1_13' title="bbox 129 2778 1784 2997">
    <p class='ocr_par' dir='ltr' id='par_1_13' title="bbox 129 2778 1784 2997">
     <span class='ocr_line' id='line_1_51' title="bbox 164 2778 1781 2853; baseline 0.002 -14"><span class='ocrx_word' id='word_1_365' title='bbox 164 2784 194 2839; x_wconf 93' lang='lat' dir='ltr'>ln</span> <span class='ocrx_word' id='word_1_366' title='bbox 213 2790 290 2839; x_wconf 85' lang='lat' dir='ltr'>textu</span> <span class='ocrx_word' id='word_1_367' title='bbox 305 2781 474 2839; x_wconf 88' lang='lat' dir='ltr'>conveniunt</span> <span class='ocrx_word' id='word_1_368' title='bbox 488 2781 596 2838; x_wconf 88' lang='lat' dir='ltr'>codices</span> <span class='ocrx_word' id='word_1_369' title='bbox 609 2781 696 2837; x_wconf 81' lang='lat' dir='ltr'>ferme</span> <span class='ocrx_word' id='word_1_370' title='bbox 710 2796 814 2836; x_wconf 89' lang='lat' dir='ltr'>ouiiies.</span> <span class='ocrx_word' id='word_1_371' title='bbox 827 2779 930 2836; x_wconf 85' lang='lat' dir='ltr'>Porio·</span> <span class='ocrx_word' id='word_1_372' title='bbox 944 2787 967 2847; x_wconf 83' lang='grc' dir='ltr'><strong>Β</strong></span> <span class='ocrx_word' id='word_1_373' title='bbox 984 2781 1084 2836; x_wconf 83' lang='lat' dir='ltr'>llolon.</span> <span class='ocrx_word' id='word_1_374' title='bbox 1101 2778 1207 2846; x_wconf 87' lang='lat' dir='ltr'>Quibus</span> <span class='ocrx_word' id='word_1_375' title='bbox 1221 2778 1284 2835; x_wconf 90' lang='lat' dir='ltr'>addi</span> <span class='ocrx_word' id='word_1_376' title='bbox 1300 2789 1428 2851; x_wconf 91' lang='lat' dir='ltr'>possunt,</span> <span class='ocrx_word' id='word_1_377' title='bbox 1444 2780 1680 2853; x_wconf 66' lang='lat' dir='ltr'>Anteae-Mae,</span> <span class='ocrx_word' id='word_1_378' title='bbox 1703 2785 1781 2845; x_wconf 83' lang='lat' dir='ltr'>Ultro</span> 
     </span>
     <span class='ocr_line' id='line_1_52' title="bbox 129 2851 1784 2924; baseline 0.003 -14"><span class='ocrx_word' id='word_1_379' title='bbox 129 2872 170 2910; x_wconf 84' lang='lat' dir='ltr'>res</span> <span class='ocrx_word' id='word_1_380' title='bbox 183 2863 249 2910; x_wconf 89' lang='lat' dir='ltr'>sunt</span> <span class='ocrx_word' id='word_1_381' title='bbox 266 2873 272 2909; x_wconf 94' lang='lat'>:</span> <span class='ocrx_word' id='word_1_382' title='bbox 290 2856 411 2922; x_wconf 68' lang='lat' dir='ltr'>Proten„</span> <span class='ocrx_word' id='word_1_383' title='bbox 429 2854 577 2918; x_wconf 83' lang='lat' dir='ltr'>llerinien.,</span> <span class='ocrx_word' id='word_1_384' title='bbox 606 2855 764 2919; x_wconf 72' lang='lat' dir='ltr'>Torporem,</span> <span class='ocrx_word' id='word_1_385' title='bbox 780 2852 931 2922; x_wconf 85' lang='lat' dir='ltr'>Antcerp.-</span> <span class='ocrx_word' id='word_1_386' title='bbox 979 2852 1055 2921; x_wconf 78' lang='lat' dir='ltr'>jort,</span> <span class='ocrx_word' id='word_1_387' title='bbox 1072 2852 1195 2921; x_wconf 65' lang='lat' dir='ltr'>Lrpdrn,</span> <span class='ocrx_word' id='word_1_388' title='bbox 1211 2851 1369 2918; x_wconf 63' lang='lat' dir='ltr'>mecona,</span> <span class='ocrx_word' id='word_1_389' title='bbox 1384 2852 1649 2924; x_wconf 63' lang='lat' dir='ltr'>alternamento.</span> <span class='ocrx_word' id='word_1_390' title='bbox 1666 2859 1784 2916; x_wconf 72' lang='lat' dir='ltr'>cincii.</span> 
     </span>
     <span class='ocr_line' id='line_1_53' title="bbox 129 2923 1176 2997; baseline -0.005 -14"><span class='ocrx_word' id='word_1_391' title='bbox 129 2923 930 2997; x_wconf 79' lang='lat' dir='ltr'>lloj.,llosicepd.,Antoerpicn.,dloc.·bubec.,Graoen.‚et</span> <span class='ocrx_word' id='word_1_392' title='bbox 987 2923 1176 2994; x_wconf 62' lang='lat' dir='ltr'>vitrei-Belo.</span> 
     </span>
    </p>
   </div>
   <div class='ocr_carea' id='block_1_14' title="bbox 739 3045 1167 3106">
    <p class='ocr_par' dir='ltr' id='par_1_14' title="bbox 739 3045 1167 3106">
     <span class='ocr_line' id='line_1_54' title="bbox 739 3045 1167 3106; baseline 0.005 -2"><span class='ocrx_word' id='word_1_393' title='bbox 739 3045 942 3105; x_wconf 78' lang='lat' dir='ltr'>VARIANTES</span> <span class='ocrx_word' id='word_1_394' title='bbox 960 3047 1167 3106; x_wconf 82' lang='lat' dir='ltr'>LECTIONES.</span> 
     </span>
    </p>
   </div>
   <div class='ocr_carea' id='block_1_15' title="bbox 125 3143 930 3999">
    <p class='ocr_par' dir='ltr' id='par_1_15' title="bbox 125 3143 930 3999">
     <span class='ocr_line' id='line_1_55' title="bbox 165 3143 930 3227; baseline -0.003 -24"><span class='ocrx_word' id='word_1_395' title='bbox 165 3148 253 3204; x_wconf 86' lang='lat' dir='ltr'>Patris</span> <span class='ocrx_word' id='word_1_396' title='bbox 267 3147 357 3201; x_wconf 87' lang='lat' dir='ltr'>nostri</span> <span class='ocrx_word' id='word_1_397' title='bbox 372 3152 432 3227; x_wconf 89' lang='lat' dir='ltr'>post</span> <span class='ocrx_word' id='word_1_398' title='bbox 453 3144 554 3201; x_wconf 90' lang='lat' dir='ltr'>Bedam</span> <span class='ocrx_word' id='word_1_399' title='bbox 580 3152 607 3202; x_wconf 91' lang='lat' dir='ltr'>et</span> <span class='ocrx_word' id='word_1_400' title='bbox 621 3143 746 3201; x_wconf 88' lang='lat' dir='ltr'>Adonem</span> <span class='ocrx_word' id='word_1_401' title='bbox 770 3152 930 3201; x_wconf 89' lang='lat' dir='ltr'>constanter</span> 
     </span>
     <span class='ocr_line' id='line_1_56' title="bbox 131 3214 926 3292; baseline -0.003 -19"><span class='ocrx_word' id='word_1_402' title='bbox 131 3218 221 3291; x_wconf 80' lang='lat' dir='ltr'>legunt</span> <span class='ocrx_word' id='word_1_403' title='bbox 234 3217 422 3292; x_wconf 80' lang='lat' dir='ltr'>probatissimi</span> <span class='ocrx_word' id='word_1_404' title='bbox 435 3217 553 3284; x_wconf 90' lang='lat' dir='ltr'>codices,</span> <span class='ocrx_word' id='word_1_405' title='bbox 563 3216 685 3284; x_wconf 69' lang='lat' dir='ltr'>Protea,</span> <span class='ocrx_word' id='word_1_406' title='bbox 697 3214 850 3283; x_wconf 86' lang='lat' dir='ltr'>llerinien.,</span> <span class='ocrx_word' id='word_1_407' title='bbox 862 3216 926 3271; x_wconf 87' lang='lat' dir='ltr'>Tor·</span> 
     </span>
     <span class='ocr_line' id='line_1_57' title="bbox 130 3287 926 3360; baseline -0.001 -15"><span class='ocrx_word' id='word_1_408' title='bbox 130 3287 926 3360; x_wconf 81' lang='lat' dir='ltr'>nacen.,Antrerp.,min.etmaj.‚blax.bubec.etGreven.</span> 
     </span>
     <span class='ocr_line' id='line_1_58' title="bbox 129 3358 927 3432; baseline -0.004 -15"><span class='ocrx_word' id='word_1_409' title='bbox 129 3363 158 3417; x_wconf 88' lang='lat' dir='ltr'>ln</span> <span class='ocrx_word' id='word_1_410' title='bbox 189 3361 334 3432; x_wconf 81' lang='lat' dir='ltr'>llosweyd.</span> <span class='ocrx_word' id='word_1_411' title='bbox 351 3368 379 3416; x_wconf 88' lang='lat' dir='ltr'>et</span> <span class='ocrx_word' id='word_1_412' title='bbox 401 3360 505 3415; x_wconf 84' lang='lat' dir='ltr'>hliilan.</span> <span class='ocrx_word' id='word_1_413' title='bbox 523 3359 598 3416; x_wconf 89' lang='lat' dir='ltr'>deest</span> <span class='ocrx_word' id='word_1_414' title='bbox 611 3358 706 3414; x_wconf 81' lang='lat' dir='ltr'>acati-i.</span> <span class='ocrx_word' id='word_1_415' title='bbox 723 3359 753 3413; x_wconf 97' lang='lat' dir='ltr'>ln</span> <span class='ocrx_word' id='word_1_416' title='bbox 768 3359 830 3413; x_wconf 89' lang='lat' dir='ltr'>aliis</span> <span class='ocrx_word' id='word_1_417' title='bbox 845 3359 927 3414; x_wconf 90' lang='lat' dir='ltr'>etiam</span> 
     </span>
     <span class='ocr_line' id='line_1_59' title="bbox 129 3431 928 3502; baseline -0.003 -15"><span class='ocrx_word' id='word_1_418' title='bbox 129 3434 267 3488; x_wconf 90' lang='lat' dir='ltr'>omittitur</span> <span class='ocrx_word' id='word_1_419' title='bbox 281 3431 384 3488; x_wconf 83' lang='lat' dir='ltr'>l’otris.</span> <span class='ocrx_word' id='word_1_420' title='bbox 401 3431 585 3498; x_wconf 70' lang='lat' dir='ltr'>Alexandria,</span> <span class='ocrx_word' id='word_1_421' title='bbox 600 3446 649 3502; x_wconf 93' lang='lat' dir='ltr'>pro</span> <span class='ocrx_word' id='word_1_422' title='bbox 663 3431 866 3495; x_wconf 74' lang='lat' dir='ltr'>Alexandrino,</span> <span class='ocrx_word' id='word_1_423' title='bbox 882 3447 928 3502; x_wconf 93' lang='lat' dir='ltr'>po·</span> 
     </span>
     <span class='ocr_line' id='line_1_60' title="bbox 128 3501 928 3560; baseline -0.003 -1"><span class='ocrx_word' id='word_1_424' title='bbox 128 3513 198 3560; x_wconf 90' lang='lat' dir='ltr'>nunt</span> <span class='ocrx_word' id='word_1_425' title='bbox 212 3505 343 3559; x_wconf 81' lang='lat' dir='ltr'>Grereo..</span> <span class='ocrx_word' id='word_1_426' title='bbox 360 3503 464 3558; x_wconf 82' lang='lat' dir='ltr'>blotan.</span> <span class='ocrx_word' id='word_1_427' title='bbox 481 3519 544 3558; x_wconf 88' lang='lat' dir='ltr'>cum</span> <span class='ocrx_word' id='word_1_428' title='bbox 559 3503 702 3557; x_wconf 90' lang='lat' dir='ltr'>nonnullis</span> <span class='ocrx_word' id='word_1_429' title='bbox 725 3502 788 3556; x_wconf 87' lang='lat' dir='ltr'>aliis</span> <span class='ocrx_word' id='word_1_430' title='bbox 802 3501 928 3557; x_wconf 79' lang='lat' dir='ltr'>secunde</span> 
     </span>
     <span class='ocr_line' id='line_1_61' title="bbox 128 3573 928 3645; baseline -0.001 -16"><span class='ocrx_word' id='word_1_431' title='bbox 128 3583 199 3630; x_wconf 78' lang='lat' dir='ltr'>uotae</span> <span class='ocrx_word' id='word_1_432' title='bbox 214 3574 364 3630; x_wconf 89' lang='lat' dir='ltr'>sodicibus.</span> <span class='ocrx_word' id='word_1_433' title='bbox 382 3573 536 3640; x_wconf 87' lang='lat' dir='ltr'>llerinien.,</span> <span class='ocrx_word' id='word_1_434' title='bbox 551 3573 659 3629; x_wconf 85' lang='lat' dir='ltr'>Grersit</span> <span class='ocrx_word' id='word_1_435' title='bbox 678 3580 704 3627; x_wconf 90' lang='lat' dir='ltr'>et</span> <span class='ocrx_word' id='word_1_436' title='bbox 718 3573 830 3639; x_wconf 91' lang='lat' dir='ltr'>llolan.,</span> <span class='ocrx_word' id='word_1_437' title='bbox 847 3582 928 3645; x_wconf 87' lang='lat' dir='ltr'>atque</span> 
     </span>
     <span class='ocr_line' id='line_1_62' title="bbox 128 3643 928 3715; baseline -0.003 -15"><span class='ocrx_word' id='word_1_438' title='bbox 128 3646 193 3701; x_wconf 85' lang='lat' dir='ltr'>iterii</span> <span class='ocrx_word' id='word_1_439' title='bbox 209 3645 288 3701; x_wconf 87' lang='lat' dir='ltr'>citati</span> <span class='ocrx_word' id='word_1_440' title='bbox 301 3644 357 3715; x_wconf 81' lang='lat' dir='ltr'>jam</span> <span class='ocrx_word' id='word_1_441' title='bbox 372 3645 492 3712; x_wconf 90' lang='lat' dir='ltr'>codices,</span> <span class='ocrx_word' id='word_1_442' title='bbox 513 3646 584 3700; x_wconf 88' lang='lat' dir='ltr'>male</span> <span class='ocrx_word' id='word_1_443' title='bbox 598 3643 724 3701; x_wconf 89' lang='lat' dir='ltr'>scribunt</span> <span class='ocrx_word' id='word_1_444' title='bbox 738 3644 928 3714; x_wconf 78' lang='lat' dir='ltr'>persecutione,</span> 
     </span>
     <span class='ocr_line' id='line_1_63' title="bbox 128 3715 929 3788; baseline -0.002 -16"><span class='ocrx_word' id='word_1_445' title='bbox 128 3719 216 3772; x_wconf 89' lang='lat' dir='ltr'>multo</span> <span class='ocrx_word' id='word_1_446' title='bbox 263 3716 309 3787; x_wconf 84' lang='lat' dir='ltr'>jus</span> <span class='ocrx_word' id='word_1_447' title='bbox 323 3715 469 3788; x_wconf 86' lang='lat' dir='ltr'>Rosweyd.</span> <span class='ocrx_word' id='word_1_448' title='bbox 482 3716 679 3786; x_wconf 83' lang='lat' dir='ltr'>praedicatione.</span> <span class='ocrx_word' id='word_1_449' title='bbox 703 3715 734 3770; x_wconf 94' lang='lat' dir='ltr'>lu</span> <span class='ocrx_word' id='word_1_450' title='bbox 750 3716 885 3786; x_wconf 88' lang='lat' dir='ltr'>Autverp.</span> <span class='ocrx_word' id='word_1_451' title='bbox 902 3720 929 3770; x_wconf 87' lang='lat' dir='ltr'>et</span> 
     </span>
     <span class='ocr_line' id='line_1_64' title="bbox 128 3733 929 3858; baseline -0.001 -16"><span class='ocrx_word' id='word_1_452' title='bbox 128 3733 327 3843; x_wconf 44' lang='grc' dir='ltr'>Μαι-ζώω.</span> <span class='ocrx_word' id='word_1_453' title='bbox 339 3795 380 3843; x_wconf 85' lang='lat' dir='ltr'>est</span> <span class='ocrx_word' id='word_1_454' title='bbox 393 3794 495 3853; x_wconf 91' lang='lat' dir='ltr'>contro,</span> <span class='ocrx_word' id='word_1_455' title='bbox 513 3803 562 3858; x_wconf 92' lang='lat' dir='ltr'>pro</span> <span class='ocrx_word' id='word_1_456' title='bbox 575 3787 711 3841; x_wconf 79' lang='lat' dir='ltr'>advers-ris.</span> <span class='ocrx_word' id='word_1_457' title='bbox 727 3785 845 3841; x_wconf 78' lang='lat' dir='ltr'>tirevcii.</span> <span class='ocrx_word' id='word_1_458' title='bbox 861 3800 929 3841; x_wconf 90' lang='lat' dir='ltr'>sen-</span> 
     </span>
     <span class='ocr_line' id='line_1_65' title="bbox 126 3856 929 3929; baseline -0.006 -14"><span class='ocrx_word' id='word_1_459' title='bbox 126 3876 189 3915; x_wconf 91' lang='lat' dir='ltr'>suui</span> <span class='ocrx_word' id='word_1_460' title='bbox 207 3860 345 3929; x_wconf 76' lang='lat' dir='ltr'>integrum</span> <span class='ocrx_word' id='word_1_461' title='bbox 356 3875 408 3913; x_wconf 91' lang='lat' dir='ltr'>non</span> <span class='ocrx_word' id='word_1_462' title='bbox 423 3858 524 3925; x_wconf 87' lang='lat' dir='ltr'>reddit,</span> <span class='ocrx_word' id='word_1_463' title='bbox 533 3857 599 3913; x_wconf 94' lang='lat' dir='ltr'>duiii</span> <span class='ocrx_word' id='word_1_464' title='bbox 613 3857 720 3922; x_wconf 87' lang='lat' dir='ltr'>scribit,</span> <span class='ocrx_word' id='word_1_465' title='bbox 730 3856 864 3927; x_wconf 82' lang='lat' dir='ltr'>principes</span> <span class='ocrx_word' id='word_1_466' title='bbox 880 3863 929 3911; x_wconf 86' lang='lat' dir='ltr'>tar·</span> 
     </span>
     <span class='ocr_line' id='line_1_66' title="bbox 125 3926 929 3999; baseline -0.001 -15"><span class='ocrx_word' id='word_1_467' title='bbox 125 3948 175 3998; x_wconf 84' lang='lat' dir='ltr'>rie,</span> <span class='ocrx_word' id='word_1_468' title='bbox 200 3945 296 3999; x_wconf 77' lang='lat' dir='ltr'>repca,</span> <span class='ocrx_word' id='word_1_469' title='bbox 311 3930 436 3984; x_wconf 68' lang='lat' dir='ltr'>sancitas</span> <span class='ocrx_word' id='word_1_470' title='bbox 460 3927 589 3998; x_wconf 72' lang='lat' dir='ltr'>cojmiint.</span> <span class='ocrx_word' id='word_1_471' title='bbox 609 3930 648 3983; x_wconf 84' lang='lat' dir='ltr'>lte</span> <span class='ocrx_word' id='word_1_472' title='bbox 670 3929 835 3983; x_wconf 87' lang='lat' dir='ltr'>Arianoroin</span> <span class='ocrx_word' id='word_1_473' title='bbox 861 3926 929 3983; x_wconf 90' lang='lat' dir='ltr'>alibi</span> 
     </span>
    </p>
   </div>
   <div class='ocr_carea' id='block_1_16' title="bbox 981 3147 1787 4000">
    <p class='ocr_par' dir='ltr' id='par_1_16' title="bbox 981 3147 1787 4000">
     <span class='ocr_line' id='line_1_67' title="bbox 983 3147 1784 3218; baseline 0.009 -16"><span class='ocrx_word' id='word_1_474' title='bbox 983 3156 1063 3212; x_wconf 89' lang='lat' dir='ltr'>nunt,</span> <span class='ocrx_word' id='word_1_475' title='bbox 1079 3147 1127 3203; x_wconf 90' lang='lat' dir='ltr'>ille</span> <span class='ocrx_word' id='word_1_476' title='bbox 1141 3153 1268 3218; x_wconf 83' lang='lat' dir='ltr'>superest,</span> <span class='ocrx_word' id='word_1_477' title='bbox 1285 3147 1343 3204; x_wconf 85' lang='lat' dir='ltr'>haec</span> <span class='ocrx_word' id='word_1_478' title='bbox 1358 3149 1454 3205; x_wconf 66' lang='lat' dir='ltr'>sumat.</span> <span class='ocrx_word' id='word_1_479' title='bbox 1470 3149 1571 3207; x_wconf 87' lang='lat' dir='ltr'>Sensus</span> <span class='ocrx_word' id='word_1_480' title='bbox 1592 3150 1705 3208; x_wconf 85' lang='lat' dir='ltr'>videtur</span> <span class='ocrx_word' id='word_1_481' title='bbox 1717 3155 1784 3209; x_wconf 84' lang='lat' dir='ltr'>exi-</span> 
     </span>
     <span class='ocr_line' id='line_1_68' title="bbox 982 3218 1781 3295; baseline 0.009 -22"><span class='ocrx_word' id='word_1_482' title='bbox 982 3233 1055 3289; x_wconf 79' lang='lat' dir='ltr'>gere,</span> <span class='ocrx_word' id='word_1_483' title='bbox 1071 3224 1101 3273; x_wconf 92' lang='lat' dir='ltr'>ut</span> <span class='ocrx_word' id='word_1_484' title='bbox 1114 3235 1177 3275; x_wconf 93' lang='lat' dir='ltr'>cum</span> <span class='ocrx_word' id='word_1_485' title='bbox 1192 3218 1426 3284; x_wconf 84' lang='lat' dir='ltr'>Greven.,llolan.</span> <span class='ocrx_word' id='word_1_486' title='bbox 1439 3230 1466 3277; x_wconf 91' lang='lat' dir='ltr'>et</span> <span class='ocrx_word' id='word_1_487' title='bbox 1479 3222 1574 3292; x_wconf 90' lang='lat' dir='ltr'>paucis</span> <span class='ocrx_word' id='word_1_488' title='bbox 1588 3223 1650 3278; x_wconf 88' lang='lat' dir='ltr'>aliis</span> <span class='ocrx_word' id='word_1_489' title='bbox 1665 3223 1781 3295; x_wconf 83' lang='lat' dir='ltr'>legatur,</span> 
     </span>
     <span class='ocr_line' id='line_1_69' title="bbox 982 3289 1783 3359; baseline 0.01 -17"><span class='ocrx_word' id='word_1_490' title='bbox 982 3295 1159 3344; x_wconf 78' lang='lat' dir='ltr'>monerentur.</span> <span class='ocrx_word' id='word_1_491' title='bbox 1172 3289 1362 3346; x_wconf 92' lang='lat' dir='ltr'>Nihilominus</span> <span class='ocrx_word' id='word_1_492' title='bbox 1369 3292 1456 3347; x_wconf 91' lang='lat' dir='ltr'>secuti</span> <span class='ocrx_word' id='word_1_493' title='bbox 1466 3309 1561 3347; x_wconf 91' lang='lat' dir='ltr'>sumus</span> <span class='ocrx_word' id='word_1_494' title='bbox 1570 3294 1689 3359; x_wconf 83' lang='lat' dir='ltr'>Praten.,</span> <span class='ocrx_word' id='word_1_495' title='bbox 1705 3295 1783 3350; x_wconf 91' lang='lat' dir='ltr'>Heri·</span> 
     </span>
     <span class='ocr_line' id='line_1_70' title="bbox 982 3360 1783 3431; baseline 0.005 -17"><span class='ocrx_word' id='word_1_496' title='bbox 982 3360 1071 3426; x_wconf 80' lang='lat' dir='ltr'>niem,</span> <span class='ocrx_word' id='word_1_497' title='bbox 1086 3360 1237 3416; x_wconf 90' lang='lat' dir='ltr'>Tornacen.</span> <span class='ocrx_word' id='word_1_498' title='bbox 1252 3368 1279 3415; x_wconf 92' lang='lat' dir='ltr'>et</span> <span class='ocrx_word' id='word_1_499' title='bbox 1288 3362 1431 3431; x_wconf 88' lang='lat' dir='ltr'>plerosque</span> <span class='ocrx_word' id='word_1_500' title='bbox 1441 3362 1520 3427; x_wconf 88' lang='lat' dir='ltr'>alios,</span> <span class='ocrx_word' id='word_1_501' title='bbox 1532 3379 1581 3430; x_wconf 88' lang='lat' dir='ltr'>pro</span> <span class='ocrx_word' id='word_1_502' title='bbox 1593 3370 1739 3429; x_wconf 78' lang='lat' dir='ltr'>morantur,</span> <span class='ocrx_word' id='word_1_503' title='bbox 1752 3370 1783 3418; x_wconf 93' lang='lat' dir='ltr'>ut</span> 
     </span>
     <span class='ocr_line' id='line_1_71' title="bbox 981 3430 1781 3503; baseline 0.003 -17"><span class='ocrx_word' id='word_1_504' title='bbox 981 3439 1023 3486; x_wconf 90' lang='lat' dir='ltr'>est</span> <span class='ocrx_word' id='word_1_505' title='bbox 1036 3431 1066 3485; x_wconf 91' lang='lat' dir='ltr'>in</span> <span class='ocrx_word' id='word_1_506' title='bbox 1081 3438 1170 3486; x_wconf 82' lang='lat' dir='ltr'>textu.</span> <span class='ocrx_word' id='word_1_507' title='bbox 1201 3431 1409 3500; x_wconf 83' lang='lat' dir='ltr'>Quodroprsiinc</span> <span class='ocrx_word' id='word_1_508' title='bbox 1435 3436 1460 3483; x_wconf 85' lang='lat' dir='ltr'>et</span> <span class='ocrx_word' id='word_1_509' title='bbox 1483 3438 1555 3485; x_wconf 84' lang='lat' dir='ltr'>secto</span> <span class='ocrx_word' id='word_1_510' title='bbox 1571 3430 1717 3503; x_wconf 76' lang='lat' dir='ltr'>legendum</span> <span class='ocrx_word' id='word_1_511' title='bbox 1730 3442 1781 3500; x_wconf 88' lang='lat' dir='ltr'>est,</span> 
     </span>
     <span class='ocr_line' id='line_1_72' title="bbox 982 3499 1783 3575; baseline 0.004 -19"><span class='ocrx_word' id='word_1_512' title='bbox 982 3502 1053 3556; x_wconf 90' lang='lat' dir='ltr'>male</span> <span class='ocrx_word' id='word_1_513' title='bbox 1076 3500 1171 3556; x_wconf 91' lang='lat' dir='ltr'>omisit</span> <span class='ocrx_word' id='word_1_514' title='bbox 1187 3499 1328 3556; x_wconf 85' lang='lat' dir='ltr'>llerinien.</span> <span class='ocrx_word' id='word_1_515' title='bbox 1339 3499 1501 3571; x_wconf 88' lang='lat' dir='ltr'>particulam</span> <span class='ocrx_word' id='word_1_516' title='bbox 1513 3507 1547 3569; x_wconf 85' lang='lat' dir='ltr'>et,</span> <span class='ocrx_word' id='word_1_517' title='bbox 1558 3503 1730 3575; x_wconf 87' lang='lat' dir='ltr'>turpiterque</span> <span class='ocrx_word' id='word_1_518' title='bbox 1742 3520 1783 3559; x_wconf 88' lang='lat' dir='ltr'>er·</span> 
     </span>
     <span class='ocr_line' id='line_1_73' title="bbox 982 3571 1782 3646; baseline 0.006 -19"><span class='ocrx_word' id='word_1_519' title='bbox 982 3573 1063 3640; x_wconf 87' lang='lat' dir='ltr'>ravit,</span> <span class='ocrx_word' id='word_1_520' title='bbox 1077 3571 1125 3644; x_wconf 92' lang='lat' dir='ltr'>qui</span> <span class='ocrx_word' id='word_1_521' title='bbox 1141 3588 1258 3628; x_wconf 89' lang='lat' dir='ltr'>vacuum</span> <span class='ocrx_word' id='word_1_522' title='bbox 1274 3571 1304 3626; x_wconf 94' lang='lat' dir='ltr'>in</span> <span class='ocrx_word' id='word_1_523' title='bbox 1318 3572 1539 3645; x_wconf 82' lang='lat' dir='ltr'>Antrerp.-blaJ&#39;.</span> <span class='ocrx_word' id='word_1_524' title='bbox 1554 3573 1672 3646; x_wconf 89' lang='lat' dir='ltr'>spatium</span> <span class='ocrx_word' id='word_1_525' title='bbox 1689 3591 1782 3631; x_wconf 88' lang='lat' dir='ltr'>recon-</span> 
     </span>
     <span class='ocr_line' id='line_1_74' title="bbox 982 3642 1787 3715; baseline 0.004 -17"><span class='ocrx_word' id='word_1_526' title='bbox 982 3643 1038 3699; x_wconf 91' lang='lat' dir='ltr'>tius</span> <span class='ocrx_word' id='word_1_527' title='bbox 1057 3642 1197 3715; x_wconf 83' lang='lat' dir='ltr'>supplevit</span> <span class='ocrx_word' id='word_1_528' title='bbox 1212 3659 1259 3714; x_wconf 89' lang='lat' dir='ltr'>per</span> <span class='ocrx_word' id='word_1_529' title='bbox 1280 3644 1439 3713; x_wconf 81' lang='lat' dir='ltr'>seropesimo</span> <span class='ocrx_word' id='word_1_530' title='bbox 1466 3650 1548 3711; x_wconf 84' lang='lat' dir='ltr'>secto,</span> <span class='ocrx_word' id='word_1_531' title='bbox 1584 3645 1639 3700; x_wconf 92' lang='lat' dir='ltr'>uod</span> <span class='ocrx_word' id='word_1_532' title='bbox 1654 3646 1736 3700; x_wconf 88' lang='lat' dir='ltr'>etiam</span> <span class='ocrx_word' id='word_1_533' title='bbox 1753 3646 1787 3702; x_wconf 69' lang='lat' dir='ltr'>iu‘</span> 
     </span>
     <span class='ocr_line' id='line_1_75' title="bbox 983 3714 1782 3842; baseline 0.006 -73"><span class='ocrx_word' id='word_1_534' title='bbox 983 3715 1105 3794; x_wconf 72' lang='lat' dir='ltr'>margine</span> <span class='ocrx_word' id='word_1_535' title='bbox 1127 3714 1272 3786; x_wconf 87' lang='lat' dir='ltr'>expressit.</span> <span class='ocrx_word' id='word_1_536' title='bbox 1294 3716 1428 3842; x_wconf 56' lang='lat' dir='ltr'>Ame&#39;h&#39;</span> <span class='ocrx_word' id='word_1_537' title='bbox 1446 3720 1473 3769; x_wconf 88' lang='lat' dir='ltr'>et</span> <span class='ocrx_word' id='word_1_538' title='bbox 1487 3716 1574 3770; x_wconf 63' lang='lat' dir='ltr'>blau:</span> <span class='ocrx_word' id='word_1_539' title='bbox 1600 3716 1677 3773; x_wconf 90' lang='lat' dir='ltr'>ubec.</span> <span class='ocrx_word' id='word_1_540' title='bbox 1692 3727 1719 3773; x_wconf 89' lang='lat' dir='ltr'>et</span> <span class='ocrx_word' id='word_1_541' title='bbox 1734 3718 1782 3790; x_wconf 93' lang='lat' dir='ltr'>qui</span> 
     </span>
     <span class='ocr_line' id='line_1_76' title="bbox 982 3785 1779 3859; baseline 0.004 -18"><span class='ocrx_word' id='word_1_542' title='bbox 982 3785 1117 3857; x_wconf 90' lang='lat' dir='ltr'>sequioris</span> <span class='ocrx_word' id='word_1_543' title='bbox 1134 3794 1205 3840; x_wconf 83' lang='lat' dir='ltr'>notae</span> <span class='ocrx_word' id='word_1_544' title='bbox 1220 3792 1295 3853; x_wconf 86' lang='lat' dir='ltr'>sunt,</span> <span class='ocrx_word' id='word_1_545' title='bbox 1324 3802 1374 3857; x_wconf 93' lang='lat' dir='ltr'>pro</span> <span class='ocrx_word' id='word_1_546' title='bbox 1396 3786 1521 3856; x_wconf 70' lang='lat' dir='ltr'>neopolis</span> <span class='ocrx_word' id='word_1_547' title='bbox 1540 3787 1642 3843; x_wconf 88' lang='lat' dir='ltr'>habent</span> <span class='ocrx_word' id='word_1_548' title='bbox 1656 3789 1779 3859; x_wconf 81' lang='lat' dir='ltr'>Neapoli.</span> 
     </span>
     <span class='ocr_line' id='line_1_77' title="bbox 982 3855 1783 3937; baseline 0.004 -25"><span class='ocrx_word' id='word_1_549' title='bbox 982 3857 1064 3913; x_wconf 86' lang='lat' dir='ltr'>Recte</span> <span class='ocrx_word' id='word_1_550' title='bbox 1079 3857 1204 3920; x_wconf 84' lang='lat' dir='ltr'>fortasse,</span> <span class='ocrx_word' id='word_1_551' title='bbox 1218 3855 1266 3911; x_wconf 89' lang='lat' dir='ltr'>sed</span> <span class='ocrx_word' id='word_1_552' title='bbox 1285 3857 1448 3937; x_wconf 79' lang='lat' dir='ltr'>praeferendi</span> <span class='ocrx_word' id='word_1_553' title='bbox 1461 3856 1540 3913; x_wconf 92' lang='lat' dir='ltr'>nobis</span> <span class='ocrx_word' id='word_1_554' title='bbox 1559 3867 1623 3913; x_wconf 89' lang='lat' dir='ltr'>sunt</span> <span class='ocrx_word' id='word_1_555' title='bbox 1637 3860 1783 3929; x_wconf 90' lang='lat' dir='ltr'>probatio-</span> 
     </span>
     <span class='ocr_line' id='line_1_78' title="bbox 983 3927 1782 4000; baseline 0.006 -18"><span class='ocrx_word' id='word_1_556' title='bbox 983 3944 1025 3984; x_wconf 90' lang='lat' dir='ltr'>res</span> <span class='ocrx_word' id='word_1_557' title='bbox 1038 3927 1154 3983; x_wconf 88' lang='lat' dir='ltr'>codices.</span> <span class='ocrx_word' id='word_1_558' title='bbox 1170 3930 1261 4000; x_wconf 87' lang='lat' dir='ltr'>Atque</span> <span class='ocrx_word' id='word_1_559' title='bbox 1276 3927 1359 3983; x_wconf 90' lang='lat' dir='ltr'>iidem</span> <span class='ocrx_word' id='word_1_560' title='bbox 1375 3943 1470 3993; x_wconf 85' lang='lat' dir='ltr'>omnes</span> <span class='ocrx_word' id='word_1_561' title='bbox 1483 3945 1546 3984; x_wconf 93' lang='lat' dir='ltr'>cum</span> <span class='ocrx_word' id='word_1_562' title='bbox 1559 3929 1712 3997; x_wconf 90' lang='lat' dir='ltr'>llerinien.,</span> <span class='ocrx_word' id='word_1_563' title='bbox 1729 3932 1782 3987; x_wconf 87' lang='lat' dir='ltr'>Ro·</span> 
     </span>
    </p>
   </div>
   <div class='ocr_carea' id='block_1_17' title="bbox 126 3998 1782 4144">
    <p class='ocr_par' dir='ltr' id='par_1_17' title="bbox 126 3998 1782 4144">
     <span class='ocr_line' id='line_1_79' title="bbox 126 3998 1782 4095; baseline 0 -38"><span class='ocrx_word' id='word_1_564' title='bbox 126 4002 234 4058; x_wconf 89' lang='lat' dir='ltr'>dictuin</span> <span class='ocrx_word' id='word_1_565' title='bbox 253 4008 304 4055; x_wconf 87' lang='lat' dir='ltr'>est.</span> <span class='ocrx_word' id='word_1_566' title='bbox 320 3999 372 4055; x_wconf 93' lang='lat' dir='ltr'>Pro</span> <span class='ocrx_word' id='word_1_567' title='bbox 382 4002 546 4080; x_wconf 63' lang='lat' dir='ltr'>inuiaque...</span> <span class='ocrx_word' id='word_1_568' title='bbox 556 3998 673 4066; x_wconf 88' lang='lat' dir='ltr'>insidiis,</span> <span class='ocrx_word' id='word_1_569' title='bbox 684 3999 964 4095; x_wconf 82' lang='lat' dir='ltr'>Antrerp.‚ltlau.-C</span> <span class='ocrx_word' id='word_1_570' title='bbox 981 3998 1098 4070; x_wconf 85' lang='lat' dir='ltr'>sweyd.,</span> <span class='ocrx_word' id='word_1_571' title='bbox 1111 3998 1229 4055; x_wconf 86' lang='lat' dir='ltr'>Greveu.</span> <span class='ocrx_word' id='word_1_572' title='bbox 1244 4005 1273 4054; x_wconf 91' lang='lat' dir='ltr'>et</span> <span class='ocrx_word' id='word_1_573' title='bbox 1286 3999 1389 4054; x_wconf 82' lang='lat' dir='ltr'>licien.</span> <span class='ocrx_word' id='word_1_574' title='bbox 1406 3999 1500 4069; x_wconf 73' lang='lat' dir='ltr'>legunt</span> <span class='ocrx_word' id='word_1_575' title='bbox 1521 4001 1685 4080; x_wconf 81' lang='lat' dir='ltr'>quieverant,</span> <span class='ocrx_word' id='word_1_576' title='bbox 1701 4001 1782 4057; x_wconf 89' lang='lat' dir='ltr'>nobis</span> 
     </span>
     <span class='ocr_line' id='line_1_80' title="bbox 128 4070 1782 4144; baseline -0.001 -16"><span class='ocrx_word' id='word_1_577' title='bbox 128 4070 926 4143; x_wconf 74' lang='lat' dir='ltr'>hubec.,Aiitverp.-ttai.,Maii.,etc.,tiaheiitnottaiqiie...</span> <span class='ocrx_word' id='word_1_578' title='bbox 983 4070 1147 4143; x_wconf 82' lang='lat' dir='ltr'>praeplacent</span> <span class='ocrx_word' id='word_1_579' title='bbox 1160 4071 1268 4125; x_wconf 82' lang='lat' dir='ltr'>l&#39;ratcu.</span> <span class='ocrx_word' id='word_1_580' title='bbox 1282 4070 1478 4138; x_wconf 83' lang='lat' dir='ltr'>etTornacen.,</span> <span class='ocrx_word' id='word_1_581' title='bbox 1493 4087 1539 4143; x_wconf 90' lang='lat' dir='ltr'>qur</span> <span class='ocrx_word' id='word_1_582' title='bbox 1555 4079 1616 4144; x_wconf 86' lang='lat' dir='ltr'>post</span> <span class='ocrx_word' id='word_1_583' title='bbox 1630 4072 1710 4130; x_wconf 87' lang='lat' dir='ltr'>Roiu.</span> <span class='ocrx_word' id='word_1_584' title='bbox 1722 4088 1782 4144; x_wconf 88' lang='lat' dir='ltr'>par·</span> 
     </span>
    </p>
   </div>
   <div class='ocr_carea' id='block_1_18' title="bbox 127 4141 931 4288">
    <p class='ocr_par' dir='ltr' id='par_1_18' title="bbox 127 4141 931 4288">
     <span class='ocr_line' id='line_1_81' title="bbox 127 4141 928 4210; baseline -0.002 -12"><span class='ocrx_word' id='word_1_585' title='bbox 127 4143 252 4198; x_wconf 83' lang='lat' dir='ltr'>irisidics.</span> <span class='ocrx_word' id='word_1_586' title='bbox 270 4144 303 4199; x_wconf 92' lang='lat' dir='ltr'>ln</span> <span class='ocrx_word' id='word_1_587' title='bbox 328 4143 471 4198; x_wconf 83' lang='lat' dir='ltr'>llerinien.</span> <span class='ocrx_word' id='word_1_588' title='bbox 500 4143 575 4198; x_wconf 90' lang='lat' dir='ltr'>inter</span> <span class='ocrx_word' id='word_1_589' title='bbox 594 4158 640 4196; x_wconf 84' lang='lat' dir='ltr'>nec</span> <span class='ocrx_word' id='word_1_590' title='bbox 656 4148 683 4196; x_wconf 92' lang='lat' dir='ltr'>et</span> <span class='ocrx_word' id='word_1_591' title='bbox 696 4142 778 4210; x_wconf 81' lang='lat' dir='ltr'>attii,</span> <span class='ocrx_word' id='word_1_592' title='bbox 793 4141 879 4209; x_wconf 86' lang='lat' dir='ltr'>deest,</span> <span class='ocrx_word' id='word_1_593' title='bbox 894 4141 928 4196; x_wconf 85' lang='lat' dir='ltr'>ei.</span> 
     </span>
     <span class='ocr_line' id='line_1_82' title="bbox 129 4212 931 4288; baseline -0.005 -17"><span class='ocrx_word' id='word_1_594' title='bbox 129 4215 231 4271; x_wconf 81' lang='lat' dir='ltr'>Rursus</span> <span class='ocrx_word' id='word_1_595' title='bbox 244 4217 380 4288; x_wconf 83' lang='lat' dir='ltr'>Antuerp.</span> <span class='ocrx_word' id='word_1_596' title='bbox 396 4221 424 4270; x_wconf 90' lang='lat' dir='ltr'>et</span> <span class='ocrx_word' id='word_1_597' title='bbox 437 4212 633 4272; x_wconf 76' lang='lat' dir='ltr'>Max.-Lubec.</span> <span class='ocrx_word' id='word_1_598' title='bbox 656 4228 707 4286; x_wconf 89' lang='lat' dir='ltr'>pto</span> <span class='ocrx_word' id='word_1_599' title='bbox 734 4219 871 4285; x_wconf 80' lang='lat' dir='ltr'>supererat</span> <span class='ocrx_word' id='word_1_600' title='bbox 884 4228 931 4284; x_wconf 92' lang='lat' dir='ltr'>po·</span> 
     </span>
    </p>
   </div>
   <div class='ocr_carea' id='block_1_19' title="bbox 983 4139 1577 4213">
    <p class='ocr_par' dir='ltr' id='par_1_19' title="bbox 983 4139 1577 4213">
     <span class='ocr_line' id='line_1_83' title="bbox 983 4139 1577 4213; baseline 0.003 -17"><span class='ocrx_word' id='word_1_601' title='bbox 983 4158 1049 4198; x_wconf 84' lang='lat' dir='ltr'>vum</span> <span class='ocrx_word' id='word_1_602' title='bbox 1065 4149 1092 4198; x_wconf 90' lang='lat' dir='ltr'>ct</span> <span class='ocrx_word' id='word_1_603' title='bbox 1105 4139 1228 4198; x_wconf 91' lang='lat' dir='ltr'>Adonem</span> <span class='ocrx_word' id='word_1_604' title='bbox 1244 4140 1370 4198; x_wconf 88' lang='lat' dir='ltr'>scribunt</span> <span class='ocrx_word' id='word_1_605' title='bbox 1384 4142 1577 4213; x_wconf 66' lang='lat' dir='ltr'>requierant.</span> 
     </span>
    </p>
   </div>
   <div class='ocr_carea' id='block_1_20' title="bbox 806 4337 1106 4397">
    <p class='ocr_par' dir='ltr' id='par_1_20' title="bbox 806 4337 1106 4397">
     <span class='ocr_line' id='line_1_84' title="bbox 806 4337 1106 4397; baseline 0 0"><span class='ocrx_word' id='word_1_606' title='bbox 806 4337 1106 4397; x_wconf 72' lang='lat' dir='ltr'>observationes</span> 
     </span>
    </p>
   </div>
   <div class='ocr_carea' id='block_1_21' title="bbox 123 4437 929 5219">
    <p class='ocr_par' dir='ltr' id='par_1_21' title="bbox 123 4437 929 5219">
     <span class='ocr_line' id='line_1_85' title="bbox 165 4437 929 4514; baseline -0.008 -16"><span class='ocrx_word' id='word_1_607' title='bbox 165 4442 283 4498; x_wconf 90' lang='lat' dir='ltr'>Illustris</span> <span class='ocrx_word' id='word_1_608' title='bbox 296 4448 324 4498; x_wconf 89' lang='lat' dir='ltr'>et</span> <span class='ocrx_word' id='word_1_609' title='bbox 351 4441 509 4498; x_wconf 81' lang='lat' dir='ltr'>veneranda</span> <span class='ocrx_word' id='word_1_610' title='bbox 529 4455 636 4514; x_wconf 89' lang='lat' dir='ltr'>semper</span> <span class='ocrx_word' id='word_1_611' title='bbox 664 4438 730 4495; x_wconf 89' lang='lat' dir='ltr'>orbe</span> <span class='ocrx_word' id='word_1_612' title='bbox 754 4445 814 4494; x_wconf 90' lang='lat' dir='ltr'>tcto</span> <span class='ocrx_word' id='word_1_613' title='bbox 838 4437 929 4510; x_wconf 81' lang='lat' dir='ltr'>magui</span> 
     </span>
     <span class='ocr_line' id='line_1_86' title="bbox 129 4509 929 4581; baseline -0.005 -14"><span class='ocrx_word' id='word_1_614' title='bbox 129 4513 272 4569; x_wconf 82' lang='lat' dir='ltr'>Athanasii</span> <span class='ocrx_word' id='word_1_615' title='bbox 287 4512 433 4579; x_wconf 90' lang='lat' dir='ltr'>memoria,</span> <span class='ocrx_word' id='word_1_616' title='bbox 442 4514 471 4568; x_wconf 91' lang='lat' dir='ltr'>iu</span> <span class='ocrx_word' id='word_1_617' title='bbox 483 4528 574 4570; x_wconf 84' lang='lat' dir='ltr'>sacros</span> <span class='ocrx_word' id='word_1_618' title='bbox 586 4513 681 4567; x_wconf 84' lang='lat' dir='ltr'>Festos</span> <span class='ocrx_word' id='word_1_619' title='bbox 694 4527 710 4565; x_wconf 89' lang='lat' dir='ltr'>a</span> <span class='ocrx_word' id='word_1_620' title='bbox 722 4510 795 4565; x_wconf 87' lang='lat' dir='ltr'>Beda</span> <span class='ocrx_word' id='word_1_621' title='bbox 807 4509 929 4581; x_wconf 89' lang='lat' dir='ltr'>prinum</span> 
     </span>
     <span class='ocr_line' id='line_1_87' title="bbox 130 4579 927 4651; baseline -0.003 -13"><span class='ocrx_word' id='word_1_622' title='bbox 130 4586 212 4640; x_wconf 83' lang='lat' dir='ltr'>relata</span> <span class='ocrx_word' id='word_1_623' title='bbox 225 4592 278 4651; x_wconf 89' lang='lat' dir='ltr'>est,</span> <span class='ocrx_word' id='word_1_624' title='bbox 290 4584 335 4639; x_wconf 91' lang='lat' dir='ltr'>bis</span> <span class='ocrx_word' id='word_1_625' title='bbox 344 4583 439 4640; x_wconf 85' lang='lat' dir='ltr'>verbis</span> <span class='ocrx_word' id='word_1_626' title='bbox 457 4602 462 4639; x_wconf 93' lang='lat'>:</span> <span class='ocrx_word' id='word_1_627' title='bbox 480 4585 569 4640; x_wconf 79' lang='lat' dir='ltr'>Sancti</span> <span class='ocrx_word' id='word_1_628' title='bbox 580 4582 672 4639; x_wconf 84' lang='lat' dir='ltr'>Patris</span> <span class='ocrx_word' id='word_1_629' title='bbox 684 4582 770 4636; x_wconf 87' lang='lat' dir='ltr'>nostri</span> <span class='ocrx_word' id='word_1_630' title='bbox 784 4579 927 4636; x_wconf 82' lang='lat' dir='ltr'>Athanasii</span> 
     </span>
     <span class='ocr_line' id='line_1_88' title="bbox 128 4652 926 4728; baseline -0.006 -17"><span class='ocrx_word' id='word_1_631' title='bbox 128 4657 239 4728; x_wconf 64' lang='lat' dir='ltr'>‘parops&#39;</span> <span class='ocrx_word' id='word_1_632' title='bbox 254 4655 447 4720; x_wconf 71' lang='lat' dir='ltr'>Alexandrini,</span> <span class='ocrx_word' id='word_1_633' title='bbox 461 4663 492 4710; x_wconf 92' lang='lat' dir='ltr'>ut</span> <span class='ocrx_word' id='word_1_634' title='bbox 518 4663 558 4711; x_wconf 89' lang='lat' dir='ltr'>est</span> <span class='ocrx_word' id='word_1_635' title='bbox 584 4653 667 4710; x_wconf 90' lang='lat' dir='ltr'>etiam</span> <span class='ocrx_word' id='word_1_636' title='bbox 684 4653 712 4708; x_wconf 91' lang='lat' dir='ltr'>in</span> <span class='ocrx_word' id='word_1_637' title='bbox 728 4652 849 4709; x_wconf 82' lang='lat' dir='ltr'>Rabano.</span> <span class='ocrx_word' id='word_1_638' title='bbox 867 4652 926 4707; x_wconf 87' lang='lat' dir='ltr'>lto-</span> 
     </span>
     <span class='ocr_line' id='line_1_89' title="bbox 128 4723 926 4799; baseline -0.004 -19"><span class='ocrx_word' id='word_1_639' title='bbox 128 4742 238 4782; x_wconf 87' lang='lat' dir='ltr'>manum</span> <span class='ocrx_word' id='word_1_640' title='bbox 249 4743 367 4799; x_wconf 86' lang='lat' dir='ltr'>parvum</span> <span class='ocrx_word' id='word_1_641' title='bbox 382 4725 480 4782; x_wconf 84' lang='lat' dir='ltr'>scribit</span> <span class='ocrx_word' id='word_1_642' title='bbox 498 4745 504 4782; x_wconf 90' lang='lat'><strong>:</strong></span> <span class='ocrx_word' id='word_1_643' title='bbox 520 4724 661 4782; x_wconf 81' lang='lat' dir='ltr'>Athanasii</span> <span class='ocrx_word' id='word_1_644' title='bbox 674 4723 867 4780; x_wconf 74' lang='lat' dir='ltr'>Alexandrino</span> <span class='ocrx_word' id='word_1_645' title='bbox 880 4739 926 4778; x_wconf 83' lang='lat' dir='ltr'>tir-</span> 
     </span>
     <span class='ocr_line' id='line_1_90' title="bbox 127 4793 925 4870; baseline -0.001 -19"><span class='ocrx_word' id='word_1_646' title='bbox 127 4797 163 4851; x_wconf 78' lang='lat' dir='ltr'>br&#39;s</span> <span class='ocrx_word' id='word_1_647' title='bbox 186 4799 312 4869; x_wconf 77' lang='lat' dir='ltr'>episcopi.</span> <span class='ocrx_word' id='word_1_648' title='bbox 334 4797 483 4870; x_wconf 85' lang='lat' dir='ltr'>Utriusque</span> <span class='ocrx_word' id='word_1_649' title='bbox 497 4794 634 4852; x_wconf 90' lang='lat' dir='ltr'>scribendi</span> <span class='ocrx_word' id='word_1_650' title='bbox 656 4795 768 4851; x_wconf 91' lang='lat' dir='ltr'>modum</span> <span class='ocrx_word' id='word_1_651' title='bbox 784 4793 925 4852; x_wconf 87' lang='lat' dir='ltr'>connectit</span> 
     </span>
     <span class='ocr_line' id='line_1_91' title="bbox 127 4865 924 4936; baseline -0.003 -13"><span class='ocrx_word' id='word_1_652' title='bbox 127 4869 195 4936; x_wconf 89' lang='lat' dir='ltr'>Ado,</span> <span class='ocrx_word' id='word_1_653' title='bbox 211 4886 245 4925; x_wconf 84' lang='lat' dir='ltr'>ex</span> <span class='ocrx_word' id='word_1_654' title='bbox 263 4884 325 4925; x_wconf 89' lang='lat' dir='ltr'>rece</span> <span class='ocrx_word' id='word_1_655' title='bbox 345 4867 496 4924; x_wconf 89' lang='lat' dir='ltr'>tissiinaab</span> <span class='ocrx_word' id='word_1_656' title='bbox 508 4867 584 4923; x_wconf 92' lang='lat' dir='ltr'>omni</span> <span class='ocrx_word' id='word_1_657' title='bbox 602 4882 662 4922; x_wconf 82' lang='lat' dir='ltr'>evo</span> <span class='ocrx_word' id='word_1_658' title='bbox 674 4866 811 4922; x_wconf 89' lang='lat' dir='ltr'>sententia</span> <span class='ocrx_word' id='word_1_659' title='bbox 823 4865 924 4923; x_wconf 87' lang='lat' dir='ltr'>diserte</span> 
     </span>
     <span class='ocr_line' id='line_1_92' title="bbox 127 4885 924 5016; baseline -0.004 -21"><span class='ocrx_word' id='word_1_660' title='bbox 127 4955 259 5008; x_wconf 58' lang='lat' dir='ltr'>marens,</span> <span class='ocrx_word' id='word_1_661' title='bbox 286 4885 470 5016; x_wconf 53' lang='lat' dir='ltr'>Athanasium</span> <span class='ocrx_word' id='word_1_662' title='bbox 485 4939 587 4995; x_wconf 89' lang='lat' dir='ltr'>obiisse</span> <span class='ocrx_word' id='word_1_663' title='bbox 600 4938 801 5008; x_wconf 82' lang='lat' dir='ltr'>qaodrapesinio</span> <span class='ocrx_word' id='word_1_664' title='bbox 817 4944 841 4991; x_wconf 86' lang='lat' dir='ltr'>et</span> <span class='ocrx_word' id='word_1_665' title='bbox 852 4943 924 4992; x_wconf 80' lang='lat' dir='ltr'>secto</span> 
     </span>
     <span class='ocr_line' id='line_1_93' title="bbox 126 5008 925 5079; baseline -0.003 -15"><span class='ocrx_word' id='word_1_666' title='bbox 126 5028 195 5065; x_wconf 86' lang='lat' dir='ltr'>anno</span> <span class='ocrx_word' id='word_1_667' title='bbox 204 5012 347 5067; x_wconf 79' lang='lat' dir='ltr'>sacerdotii</span> <span class='ocrx_word' id='word_1_668' title='bbox 360 5011 412 5066; x_wconf 79' lang='lat' dir='ltr'>sai.</span> <span class='ocrx_word' id='word_1_669' title='bbox 429 5011 572 5077; x_wconf 86' lang='lat' dir='ltr'>Quomodo</span> <span class='ocrx_word' id='word_1_670' title='bbox 587 5016 677 5064; x_wconf 90' lang='lat' dir='ltr'>autem</span> <span class='ocrx_word' id='word_1_671' title='bbox 695 5008 722 5063; x_wconf 91' lang='lat' dir='ltr'>iil</span> <span class='ocrx_word' id='word_1_672' title='bbox 733 5009 828 5064; x_wconf 89' lang='lat' dir='ltr'>cadere</span> <span class='ocrx_word' id='word_1_673' title='bbox 839 5008 925 5079; x_wconf 88' lang='lat' dir='ltr'>possit</span> 
     </span>
     <span class='ocr_line' id='line_1_94' title="bbox 125 5079 924 5151; baseline -0.003 -15"><span class='ocrx_word' id='word_1_674' title='bbox 125 5080 155 5137; x_wconf 92' lang='lat' dir='ltr'>in</span> <span class='ocrx_word' id='word_1_675' title='bbox 170 5099 275 5138; x_wconf 89' lang='lat' dir='ltr'>annum</span> <span class='ocrx_word' id='word_1_676' title='bbox 297 5081 404 5139; x_wconf 86' lang='lat' dir='ltr'>Christi</span> <span class='ocrx_word' id='word_1_677' title='bbox 431 5081 483 5136; x_wconf 82' lang='lat'>373</span> <span class='ocrx_word' id='word_1_678' title='bbox 512 5080 633 5136; x_wconf 88' lang='lat' dir='ltr'>viderint</span> <span class='ocrx_word' id='word_1_679' title='bbox 659 5079 692 5144; x_wconf 91' lang='lat' dir='ltr'>ii,</span> <span class='ocrx_word' id='word_1_680' title='bbox 707 5080 755 5151; x_wconf 92' lang='lat' dir='ltr'>qui</span> <span class='ocrx_word' id='word_1_681' title='bbox 771 5087 801 5134; x_wconf 93' lang='lat' dir='ltr'>nt</span> <span class='ocrx_word' id='word_1_682' title='bbox 813 5079 839 5134; x_wconf 90' lang='lat' dir='ltr'>ei</span> <span class='ocrx_word' id='word_1_683' title='bbox 851 5095 924 5134; x_wconf 88' lang='lat' dir='ltr'>anno</span> 
     </span>
     <span class='ocr_line' id='line_1_95' title="bbox 123 5150 926 5219; baseline -0.005 -11"><span class='ocrx_word' id='word_1_684' title='bbox 123 5153 270 5209; x_wconf 85' lang='lat' dir='ltr'>Athanasii</span> <span class='ocrx_word' id='word_1_685' title='bbox 285 5161 402 5209; x_wconf 89' lang='lat' dir='ltr'>mortem</span> <span class='ocrx_word' id='word_1_686' title='bbox 413 5152 566 5219; x_wconf 89' lang='lat' dir='ltr'>innectant,</span> <span class='ocrx_word' id='word_1_687' title='bbox 577 5150 687 5207; x_wconf 88' lang='lat' dir='ltr'>acribus</span> <span class='ocrx_word' id='word_1_688' title='bbox 695 5150 795 5206; x_wconf 89' lang='lat' dir='ltr'>studiis</span> <span class='ocrx_word' id='word_1_689' title='bbox 805 5160 926 5205; x_wconf 90' lang='lat' dir='ltr'>conteu-</span> 
     </span>
    </p>
   </div>
   <div class='ocr_carea' id='block_1_22' title="bbox 981 4432 1780 4706">
    <p class='ocr_par' dir='ltr' id='par_1_22' title="bbox 981 4432 1780 4706">
     <span class='ocr_line' id='line_1_96' title="bbox 984 4432 1779 4515; baseline 0.006 -27"><span class='ocrx_word' id='word_1_690' title='bbox 984 4450 1096 4515; x_wconf 88' lang='lat' dir='ltr'>operum</span> <span class='ocrx_word' id='word_1_691' title='bbox 1112 4432 1244 4489; x_wconf 89' lang='lat' dir='ltr'>editione.</span> <span class='ocrx_word' id='word_1_692' title='bbox 1260 4433 1340 4490; x_wconf 87' lang='lat' dir='ltr'>Hisce</span> <span class='ocrx_word' id='word_1_693' title='bbox 1355 4432 1441 4506; x_wconf 80' lang='lat' dir='ltr'>junge</span> <span class='ocrx_word' id='word_1_694' title='bbox 1451 4435 1630 4492; x_wconf 87' lang='lat' dir='ltr'>recentiorem</span> <span class='ocrx_word' id='word_1_695' title='bbox 1646 4437 1779 4493; x_wconf 88' lang='lat' dir='ltr'>Gallicam</span> 
     </span>
     <span class='ocr_line' id='line_1_97' title="bbox 983 4504 1780 4576; baseline 0 -16"><span class='ocrx_word' id='word_1_696' title='bbox 983 4504 1163 4571; x_wconf 87' lang='lat' dir='ltr'>Tillemontii‚</span> <span class='ocrx_word' id='word_1_697' title='bbox 1199 4520 1239 4558; x_wconf 79' lang='lat' dir='ltr'>ue</span> <span class='ocrx_word' id='word_1_698' title='bbox 1252 4505 1321 4558; x_wconf 90' lang='lat' dir='ltr'>tomi</span> <span class='ocrx_word' id='word_1_699' title='bbox 1335 4505 1394 4574; x_wconf 90' lang='lat' dir='ltr'>ejus</span> <span class='ocrx_word' id='word_1_700' title='bbox 1409 4507 1498 4560; x_wconf 89' lang='lat' dir='ltr'>octavi</span> <span class='ocrx_word' id='word_1_701' title='bbox 1524 4506 1697 4575; x_wconf 89' lang='lat' dir='ltr'>potissimam</span> <span class='ocrx_word' id='word_1_702' title='bbox 1712 4523 1780 4576; x_wconf 91' lang='lat' dir='ltr'>par-</span> 
     </span>
     <span class='ocr_line' id='line_1_98' title="bbox 982 4573 1779 4647; baseline 0.001 -15"><span class='ocrx_word' id='word_1_703' title='bbox 982 4585 1036 4633; x_wconf 86' lang='lat' dir='ltr'>tein</span> <span class='ocrx_word' id='word_1_704' title='bbox 1053 4582 1176 4644; x_wconf 91' lang='lat' dir='ltr'>occupat.</span> <span class='ocrx_word' id='word_1_705' title='bbox 1212 4573 1382 4628; x_wconf 89' lang='lat' dir='ltr'>iuribusnon</span> <span class='ocrx_word' id='word_1_706' title='bbox 1396 4574 1540 4642; x_wconf 89' lang='lat' dir='ltr'>immoror,</span> <span class='ocrx_word' id='word_1_707' title='bbox 1551 4575 1641 4630; x_wconf 90' lang='lat' dir='ltr'>locum</span> <span class='ocrx_word' id='word_1_708' title='bbox 1657 4578 1779 4647; x_wconf 85' lang='lat' dir='ltr'>postulat</span> 
     </span>
     <span class='ocr_line' id='line_1_99' title="bbox 981 4642 1357 4706; baseline -0.019 0"><span class='ocrx_word' id='word_1_709' title='bbox 981 4644 1171 4706; x_wconf 91' lang='lat' dir='ltr'>Wandalberti</span> <span class='ocrx_word' id='word_1_710' title='bbox 1185 4642 1337 4700; x_wconf 90' lang='lat' dir='ltr'>distichum</span> <span class='ocrx_word' id='word_1_711' title='bbox 1351 4661 1357 4699; x_wconf 89' lang='lat'>:</span> 
     </span>
    </p>
   </div>
   <div class='ocr_carea' id='block_1_23' title="bbox 1041 4758 1699 4889">
    <p class='ocr_par' dir='ltr' id='par_1_23' title="bbox 1041 4758 1699 4889">
     <span class='ocr_line' id='line_1_100' title="bbox 1041 4758 1699 4829; baseline 0.009 -18"><span class='ocrx_word' id='word_1_712' title='bbox 1041 4761 1128 4811; x_wconf 83' lang='lat' dir='ltr'>Sertis</span> <span class='ocrx_word' id='word_1_713' title='bbox 1145 4758 1304 4815; x_wconf 88' lang='lat' dir='ltr'>hinclVonis,</span> <span class='ocrx_word' id='word_1_714' title='bbox 1319 4760 1446 4813; x_wconf 86' lang='lat' dir='ltr'>Athanusi</span> <span class='ocrx_word' id='word_1_715' title='bbox 1460 4774 1563 4825; x_wconf 78' lang='lat' dir='ltr'>magne,</span> <span class='ocrx_word' id='word_1_716' title='bbox 1577 4764 1699 4829; x_wconf 77' lang='lat' dir='ltr'>refulges,</span> 
     </span>
     <span class='ocr_line' id='line_1_101' title="bbox 1042 4823 1652 4889; baseline 0.008 -15"><span class='ocrx_word' id='word_1_717' title='bbox 1042 4825 1114 4874; x_wconf 91' lang='lat' dir='ltr'>Arria</span> <span class='ocrx_word' id='word_1_718' title='bbox 1132 4838 1182 4889; x_wconf 90' lang='lat' dir='ltr'>quo</span> <span class='ocrx_word' id='word_1_719' title='bbox 1200 4825 1309 4888; x_wconf 87' lang='lat' dir='ltr'>primurn</span> <span class='ocrx_word' id='word_1_720' title='bbox 1330 4823 1403 4886; x_wconf 88' lang='lat' dir='ltr'>periit</span> <span class='ocrx_word' id='word_1_721' title='bbox 1427 4825 1522 4875; x_wconf 85' lang='lat' dir='ltr'>victore</span> <span class='ocrx_word' id='word_1_722' title='bbox 1537 4827 1652 4880; x_wconf 92' lang='lat' dir='ltr'>colubra.</span> 
     </span>
    </p>
   </div>
   <div class='ocr_carea' id='block_1_24' title="bbox 978 4935 1810 5222">
    <p class='ocr_par' dir='ltr' id='par_1_24' title="bbox 978 4935 1810 5222">
     <span class='ocr_line' id='line_1_102' title="bbox 1015 4935 1776 5061; baseline 0.001 -70"><span class='ocrx_word' id='word_1_723' title='bbox 1015 4936 1178 4991; x_wconf 82' lang='lat' dir='ltr'>Saturninus</span> <span class='ocrx_word' id='word_1_724' title='bbox 1204 4942 1231 4991; x_wconf 88' lang='lat' dir='ltr'>et</span> <span class='ocrx_word' id='word_1_725' title='bbox 1258 4935 1383 5061; x_wconf 74' lang='lat' dir='ltr'>Neapolis</span> <span class='ocrx_word' id='word_1_726' title='bbox 1405 4936 1434 4991; x_wconf 93' lang='lat' dir='ltr'>iu</span> <span class='ocrx_word' id='word_1_727' title='bbox 1458 4936 1599 5010; x_wconf 90' lang='lat' dir='ltr'>aliquibus</span> <span class='ocrx_word' id='word_1_728' title='bbox 1613 4938 1776 5010; x_wconf 81' lang='lat' dir='ltr'>apographis</span> 
     </span>
     <span class='ocr_line' id='line_1_103' title="bbox 979 5005 1775 5079; baseline 0 -17"><span class='ocrx_word' id='word_1_729' title='bbox 979 5005 1203 5078; x_wconf 73' lang='lat' dir='ltr'>hieronymianis</span> <span class='ocrx_word' id='word_1_730' title='bbox 1217 5006 1284 5062; x_wconf 90' lang='lat' dir='ltr'>satis</span> <span class='ocrx_word' id='word_1_731' title='bbox 1298 5024 1313 5062; x_wconf 95' lang='lat' dir='ltr'>c</span> <span class='ocrx_word' id='word_1_732' title='bbox 1325 5022 1370 5061; x_wconf 90' lang='lat' dir='ltr'>are</span> <span class='ocrx_word' id='word_1_733' title='bbox 1381 5007 1585 5079; x_wconf 85' lang='lat' dir='ltr'>exprimuntur,</span> <span class='ocrx_word' id='word_1_734' title='bbox 1596 5008 1689 5064; x_wconf 89' lang='lat' dir='ltr'>addita</span> <span class='ocrx_word' id='word_1_735' title='bbox 1699 5008 1775 5078; x_wconf 88' lang='lat' dir='ltr'>posi·</span> 
     </span>
     <span class='ocr_line' id='line_1_104' title="bbox 978 5077 1775 5150; baseline 0.003 -17"><span class='ocrx_word' id='word_1_736' title='bbox 978 5078 1064 5145; x_wconf 89' lang='lat' dir='ltr'>tione,</span> <span class='ocrx_word' id='word_1_737' title='bbox 1083 5094 1129 5133; x_wconf 88' lang='lat' dir='ltr'>seu</span> <span class='ocrx_word' id='word_1_738' title='bbox 1146 5079 1206 5134; x_wconf 92' lang='lat' dir='ltr'>loco</span> <span class='ocrx_word' id='word_1_739' title='bbox 1229 5078 1367 5150; x_wconf 81' lang='lat' dir='ltr'>martyrii,</span> <span class='ocrx_word' id='word_1_740' title='bbox 1383 5079 1566 5134; x_wconf 77' lang='lat' dir='ltr'>Alexandria.</span> <span class='ocrx_word' id='word_1_741' title='bbox 1595 5077 1689 5133; x_wconf 91' lang='lat' dir='ltr'>Phrasi</span> <span class='ocrx_word' id='word_1_742' title='bbox 1719 5094 1775 5134; x_wconf 91' lang='lat' dir='ltr'>nou</span> 
     </span>
     <span class='ocr_line' id='line_1_105' title="bbox 979 5148 1810 5222; baseline 0.001 -18"><span class='ocrx_word' id='word_1_743' title='bbox 979 5148 1634 5222; x_wconf 80' lang='lat' dir='ltr'>niliiliminutataeosdemconsignatllomanum</span> <span class='ocrx_word' id='word_1_744' title='bbox 1647 5163 1774 5219; x_wconf 85' lang='lat' dir='ltr'>parvum,</span> <span class='ocrx_word' id='word_1_745' title='bbox 1806 5170 1810 5178; x_wconf 92' lang='lat'><em>·</em></span> 
     </span>
    </p>
   </div>
   <div class='ocr_carea' id='block_1_25' title="bbox 123 5216 1775 5299">
    <p class='ocr_par' dir='ltr' id='par_1_25' title="bbox 123 5216 1775 5299">
     <span class='ocr_line' id='line_1_106' title="bbox 123 5216 1775 5299; baseline -0.002 -19"><span class='ocrx_word' id='word_1_746' title='bbox 123 5224 187 5280; x_wconf 89' lang='lat' dir='ltr'>dere</span> <span class='ocrx_word' id='word_1_747' title='bbox 202 5240 261 5280; x_wconf 95' lang='lat' dir='ltr'>non</span> <span class='ocrx_word' id='word_1_748' title='bbox 276 5223 425 5279; x_wconf 89' lang='lat' dir='ltr'>desistunt.</span> <span class='ocrx_word' id='word_1_749' title='bbox 441 5224 526 5279; x_wconf 86' lang='lat' dir='ltr'>Porro</span> <span class='ocrx_word' id='word_1_750' title='bbox 542 5223 601 5279; x_wconf 82' lang='lat' dir='ltr'>hec</span> <span class='ocrx_word' id='word_1_751' title='bbox 615 5229 642 5277; x_wconf 91' lang='lat' dir='ltr'>et</span> <span class='ocrx_word' id='word_1_752' title='bbox 657 5221 710 5276; x_wconf 90' lang='lat' dir='ltr'>alia</span> <span class='ocrx_word' id='word_1_753' title='bbox 723 5237 757 5276; x_wconf 84' lang='lat' dir='ltr'>ex</span> <span class='ocrx_word' id='word_1_754' title='bbox 772 5220 871 5278; x_wconf 78' lang='lat' dir='ltr'>[tulino</span> <span class='ocrx_word' id='word_1_755' title='bbox 887 5222 923 5278; x_wconf 91' lang='lat' dir='ltr'>la·</span> <span class='ocrx_word' id='word_1_756' title='bbox 941 5219 1060 5298; x_wconf 75' lang='lat' dir='ltr'>Dcujus</span> <span class='ocrx_word' id='word_1_757' title='bbox 1078 5219 1160 5274; x_wconf 88' lang='lat' dir='ltr'>verba</span> <span class='ocrx_word' id='word_1_758' title='bbox 1184 5220 1240 5275; x_wconf 86' lang='lat' dir='ltr'>iere</span> <span class='ocrx_word' id='word_1_759' title='bbox 1254 5220 1288 5275; x_wconf 89' lang='lat' dir='ltr'>ad</span> <span class='ocrx_word' id='word_1_760' title='bbox 1306 5220 1410 5292; x_wconf 88' lang='lat' dir='ltr'>apiceiii</span> <span class='ocrx_word' id='word_1_761' title='bbox 1426 5218 1569 5299; x_wconf 84' lang='lat' dir='ltr'>descripsit</span> <span class='ocrx_word' id='word_1_762' title='bbox 1583 5216 1655 5285; x_wconf 90' lang='lat' dir='ltr'>Ado,</span> <span class='ocrx_word' id='word_1_763' title='bbox 1671 5220 1775 5277; x_wconf 83' lang='lat' dir='ltr'>addens</span> 
     </span>
    </p>
   </div>
   <div class='ocr_carea' id='block_1_26' title="bbox 122 5291 926 5864">
    <p class='ocr_par' dir='ltr' id='par_1_26' title="bbox 122 5291 926 5864">
     <span class='ocr_line' id='line_1_107' title="bbox 125 5291 925 5366; baseline -0.003 -16"><span class='ocrx_word' id='word_1_764' title='bbox 125 5296 177 5351; x_wconf 89' lang='lat' dir='ltr'>tius</span> <span class='ocrx_word' id='word_1_765' title='bbox 191 5295 308 5352; x_wconf 89' lang='lat' dir='ltr'>deducit</span> <span class='ocrx_word' id='word_1_766' title='bbox 324 5294 385 5350; x_wconf 91' lang='lat' dir='ltr'>Ado</span> <span class='ocrx_word' id='word_1_767' title='bbox 399 5294 429 5349; x_wconf 92' lang='lat' dir='ltr'>in</span> <span class='ocrx_word' id='word_1_768' title='bbox 445 5293 547 5366; x_wconf 85' lang='lat' dir='ltr'>insigni</span> <span class='ocrx_word' id='word_1_769' title='bbox 561 5292 728 5359; x_wconf 85' lang='lat' dir='ltr'>laudatione,</span> <span class='ocrx_word' id='word_1_770' title='bbox 744 5291 823 5363; x_wconf 86' lang='lat' dir='ltr'>cujus</span> <span class='ocrx_word' id='word_1_771' title='bbox 834 5308 925 5348; x_wconf 85' lang='lat' dir='ltr'>amie-</span> 
     </span>
     <span class='ocr_line' id='line_1_108' title="bbox 123 5362 924 5438; baseline -0.002 -17"><span class='ocrx_word' id='word_1_772' title='bbox 123 5368 214 5424; x_wconf 88' lang='lat' dir='ltr'>niores</span> <span class='ocrx_word' id='word_1_773' title='bbox 223 5367 357 5423; x_wconf 87' lang='lat' dir='ltr'>tlosculos</span> <span class='ocrx_word' id='word_1_774' title='bbox 364 5364 505 5438; x_wconf 89' lang='lat' dir='ltr'>aptissime</span> <span class='ocrx_word' id='word_1_775' title='bbox 514 5366 611 5421; x_wconf 87' lang='lat' dir='ltr'>Noster</span> <span class='ocrx_word' id='word_1_776' title='bbox 620 5364 764 5419; x_wconf 83' lang='lat' dir='ltr'>contexuit</span> <span class='ocrx_word' id='word_1_777' title='bbox 777 5362 924 5431; x_wconf 87' lang='lat' dir='ltr'>Notkerus,</span> 
     </span>
     <span class='ocr_line' id='line_1_109' title="bbox 123 5434 925 5511; baseline -0.007 -17"><span class='ocrx_word' id='word_1_778' title='bbox 123 5439 194 5511; x_wconf 87' lang='lat' dir='ltr'>quod</span> <span class='ocrx_word' id='word_1_779' title='bbox 208 5438 325 5505; x_wconf 88' lang='lat' dir='ltr'>mirere,</span> <span class='ocrx_word' id='word_1_780' title='bbox 339 5437 519 5508; x_wconf 87' lang='lat' dir='ltr'>interpolavit</span> <span class='ocrx_word' id='word_1_781' title='bbox 534 5444 561 5492; x_wconf 88' lang='lat' dir='ltr'>et</span> <span class='ocrx_word' id='word_1_782' title='bbox 574 5434 723 5493; x_wconf 79' lang='lat' dir='ltr'>contraxit.</span> <span class='ocrx_word' id='word_1_783' title='bbox 739 5435 829 5489; x_wconf 89' lang='lat' dir='ltr'>Vitam</span> <span class='ocrx_word' id='word_1_784' title='bbox 842 5435 925 5488; x_wconf 89' lang='lat' dir='ltr'>Atha·</span> 
     </span>
     <span class='ocr_line' id='line_1_110' title="bbox 123 5504 924 5578; baseline -0.005 -13"><span class='ocrx_word' id='word_1_785' title='bbox 123 5510 203 5578; x_wconf 75' lang='lat' dir='ltr'>nesii,</span> <span class='ocrx_word' id='word_1_786' title='bbox 235 5518 353 5565; x_wconf 87' lang='lat' dir='ltr'>uantum</span> <span class='ocrx_word' id='word_1_787' title='bbox 370 5508 459 5575; x_wconf 85' lang='lat' dir='ltr'>licuit,</span> <span class='ocrx_word' id='word_1_788' title='bbox 480 5508 602 5564; x_wconf 87' lang='lat' dir='ltr'>breviter</span> <span class='ocrx_word' id='word_1_789' title='bbox 613 5522 648 5562; x_wconf 86' lang='lat' dir='ltr'>es</span> <span class='ocrx_word' id='word_1_790' title='bbox 662 5504 822 5560; x_wconf 90' lang='lat' dir='ltr'>llerinantio</span> <span class='ocrx_word' id='word_1_791' title='bbox 836 5513 863 5559; x_wconf 90' lang='lat' dir='ltr'>et</span> <span class='ocrx_word' id='word_1_792' title='bbox 877 5506 924 5561; x_wconf 89' lang='lat' dir='ltr'>Pa·</span> 
     </span>
     <span class='ocr_line' id='line_1_111' title="bbox 122 5576 925 5652; baseline -0.005 -16"><span class='ocrx_word' id='word_1_793' title='bbox 122 5582 221 5652; x_wconf 87' lang='lat' dir='ltr'>pebroc</span> <span class='ocrx_word' id='word_1_794' title='bbox 244 5580 275 5636; x_wconf 92' lang='lat' dir='ltr'>io</span> <span class='ocrx_word' id='word_1_795' title='bbox 288 5579 485 5652; x_wconf 78' lang='lat' dir='ltr'>chronologice</span> <span class='ocrx_word' id='word_1_796' title='bbox 498 5578 690 5635; x_wconf 88' lang='lat' dir='ltr'>ordinavimus</span> <span class='ocrx_word' id='word_1_797' title='bbox 708 5576 738 5631; x_wconf 93' lang='lat' dir='ltr'>in</span> <span class='ocrx_word' id='word_1_798' title='bbox 759 5577 844 5633; x_wconf 85' lang='lat' dir='ltr'>citato</span> <span class='ocrx_word' id='word_1_799' title='bbox 858 5576 925 5632; x_wconf 90' lang='lat' dir='ltr'>alias</span> 
     </span>
     <span class='ocr_line' id='line_1_112' title="bbox 123 5646 925 5715; baseline -0.006 -8"><span class='ocrx_word' id='word_1_800' title='bbox 123 5650 338 5710; x_wconf 86' lang='lat' dir='ltr'>dePatriarchis</span> <span class='ocrx_word' id='word_1_801' title='bbox 355 5650 554 5707; x_wconf 78' lang='lat' dir='ltr'>Alexandrinis</span> <span class='ocrx_word' id='word_1_802' title='bbox 576 5655 703 5715; x_wconf 90' lang='lat' dir='ltr'>tractatu,</span> <span class='ocrx_word' id='word_1_803' title='bbox 719 5655 794 5703; x_wconf 92' lang='lat' dir='ltr'>tomo</span> <span class='ocrx_word' id='word_1_804' title='bbox 811 5648 834 5702; x_wconf 93' lang='lat' dir='ltr'>V</span> <span class='ocrx_word' id='word_1_805' title='bbox 849 5646 925 5702; x_wconf 83' lang='lat' dir='ltr'>lunii</span> 
     </span>
     <span class='ocr_line' id='line_1_113' title="bbox 124 5717 924 5795; baseline -0.011 -14"><span class='ocrx_word' id='word_1_806' title='bbox 124 5725 246 5795; x_wconf 79' lang='lat' dir='ltr'>prefixa.</span> <span class='ocrx_word' id='word_1_807' title='bbox 269 5723 364 5778; x_wconf 86' lang='lat' dir='ltr'>Vitam</span> <span class='ocrx_word' id='word_1_808' title='bbox 378 5721 462 5778; x_wconf 89' lang='lat' dir='ltr'>aliam</span> <span class='ocrx_word' id='word_1_809' title='bbox 486 5717 924 5777; x_wconf 88' lang='lat' dir='ltr'>studioseadornaviteruditissi-</span> 
     </span>
     <span class='ocr_line' id='line_1_114' title="bbox 125 5788 926 5864; baseline -0.01 -13"><span class='ocrx_word' id='word_1_810' title='bbox 125 5811 182 5853; x_wconf 84' lang='lat' dir='ltr'>mus</span> <span class='ocrx_word' id='word_1_811' title='bbox 201 5793 432 5862; x_wconf 82' lang='lat' dir='ltr'>llontiauconus,</span> <span class='ocrx_word' id='word_1_812' title='bbox 457 5808 522 5850; x_wconf 89' lang='lat' dir='ltr'>cum</span> <span class='ocrx_word' id='word_1_813' title='bbox 548 5790 701 5849; x_wconf 86' lang='lat' dir='ltr'>norissima</span> <span class='ocrx_word' id='word_1_814' title='bbox 719 5789 810 5864; x_wconf 78' lang='lat' dir='ltr'>magni</span> <span class='ocrx_word' id='word_1_815' title='bbox 838 5788 926 5845; x_wconf 88' lang='lat' dir='ltr'>Patris</span> 
     </span>
    </p>
   </div>
   <div class='ocr_carea' id='block_1_27' title="bbox 978 5287 1818 5777">
    <p class='ocr_par' dir='ltr' id='par_1_27' title="bbox 978 5287 1818 5777">
     <span class='ocr_line' id='line_1_115' title="bbox 980 5287 1772 5412; baseline 0 -66"><span class='ocrx_word' id='word_1_816' title='bbox 980 5293 1079 5357; x_wconf 90' lang='lat' dir='ltr'>solum,</span> <span class='ocrx_word' id='word_1_817' title='bbox 1096 5291 1183 5345; x_wconf 82' lang='lat' dir='ltr'>eadric</span> <span class='ocrx_word' id='word_1_818' title='bbox 1205 5292 1255 5358; x_wconf 84' lang='lat' dir='ltr'>dir,</span> <span class='ocrx_word' id='word_1_819' title='bbox 1271 5300 1353 5364; x_wconf 91' lang='lat' dir='ltr'>atque</span> <span class='ocrx_word' id='word_1_820' title='bbox 1366 5308 1401 5346; x_wconf 83' lang='lat' dir='ltr'>eis</span> <span class='ocrx_word' id='word_1_821' title='bbox 1417 5307 1448 5344; x_wconf 92' lang='lat' dir='ltr'>eo</span> <span class='ocrx_word' id='word_1_822' title='bbox 1474 5287 1621 5412; x_wconf 61' lang='lat' dir='ltr'>¹fq⁵¹⁸⁵¹¹¹¹i⁸</span> <span class='ocrx_word' id='word_1_823' title='bbox 1635 5292 1772 5359; x_wconf 86' lang='lat' dir='ltr'>terminis,</span> 
     </span>
     <span class='ocr_line' id='line_1_116' title="bbox 978 5359 1773 5436; baseline 0.001 -19"><span class='ocrx_word' id='word_1_824' title='bbox 978 5372 1106 5433; x_wconf 88' lang='lat' dir='ltr'>utsupra</span> <span class='ocrx_word' id='word_1_825' title='bbox 1131 5377 1181 5416; x_wconf 93' lang='lat' dir='ltr'>nos</span> <span class='ocrx_word' id='word_1_826' title='bbox 1204 5362 1312 5432; x_wconf 90' lang='lat' dir='ltr'>opinari</span> <span class='ocrx_word' id='word_1_827' title='bbox 1330 5361 1461 5436; x_wconf 81' lang='lat' dir='ltr'>diximus,</span> <span class='ocrx_word' id='word_1_828' title='bbox 1512 5363 1584 5411; x_wconf 86' lang='lat' dir='ltr'>oster</span> <span class='ocrx_word' id='word_1_829' title='bbox 1611 5359 1773 5433; x_wconf 87' lang='lat' dir='ltr'>desumpsit.</span> 
     </span>
     <span class='ocr_line' id='line_1_117' title="bbox 978 5428 1774 5505; baseline -0.001 -17"><span class='ocrx_word' id='word_1_830' title='bbox 978 5433 1061 5488; x_wconf 86' lang='lat' dir='ltr'>Plana</span> <span class='ocrx_word' id='word_1_831' title='bbox 1072 5440 1113 5488; x_wconf 87' lang='lat' dir='ltr'>est</span> <span class='ocrx_word' id='word_1_832' title='bbox 1122 5431 1215 5505; x_wconf 88' lang='lat' dir='ltr'>itaque</span> <span class='ocrx_word' id='word_1_833' title='bbox 1229 5442 1255 5488; x_wconf 94' lang='lat' dir='ltr'>et</span> <span class='ocrx_word' id='word_1_834' title='bbox 1266 5430 1393 5501; x_wconf 82' lang='lat' dir='ltr'>expedita</span> <span class='ocrx_word' id='word_1_835' title='bbox 1403 5435 1488 5482; x_wconf 89' lang='lat' dir='ltr'>totius</span> <span class='ocrx_word' id='word_1_836' title='bbox 1503 5428 1627 5485; x_wconf 90' lang='lat' dir='ltr'>laterculi</span> <span class='ocrx_word' id='word_1_837' title='bbox 1643 5433 1774 5502; x_wconf 82' lang='lat' dir='ltr'>primeva</span> 
     </span>
     <span class='ocr_line' id='line_1_118' title="bbox 978 5496 1818 5576; baseline -0.004 -16"><span class='ocrx_word' id='word_1_838' title='bbox 978 5503 1152 5576; x_wconf 88' lang='lat' dir='ltr'>siriiplicitas.</span> <span class='ocrx_word' id='word_1_839' title='bbox 1179 5503 1231 5558; x_wconf 80' lang='lat' dir='ltr'>Sed</span> <span class='ocrx_word' id='word_1_840' title='bbox 1259 5508 1331 5556; x_wconf 90' lang='lat' dir='ltr'>recte</span> <span class='ocrx_word' id='word_1_841' title='bbox 1358 5496 1519 5553; x_wconf 88' lang='lat' dir='ltr'>observatus</span> <span class='ocrx_word' id='word_1_842' title='bbox 1545 5501 1773 5558; x_wconf 87' lang='lat' dir='ltr'>estllenscheiiio</span> <span class='ocrx_word' id='word_1_843' title='bbox 1810 5554 1818 5563; x_wconf 78' lang='grc'><strong>,</strong></span> 
     </span>
     <span class='ocr_line' id='line_1_119' title="bbox 978 5569 1774 5646; baseline -0.004 -15"><span class='ocrx_word' id='word_1_844' title='bbox 978 5574 1112 5632; x_wconf 81' lang='lat' dir='ltr'>Galesinii</span> <span class='ocrx_word' id='word_1_845' title='bbox 1128 5575 1230 5646; x_wconf 89' lang='lat' dir='ltr'>lapsus,</span> <span class='ocrx_word' id='word_1_846' title='bbox 1245 5571 1308 5642; x_wconf 92' lang='lat' dir='ltr'>quis</span> <span class='ocrx_word' id='word_1_847' title='bbox 1335 5569 1384 5623; x_wconf 86' lang='lat' dir='ltr'>hos</span> <span class='ocrx_word' id='word_1_848' title='bbox 1407 5578 1552 5641; x_wconf 88' lang='lat' dir='ltr'>martyres,</span> <span class='ocrx_word' id='word_1_849' title='bbox 1569 5570 1678 5627; x_wconf 92' lang='lat' dir='ltr'>duobus</span> <span class='ocrx_word' id='word_1_850' title='bbox 1691 5573 1774 5628; x_wconf 88' lang='lat' dir='ltr'>sociis</span> 
     </span>
     <span class='ocr_line' id='line_1_120' title="bbox 979 5637 1774 5722; baseline -0.004 -20"><span class='ocrx_word' id='word_1_851' title='bbox 979 5655 1083 5714; x_wconf 88' lang='lat' dir='ltr'>auctos,</span> <span class='ocrx_word' id='word_1_852' title='bbox 1100 5647 1192 5701; x_wconf 79' lang='lat' dir='ltr'>Rome</span> <span class='ocrx_word' id='word_1_853' title='bbox 1207 5638 1364 5719; x_wconf 80' lang='lat' dir='ltr'>collocavit,</span> <span class='ocrx_word' id='word_1_854' title='bbox 1393 5637 1423 5694; x_wconf 93' lang='lat' dir='ltr'>in</span> <span class='ocrx_word' id='word_1_855' title='bbox 1439 5657 1570 5722; x_wconf 85' lang='lat' dir='ltr'>quocum</span> <span class='ocrx_word' id='word_1_856' title='bbox 1586 5641 1731 5709; x_wconf 75' lang='lat' dir='ltr'>baronius,</span> <span class='ocrx_word' id='word_1_857' title='bbox 1746 5659 1774 5699; x_wconf 87' lang='lat' dir='ltr'>re</span> 
     </span>
     <span class='ocr_line' id='line_1_121' title="bbox 979 5708 1775 5777; baseline -0.008 -5"><span class='ocrx_word' id='word_1_858' title='bbox 979 5734 1034 5772; x_wconf 92' lang='lat' dir='ltr'>non</span> <span class='ocrx_word' id='word_1_859' title='bbox 1062 5716 1128 5772; x_wconf 89' lang='lat' dir='ltr'>satis</span> <span class='ocrx_word' id='word_1_860' title='bbox 1150 5711 1316 5777; x_wconf 80' lang='lat' dir='ltr'>examinata,</span> <span class='ocrx_word' id='word_1_861' title='bbox 1344 5726 1375 5765; x_wconf 92' lang='lat' dir='ltr'>in</span> <span class='ocrx_word' id='word_1_862' title='bbox 1389 5708 1525 5768; x_wconf 90' lang='lat' dir='ltr'>hodierno</span> <span class='ocrx_word' id='word_1_863' title='bbox 1553 5711 1675 5768; x_wconf 83' lang='lat' dir='ltr'>Romano</span> <span class='ocrx_word' id='word_1_864' title='bbox 1690 5728 1775 5768; x_wconf 68' lang='lat' dir='ltr'>wou-</span> 
     </span>
    </p>
   </div>
   <div class='ocr_carea' id='block_1_28' title="bbox 978 5794 1093 5844">
    <p class='ocr_par' dir='ltr' id='par_1_28' title="bbox 978 5794 1093 5844">
     <span class='ocr_line' id='line_1_122' title="bbox 978 5794 1093 5844; baseline 0.009 -1"><span class='ocrx_word' id='word_1_865' title='bbox 978 5796 1024 5843; x_wconf 91' lang='lat' dir='ltr'>tus</span> <span class='ocrx_word' id='word_1_866' title='bbox 1041 5794 1093 5844; x_wconf 91' lang='lat' dir='ltr'>est.</span> 
     </span>
    </p>
   </div>
   <div class='ocr_carea' id='block_1_29' title="bbox 0 0 1922 6134">
    <p class='ocr_par' dir='ltr' id='par_1_29' title="bbox 0 0 1922 6134">
     <span class='ocr_line' id='line_1_123' title="bbox 0 0 1922 6134; baseline 0 0"><span class='ocrx_word' id='word_1_867' title='bbox 0 0 1922 6134; x_wconf 95' lang='lat' dir='ltr'> </span> 
     </span>
    </p>
   </div>
  </div>
 </body>
</html>
