3834 6136
66 226 136 284 test

814 227 983 287 caecans

1646 239 1715 298 77787
1758 262 1761 267 ’

61 376 164 433 Tribus
174 391 240 433 7777
252 377 332 434 77777
347 379 505 453 subiaceant
528 381 599 437 inter
614 380 779 454 paenitentes
793 397 856 438 ma·
875 382 980 446 Acte.
1001 383 1077 444 XXI.
1109 389 1141 447 Ilt
1156 390 1307 472 penitentes
1329 407 1381 447 noa
1404 409 1430 447 re
1452 393 1560 450 credant
1580 394 1716 457 absolutes

61 465 147 522 nibus
176 467 350 524 sacerdotum
373 469 402 526 in
434 472 495 527 loco
518 477 592 528 retro
615 470 717 527 ostium
740 470 862 528 molesia

61 554 262 628 paenitentibus
281 559 442 628 constituto,
472 567 498 616 et
531 576 651 616 seorsum
681 561 753 617 Infra
774 561 860 635 ipsam

60 644 206 702 ecclesiam
226 646 327 718 populo
343 648 458 717 secluso,
473 656 563 705 tamen
574 648 632 721 jam
647 667 703 706 non
715 651 746 707 iu
761 659 862 708 terram

61 734 204 808 prostrati,
220 734 268 790 sed
292 735 372 792 vultu
398 747 424 794 77
442 738 531 810 777777
546 737 703 809 humiliato,
719 740 863 798 humiliter

61 834 89 881 et
103 841 139 881 ex
154 823 246 892 corde,
263 832 294 880 ut
309 842 391 898 supra
401 827 505 885 7777777
522 838 573 897 777,
585 830 694 885 versiam
711 833 861 901 postulent,

60 921 89 970 et
103 929 153 985 pro
167 929 195 970 sc
210 925 454 986 orareexposoant.
468 916 674 974 Duobusetiam
689 901 769 974 annis
788 919 861 976 obla·

62 1004 153 1059 tiones
166 1003 256 1061 modIs
270 1005 400 1062 omnibus
414 1023 469 1062 nou
483 1008 609 1064 siuantur
624 1008 731 1075 7777777,
747 1008 795 1065 777
808 1027 863 1083 po-

61 1095 137 1168 pulis
158 1093 351 1151 tantommodo
373 1095 402 1150 in
417 1096 542 1152 oratione
557 1097 707 1167 soclentur,
723 1105 754 1154 ut
768 1101 863 1171 perfe-

61 1184 183 1242 ctionem
199 1185 318 1257 septimo
333 1185 362 1239 in
377 1200 455 1242 crena
477 1187 588 1243 Domini
602 1198 816 1260 cousequantur,
834 1190 862 1248 id

61 1282 102 1332 est
118 1273 304 1347 perepIscopi,
317 1274 361 1329 771
372 1272 528 1346 ejusjussu,
539 1276 562 1332 si
577 1278 634 1350 ipse
646 1276 732 1348 abest,
744 1281 861 1337 aliorum

61 1361 235 1419 sacerdotum
247 1377 344 1417 manus
353 1361 571 1434 impositionem,
583 1365 757 1428 absolutione
775 1385 861 1427 sacer·

60 1449 197 1507 dotalium
208 1452 861 1530 precumcommuuimuscatholieaegratiamre·

59 1538 179 1612 cepturi.
208 1540 239 1594 In
266 1538 310 1594 his
340 1556 406 1595 vero
436 1549 540 1614 septem
560 1543 641 1599 aunis
670 1547 862 1621 multipliciter

56 1627 185 1702 jejuniis,
214 1629 397 1698 orationibus,
422 1630 542 1700 fletibus,
571 1641 598 1688 et
624 1634 860 1710 eleemosynarum

59 1726 144 1791 prout
161 1717 258 1773 melius
277 1719 426 1789 potuerim,
451 1719 670 1781 exhibitionibus
686 1734 712 1781 et
729 1726 858 1799 lacrymis
874 1741 897 1802 Β
914 1749 979 1809 (Ἀρ.
995 1750 1096 1806 xxm⁸

57 1805 220 1878 persistant,
236 1813 263 1862 77
278 1823 312 1863 ne
336 1808 453 1863 ulterius
476 1807 516 1864 eis
539 1809 606 1864 talia
628 1813 789 1886 contiugant
805 1814 860 1870 ad-

46 1887 176 1952 ’uiodum
191 1904 316 1962 caveant,
329 1905 361 1953 ut
376 1905 532 1954 mereantur
543 1898 619 1956 illam
636 1903 749 1960 Domini
765 1922 860 1963 vocem

58 1984 158 2041 audire
185 1984 377 2059 inquientem:
414 1987 483 2046 Vade
495 1994 518 2043 ct
544 1989 661 2062 77771777
687 1994 862 2066 rtolipcccaie

60 2074 156 2145 (ioan.
173 2076 249 2146 7777).

96 2224 164 2285 Car.
182 2226 282 2286 XVIII.
311 2228 350 2284 777
375 2229 561 2299 paenitentibus
577 2234 824 2304 traaapresaorabus.

258 2343 302 2397 Ex
315 2341 409 2398 eodem
428 2342 509 2409 libro,
525 2362 584 2419 cap.
605 2346 667 2403 137.

98 2463 141 2533 (v,
149 2462 206 2535 77.)
216 2462 285 2520 Uthi
297 2464 344 2538 qui
353 2465 491 2539 frequenti
502 2469 727 2540 praevaricatione
736 2481 859 2544 peccaut,

60 2554 106 2610 sel
126 2553 317 2625 poenitentiam
341 2554 452 2625 iterant,
476 2559 617 2632 frequenti
645 2564 792 2631 sententia,
807 2564 861 2619 nisi

60 2660 111 2718 per
130 2645 345 2703 satisfactionem
362 2664 422 2722 quai
437 2652 609 2720 7777777777ῑί
636 2663 702 2710 sunt
717 2654 861 2711 emendare

60 2735 198 2803 nitantur,
208 2745 385 2795 coerceantur
396 2739 440 2796 uel
451 2740 681 2812 condemnentur,
691 2752 722 2800 ut
733 2744 791 2804 haee
802 2762 861 2817 quae

60 2825 220 2881 voluntarie
234 2842 290 2882 non
312 2827 454 2885 diluerunt
476 2829 560 2886 iuviti
574 2832 731 2889 emendent.
745 2833 824 2901 Quod
838 2828 861 2889 si

59 2913 164 2988 aliquIs
178 2915 309 2986 renuerit,
325 2928 352 2975 et
365 2919 509 2991 praeceptis
525 2920 582 2976 suls
596 2921 747 2979 sacerdota
761 2922 862 2979 inobe-

60 3002 142 3061 diens
160 3005 326 3078 apparuerit‚
343 3007 495 3064 secundum
510 3009 624 3067 modum
644 3011 861 3084 7717777777-

1140 479 1195 517 stae
1212 480 1306 519 cianus
1319 462 1492 535 impositione.

1163 552 1207 608 En
1221 553 1326 623 eodem,
1343 569 1402 625 cap.
1419 552 1463 609 tt.

953 645 993 714 (v,
1009 646 1065 717 Iti.)
1082 646 1259 717 Poeniteutes,
1275 651 1322 723 qui
1346 651 1375 706 77
1399 650 1561 706 infirmitate
1583 647 1714 706 uiaticum

917 733 1088 792 eucharistie
1108 746 1280 809 acceperunt,
1306 756 1361 795 nou
1385 756 1413 796 se
1435 739 1548 797 credant
1576 737 1717 795 absoluto⁸

917 822 976 878 sino
994 841 1091 881 manus
1106 825 1293 899 impositione,
1306 828 1329 882 si
1344 829 1560 901 supervixerint.

916 939 981 998 Car.
1003 940 1091 1021 XXII.
1103 942 1142 998 De
1155 944 1339 1014 partientibus
1350 944 1395 1015 qui
1405 951 1546 1016 autequam
1561 946 1625 1015 Iepea
1633 943 1718 1025 777777-1

952 1018 1038 1067 tentia
1049 1023 1236 1085 coaequantur,
1253 1017 1276 1071 si
1294 1033 1357 1071 casu
1381 1017 1409 1071 in
1429 1017 1522 1074 itiaecrc
1543 1022 1590 1073 arat
1604 1016 1633 1070 in
1646 1031 1718 1071 mam

951 1085 1050 1139 7777777
1067 1084 1179 1156 suetiam.

1172 1175 1214 1230 Ex
1228 1173 1335 1244 eodem,
1347 1191 1406 1247 cap.
1422 1174 1465 1231 77.

953 1276 992 1346 (v,
1010 1275 1067 1348 77.)
1083 1275 1259 1343 Pmuitentes,
1273 1276 1320 1348 qui
1336 1283 1483 1348 antequam
1496 1274 1568 1345 leges
1582 1275 1716 1346 paeniten-

916 1362 961 1418 tiae
989 1370 1185 1437 exsequantur,
1216 1363 1239 1418 si
1262 1380 1327 1419 casu
1349 1363 1378 1418 iu
1405 1361 1502 1419 illnere
1523 1362 1567 1418 771
1591 1362 1620 1417 77
1646 1363 1714 1418 mari

917 1454 1019 1507 mortui
1035 1453 1151 1520 fuerint,
1168 1452 1217 1508 tibi
1232 1452 1272 1508 eis
1286 1451 1412 1510 sacerdos
1427 1451 1574 1508 subuenire
1590 1469 1645 1507 riou
1661 1469 1715 1524 po-

915 1541 1009 1609 tuerit,
1025 1542 1156 1597 7777777777
1167 1558 1262 1599 eorum
1272 1550 1299 1599 et
1309 1541 1480 1599 orationibus
1491 1548 1517 1597 et
1529 1540 1715 1597 oblationibus

916 1630 1135 1689 commendetur.

1115 1752 1147 1807 Ut
1160 1753 1252 1807 nullius
1266 1752 1347 1807 tritam
1365 1751 1421 1805 sine
1435 1749 1614 1806 communione
1627 1751 1712 1824 fertior,

1060 1838 1105 1877 nce
1123 1822 1244 1877 7777777777
1263 1823 1386 1878 7777777777
1405 1823 1569 1878 7777777777.

1148 1910 1191 1966 Ex
1209 1911 1281 1965 libro
1295 1928 1334 1979 77,
1351 1926 1410 1982 777.
1432 1909 1475 1967 777.

952 2010 1004 2077 (vr,
1021 2008 1078 2081 75.)
1094 2007 1122 2064 Si
1137 2008 1163 2064 iu
1175 2008 1338 2066 iuflunitate
1350 2008 1607 2082 deprehensusquIs
1620 2007 1714 2074 luerit,

915 2099 1002 2154 sitam
1022 2098 1081 2155 sine
1103 2099 1299 2156 constitucione
1323 2116 1379 2156 non
1401 2098 1489 2168 777777,
1513 2114 1565 2154 777
1585 2096 1716 2152 77777777

915 2188 1013 2243 sacrati
1036 2187 1090 2243 olei
1114 2197 1226 2245 careat:
1249 2196 1276 2244 et
1300 2189 1323 2244 si
1347 2189 1429 2244 sanem
1448 2187 1605 2260 perspIciat,
1620 2202 1716 2242 sacro-

915 2285 1009 2331 sancto
1023 2291 1137 2348 corpore
1151 2276 1208 2333 7777
1221 2277 1314 2332 aalma
1332 2275 1391 2347 ejus
1405 2293 1420 2331 a
1435 2274 1575 2333 sacerdote
1589 2273 1716 2347 precibus

915 2363 1133 2420 commendetur.

916 2477 981 2536 Car.
998 2477 1101 2536 XXIV.
1118 2478 1151 2536 Iit
1162 2478 1253 2533 nullus
1266 2478 1400 2548 presbyter
1414 2476 1530 2548 amplias
1542 2491 1623 2547 quam
1635 2490 1716 2530 7777777

1147 2549 1278 2604 7777777777
1297 2550 1346 2604 eibi
1363 2549 1484 2605 7777777777.

1166 2637 1210 2693 Ex
1224 2636 1331 2707 eodem,
1344 2653 1404 2710 cap.
1423 2636 1466 2694 76.

954 2736 1005 2807 (ur,
1021 2735 1079 2809 73.)
1098 2734 1269 2811 Quapropter
1290 2736 1419 2792 omuibus
1444 2735 1548 2809 placuit
1571 2742 1602 2792 ut
1623 2735 1717 2792 nullus

917 2827 1060 2900 presbyter
1072 2825 1191 2897 amplius
1206 2842 1287 2899 quam
1303 2842 1386 2881 unam
1402 2826 1544 2882 eeclesiam
1559 2823 1611 2880 sibi
1626 2823 1716 2880 uindi-

916 2923 959 2972 cet
975 2932 981 2971 :
1003 2916 1068 2987 quia
1084 2914 1156 2970 sicut
1170 2913 1361 2987 uuusquisque
1376 2914 1515 2970 ancillaris
1529 2929 1585 2969 non
1598 2911 1716 2984 amplius

916 3024 998 3081 (77777
1013 3023 1097 3063 onam
1113 3005 1213 3062 habere
1225 3005 1305 3063 debet
1320 3021 1447 3073 uxorem,
1471 3004 1509 3061 ita
1529 3002 1716 3075 uuusquisque

60 3094 229 3152 muniretur.
248 3095 277 3152 Si
299 3097 362 3170 quis
386 3106 477 3155 autem
504 3099 548 3155 his
569 3108 632 3156 ante
651 3100 861 3161 reconciliatio·
876 3101 898 3162 G
914 3098 1058 3170 presbyter
1081 3113 1136 3155 non
1160 3095 1280 3168 amplius
1303 3110 1386 3168 quam
1402 3109 1485 3149 unam
1511 3093 1611 3149 habere
1635 3090 1715 3147 debet

61 3199 137 3253 nem,
164 3192 192 3240 et
232 3200 328 3242 eorum
365 3186 594 3258 satisfactionem,
626 3188 727 3263 absque
756 3190 860 3263 proprii

60 3272 184 3344 episcopi
200 3273 311 3331 IIcentia
323 3277 528 3334 eommunIcare
541 3278 757 3351 praesumpserit,
774 3278 860 3335 simili

61 3365 347 3422 escoiramunieationi
371 3365 519 3437 subjaceat.
536 3367 695 3426 Sacerdotes
709 3376 811 3436 autem,
827 3368 861 3424 ad

69 3466 141 3524 quos
154 3453 292 3524 pertinere
316 3463 479 3522 noscuntur,
494 3454 517 3509 si
530 3471 576 3510 eos
600 3455 723 3527 quolibet
738 3472 860 3526 munere,

59 3548 110 3596 aut
125 3542 230 3610 fauore,
246 3543 290 3597 vel
308 3542 474 3613 negligentia
489 3542 635 3599 admouere
654 3545 805 3616 noluerint,
815 3555 862 3603 aut

60 3646 111 3704 per
129 3632 346 3688 satisfactionem
365 3637 534 3688 reuertentes
547 3648 602 3688 non
619 3635 798 3708 susceperint,
815 3646 863 3694 aut

58 3728 273 3779 contemnentes
288 3720 321 3777 77
335 3721 450 3778 ecclcsIa
463 3738 519 3778 non
530 3722 685 3795 rejecerint,
702 3725 787 3782 simili
802 3744 861 3784 seu-

58 3812 150 3869 tentia
173 3814 336 3884 plectantur,
362 3829 485 3886 quosque
510 3814 555 3871 771
579 3816 791 3889 emendationis,
817 3821 861 3875 uel

59 3918 157 3958 eorum
173 3902 358 3960 damnationis
374 3906 511 3962 senteutIa
527 3907 725 3978 promulgetur.

128 4053 195 4113 Car.
211 4055 288 4111 XIX.
306 4057 345 4111 777
359 4055 590 4129 nepliqeafioridua
602 4059 796 4130 ponderalibus.

294 4162 336 4218 Ex
352 4163 457 4233 eodem,
480 4179 540 4237 777.
566 4165 626 4223 139.

101 4292 141 4359 (v,
156 4290 212 4364 77.)
226 4291 260 4348 Ut
271 4291 482 4363 uegIIgentiores
494 4293 660 4366 prenitentes
675 4294 781 4354 tardius
794 4296 861 4355 reci-

63 4381 185 4454 piantur.

62 4528 129 4588 Car.
144 4528 208 4589 XX.
222 4529 260 4585 Dc
276 4546 304 4585 eo
319 4528 365 4600 qui
374 4528 553 4601 poeaitentiam
570 4529 597 4586 in
610 4530 766 4604 infirmitate
780 4535 857 4607 petit.

308 4648 352 4703 177
367 4648 473 4716 eodem,
491 4665 550 4722 cap.
565 4649 610 4706 to.

98 4777 139 4850 (v,
156 4777 213 4850 75.)
223 4779 249 4835 Is
265 4778 313 4852 qui
323 4777 554 4851 pmnitentiamin
566 4778 730 4838 infirmitate
744 4782 823 4855 petit,
835 4783 857 4838 si

59 4882 136 4936 casu,
153 4866 219 4924 dum
234 4868 268 4925 ad
282 4884 346 4924 eum
358 4868 485 4926 sacerdos
500 4869 635 4927 Inritatus
645 4870 732 4939 venit,
748 4886 857 4945 oppres·

59 4973 106 5014 sus
118 4956 682 5031 77777777777777777777,771777777777εεί7
693 4977 788 5018 uersus
798 4961 855 5019 fue·

58 5046 105 5114 rit,
118 5045 185 5103 dent
195 5047 385 5107 testimonium
398 5048 446 5122 qui
458 5064 521 5105 eum
531 5048 690 5117 audierunt,
702 5057 729 5106 et
739 5049 857 5124 accipiat

58 5136 272 5208 peonitentiam:
298 5138 368 5194 etsi
389 5137 522 5196 contiuuo
546 5137 668 5195 ereditur
693 5138 854 5209 moriturus,

58 5226 253 5284 reconcilietur
260 5243 308 5300 per
317 5243 415 5286 manus
425 5226 643 5302 impositionem,
655 5235 683 5284 et
693 5226 855 5287 infundatur

56 5319 99 5375 ori
114 5316 174 5390 7777
189 5317 366 5377 eucharistia.
383 5318 412 5378 Si
433 5318 630 5394 supervixerit,
647 5327 855 5379 commoneatur

56 5405 253 5479 asupradIctis
265 5408 383 5468 testibus
405 5408 534 5484 petitIoni
556 5423 613 5468 sue
631 5404 814 5477 satisfactum,
826 5414 855 5466 et

56 5496 191 5555 subdatur
198 5506 300 5556 statuto
311 5500 481 5574 penitentie
490 5497 619 5574 77777777,
630 5496 757 5573 quandiu
764 5512 854 5559 77777·

55 5584 107 5643 777
125 5586 173 5660 qui
188 5587 379 5671 penitentiam
391 5589 468 5649 dedit
481 5586 657 5665 probaverit..

916 3185 1069 3242 ecelesiam.

916 3304 981 3360 Cia.
998 3302 1087 3360 XXV.
1108 3301 1147 3357 De
1164 3317 1218 3356 uon
1234 3298 1390 3371 recipiendis
1408 3296 1503 3353 alienia
1518 3294 1713 3368 paenitentibus.

1113 3391 1157 3447 Ex
1170 3388 1265 3445 777777
1282 3387 1363 3454 libro,
1379 3402 1438 3457 cap.
1457 3385 1517 3440 137.

953 3492 1003 3561 (vi.
1022 3489 1096 3560 179.)
1114 3489 1166 3557 Qui
1182 3504 1231 3561 pro
1248 3487 1349 3543 delicto
1363 3501 1414 3541 suo
1428 3501 1444 3539 a
1458 3482 1653 3541 communique
1667 3497 1715 3538 se-

918 3590 1058 3655 parantur,
1080 3580 1183 3654 placuit
1196 3587 1226 3635 ut
1241 3579 1269 3634 iu
1284 3577 1495 3651 quibuscunque
1516 3574 1584 3631 locis
1606 3574 1714 3630 fuerant

917 3672 1033 3740 exclusi,
1053 3671 1155 3727 eisdem
1173 3669 1241 3727 locis
1257 3664 1481 3726 communionem
1501 3669 1712 3736 cousequantur.

917 3791 983 3849 Car.
1004 3789 1106 3850 XXVI.
1126 3789 1158 3847 to
1171 3794 1270 3871 tempus
1277 3784 1457 3866 praevalentium
1469 3784 1497 3839 iu
1510 3780 1716 3839 consideratione

1184 3860 1297 3932 episcopi
1310 3863 1445 3913 7777777777.

1160 3949 1205 4005 Ex
1219 3948 1290 4005 libro
1304 3963 1353 4016 777,
1369 3962 1429 4018 cap.
1444 3945 1472 4001 ὃ.

954 4049 1017 4119 (uu,
1034 4046 1073 4118 3.)
1098 4047 1184 4102 Penes
1210 4047 1352 4118 episcopos
1371 4045 1423 4102 erit
1446 4047 1575 4116 potestas,
1601 4037 1712 4094 modum

917 4135 1135 4194 conversationis
1147 4134 1340 4207 penitentium
1352 4133 1507 4206 probantes,
1514 4130 1557 4185 ael
1566 4126 1715 4184 humanius

917 4243 979 4299 erga
994 4243 1039 4283 eos
1052 4243 1139 4300 agere,
1158 4225 1201 4281 vel
1222 4226 1340 4297 amphus
1358 4232 1467 4295 tempus
1490 4220 1617 4292 adjicere.
1642 4218 1715 4273 Ante
1804 4280 1807 4293 Ι

917 4327 1009 4382 ornatio
1023 4342 1088 4381 aero
1102 4323 1257 4397 praecedens
1271 4337 1365 4378 777777
1381 4320 1448 4386 vita,
1464 4325 1491 4372 et
1510 4311 1644 4387 posterior
1665 4310 1714 4366 in-

917 4419 1042 4492 77777777
1059 4435 1064 4473 ;
1087 4424 1113 4473 77
1129 4415 1166 4471 777
1180 4415 1220 4470 777
1235 4413 1410 4487 impartiatur
1424 4408 1591 4466 humanitas.

915 4534 980 4593 Cae.
1001 4531 1117 4590 XXVII.
1138 4531 1176 4586 Dc
1197 4527 1379 4600 quaeritantium
1401 4526 1595 4582 correersatioue
1610 4531 1633 4581 et
1651 4525 1710 4598 fide.

1127 4620 1171 4676 Ex
1184 4618 1279 4675 eodem
1295 4618 1375 4685 libro,
1391 4634 1450 4690 cap.
1471 4616 1497 4674 6.

951 4722 1013 4791 (su,
1030 4718 1070 4789 7.)
1087 4715 1265 4775 Conuersatio
1280 4715 1512 4791 paeniteuuurnet
1523 4713 1591 4772 fides
1604 4721 1713 4788 tempus

913 4809 1066 4867 abbretiat.

984 4925 1051 4985 Car.
1069 4924 1197 4982 XXVIII.
1218 4924 1256 4980 Dc
1274 4924 1455 4995 satisfactione
1471 4921 1639 4995 7777777777.

1160 5016 1204 5071 Ex
1220 5013 1327 5082 eodem,
1343 5030 1403 5086 cap.
1419 5011 1464 5070 20.

948 5117 1011 5188 (777,
1027 5114 1084 5185 ts.)
1100 5112 1256 5170 Sahsfactio
1266 5109 1435 5185 paenitentiae
1450 5124 1505 5166 uon
1518 5115 1559 5164 est
1574 5114 1629 5163 tam
1644 5111 1710 5160 tem-

910 5205 985 5279 poris
1001 5203 1184 5276 longitudine,
1199 5217 1281 5276 quam
1298 5198 1389 5258 cordis
1403 5196 1617 5272 compunctione
1639 5209 1711 5267 pen-

912 5293 1007 5351 sanda.

1028 5388 1096 5449 Cae.
1111 5387 1217 5447 xxm.
1236 5387 1276 5445 Dc
1290 5401 1416 5443 77777777
1424 5382 1594 5458 penitentia.

1159 5484 1205 5545 Ex
1221 5483 1329 5555 eodem,
1346 5498 1407 5557 cap.
1422 5481 1467 5540 at.

941 5578 987 5663 777
995 5586 1057 5673 βι)
1071 5584 1207 5663 Tempora
1217 5580 1404 5661 paenitudinis
1412 5581 1507 5642 hahita
1520 5579 1710 5642 moderatione
