<?xml version="1.0" encoding="UTF-8"?>
<!DOCTYPE html PUBLIC "-//W3C//DTD XHTML 1.0 Transitional//EN"
    "http://www.w3.org/TR/xhtml1/DTD/xhtml1-transitional.dtd">
<html xmlns="http://www.w3.org/1999/xhtml" xml:lang="en" lang="en">
 <head>
  <title>
</title>
<meta http-equiv="Content-Type" content="text/html;charset=utf-8" />
  <meta name='ocr-system' content='tesseract 3.04.00' />
  <meta name='ocr-capabilities' content='ocr_page ocr_carea ocr_par ocr_line ocrx_word'/>
</head>
<body>
  <div class='ocr_page' id='page_1' title='image "./patrologiaecurs76unkngoog_0399.png"; bbox 0 0 3834 6136; ppageno 0'>
   <div class='ocr_carea' id='block_1_1' title="bbox 128 232 179 293">
    <p class='ocr_par' dir='ltr' id='par_1_1' title="bbox 128 232 179 293">
     <span class='ocr_line' id='line_1_1' title="bbox 128 232 179 293; baseline 0 0"><span class='ocrx_word' id='word_1_1' title='bbox 128 232 179 293; x_wconf 68' lang='lat'><strong>78⁷</strong></span> 
     </span>
    </p>
   </div>
   <div class='ocr_carea' id='block_1_2' title="bbox 794 225 1128 286">
    <p class='ocr_par' dir='ltr' id='par_1_2' title="bbox 794 225 1128 286">
     <span class='ocr_line' id='line_1_2' title="bbox 794 225 1128 286; baseline 0 -2"><span class='ocrx_word' id='word_1_2' title='bbox 794 226 947 285; x_wconf 75' lang='lat' dir='ltr'><strong>usuram</strong></span> <span class='ocrx_word' id='word_1_3' title='bbox 967 225 1128 286; x_wconf 77' lang='lat' dir='ltr'><strong>munaum</strong></span> 
     </span>
    </p>
   </div>
   <div class='ocr_carea' id='block_1_3' title="bbox 1734 223 1786 280">
    <p class='ocr_par' dir='ltr' id='par_1_3' title="bbox 1734 223 1786 280">
     <span class='ocr_line' id='line_1_3' title="bbox 1734 223 1786 280; baseline 0 0"><span class='ocrx_word' id='word_1_4' title='bbox 1734 223 1786 280; x_wconf 79' lang='grc'><strong>788</strong></span> 
     </span>
    </p>
   </div>
   <div class='ocr_carea' id='block_1_4' title="bbox 56 353 1785 514">
    <p class='ocr_par' dir='ltr' id='par_1_4' title="bbox 56 353 1785 514">
     <span class='ocr_line' id='line_1_4' title="bbox 794 353 1096 412; baseline -0.003 0"><span class='ocrx_word' id='word_1_5' title='bbox 794 353 1096 412; x_wconf 74' lang='lat' dir='ltr'><strong>desperationes,</strong></span> 
     </span>
     <span class='ocr_line' id='line_1_5' title="bbox 56 437 1785 514; baseline -0.008 -6"><span class='ocrx_word' id='word_1_6' title='bbox 56 451 61 457; x_wconf 82' lang='lat'><em>&#39;</em></span> <span class='ocrx_word' id='word_1_7' title='bbox 163 448 257 508; x_wconf 88' lang='lat' dir='ltr'><strong>Prima</strong></span> <span class='ocrx_word' id='word_1_8' title='bbox 270 455 365 504; x_wconf 88' lang='lat' dir='ltr'><strong>nostra</strong></span> <span class='ocrx_word' id='word_1_9' title='bbox 389 444 564 502; x_wconf 87' lang='lat' dir='ltr'><strong>annuntiatio</strong></span> <span class='ocrx_word' id='word_1_10' title='bbox 588 445 635 502; x_wconf 93' lang='lat' dir='ltr'><strong>hio</strong></span> <span class='ocrx_word' id='word_1_11' title='bbox 653 461 779 503; x_wconf 87' lang='lat' dir='ltr'><strong>rursusa</strong></span> <span class='ocrx_word' id='word_1_12' title='bbox 804 446 928 503; x_wconf 87' lang='lat' dir='ltr'><strong>Romano</strong></span> <span class='ocrx_word' id='word_1_13' title='bbox 942 453 967 509; x_wconf 80' lang='grc' dir='ltr'>Α</span> <span class='ocrx_word' id='word_1_14' title='bbox 981 463 1046 502; x_wconf 91' lang='lat' dir='ltr'><strong>vum</strong></span> <span class='ocrx_word' id='word_1_15' title='bbox 1069 445 1153 501; x_wconf 87' lang='lat' dir='ltr'><strong>etiam</strong></span> <span class='ocrx_word' id='word_1_16' title='bbox 1181 443 1340 514; x_wconf 76' lang='lat' dir='ltr'>distinguit,</span> <span class='ocrx_word' id='word_1_17' title='bbox 1377 441 1444 496; x_wconf 89' lang='lat' dir='ltr'><strong>dum</strong></span> <span class='ocrx_word' id='word_1_18' title='bbox 1469 455 1510 496; x_wconf 87' lang='lat' dir='ltr'><strong>xrr</strong></span> <span class='ocrx_word' id='word_1_19' title='bbox 1549 437 1700 495; x_wconf 74' lang='lat' dir='ltr'>Februarii</span> <span class='ocrx_word' id='word_1_20' title='bbox 1723 437 1785 495; x_wconf 78' lang='lat' dir='ltr'><strong>itar-</strong></span> 
     </span>
    </p>
   </div>
   <div class='ocr_carea' id='block_1_5' title="bbox 130 517 933 1816">
    <p class='ocr_par' dir='ltr' id='par_1_5' title="bbox 130 517 933 1816">
     <span class='ocr_line' id='line_1_6' title="bbox 198 517 924 592; baseline -0.008 -14"><span class='ocrx_word' id='word_1_21' title='bbox 198 538 215 578; x_wconf 95' lang='lat' dir='ltr'><strong>o</strong></span> <span class='ocrx_word' id='word_1_22' title='bbox 230 519 364 592; x_wconf 72' lang='lat' dir='ltr'><strong>procedit,</strong></span> <span class='ocrx_word' id='word_1_23' title='bbox 379 517 499 575; x_wconf 88' lang='lat' dir='ltr'><strong>secundo</strong></span> <span class='ocrx_word' id='word_1_24' title='bbox 510 519 570 573; x_wconf 93' lang='lat' dir='ltr'><strong>loco</strong></span> <span class='ocrx_word' id='word_1_25' title='bbox 584 526 645 589; x_wconf 91' lang='lat' dir='ltr'><strong>post</strong></span> <span class='ocrx_word' id='word_1_26' title='bbox 659 517 797 573; x_wconf 86' lang='lat' dir='ltr'><strong>Eulaliam</strong></span> <span class='ocrx_word' id='word_1_27' title='bbox 811 518 855 573; x_wconf 89' lang='lat' dir='ltr'><strong>his</strong></span> <span class='ocrx_word' id='word_1_28' title='bbox 865 535 924 574; x_wconf 84' lang='lat' dir='ltr'><strong>uer-</strong></span> 
     </span>
     <span class='ocr_line' id='line_1_7' title="bbox 149 589 926 664; baseline -0.008 -14"><span class='ocrx_word' id='word_1_29' title='bbox 149 590 416 664; x_wconf 78' lang='lat' dir='ltr'><strong>issiguata:Spoleti,</strong></span> <span class='ocrx_word' id='word_1_30' title='bbox 439 589 926 661; x_wconf 76' lang='lat' dir='ltr'><strong>CarpophoripresbpterietAbnndii</strong></span> 
     </span>
     <span class='ocr_line' id='line_1_8' title="bbox 130 660 928 733; baseline -0.006 -13"><span class='ocrx_word' id='word_1_31' title='bbox 130 665 245 721; x_wconf 84' lang='lat' dir='ltr'><strong>diaconi.</strong></span> <span class='ocrx_word' id='word_1_32' title='bbox 263 663 389 719; x_wconf 87' lang='lat' dir='ltr'><strong>Rabanus</strong></span> <span class='ocrx_word' id='word_1_33' title='bbox 399 661 500 733; x_wconf 85' lang='lat' dir='ltr'><strong>absque</strong></span> <span class='ocrx_word' id='word_1_34' title='bbox 518 661 654 732; x_wconf 79' lang='lat' dir='ltr'><strong>positione</strong></span> <span class='ocrx_word' id='word_1_35' title='bbox 678 660 805 732; x_wconf 79' lang='lat' dir='ltr'><strong>scripsit:</strong></span> <span class='ocrx_word' id='word_1_36' title='bbox 827 661 928 716; x_wconf 86' lang='lat' dir='ltr'><strong>Eodem</strong></span> 
     </span>
     <span class='ocr_line' id='line_1_9' title="bbox 130 732 928 803; baseline -0.009 -9"><span class='ocrx_word' id='word_1_37' title='bbox 130 738 182 803; x_wconf 83' lang='lat' dir='ltr'><strong>die,</strong></span> <span class='ocrx_word' id='word_1_38' title='bbox 193 735 279 791; x_wconf 79' lang='lat' dir='ltr'><strong>sancti</strong></span> <span class='ocrx_word' id='word_1_39' title='bbox 291 734 416 790; x_wconf 79' lang='lat' dir='ltr'><strong>Habendi</strong></span> <span class='ocrx_word' id='word_1_40' title='bbox 429 739 453 786; x_wconf 88' lang='lat' dir='ltr'><strong>et</strong></span> <span class='ocrx_word' id='word_1_41' title='bbox 468 732 610 803; x_wconf 77' lang='lat' dir='ltr'><strong>Carpofoli</strong></span> <span class='ocrx_word' id='word_1_42' title='bbox 628 739 788 803; x_wconf 74' lang='lat' dir='ltr'><strong>martyrum.</strong></span> <span class='ocrx_word' id='word_1_43' title='bbox 812 732 873 788; x_wconf 84' lang='lat' dir='ltr'><strong>Ado</strong></span> <span class='ocrx_word' id='word_1_44' title='bbox 888 732 928 787; x_wconf 89' lang='lat' dir='ltr'><strong>sic</strong></span> 
     </span>
     <span class='ocr_line' id='line_1_10' title="bbox 131 803 928 876; baseline -0.009 -11"><span class='ocrx_word' id='word_1_45' title='bbox 131 808 224 865; x_wconf 91' lang='lat' dir='ltr'><strong>locum</strong></span> <span class='ocrx_word' id='word_1_46' title='bbox 244 805 375 861; x_wconf 81' lang='lat' dir='ltr'><strong>formavit</strong></span> <span class='ocrx_word' id='word_1_47' title='bbox 389 811 420 859; x_wconf 88' lang='lat' dir='ltr'><strong>ut</strong></span> <span class='ocrx_word' id='word_1_48' title='bbox 434 805 530 860; x_wconf 90' lang='lat' dir='ltr'><strong>multis</strong></span> <span class='ocrx_word' id='word_1_49' title='bbox 543 803 622 860; x_wconf 87' lang='lat' dir='ltr'><strong>tricis</strong></span> <span class='ocrx_word' id='word_1_50' title='bbox 630 820 724 859; x_wconf 89' lang='lat' dir='ltr'><strong>ansam</strong></span> <span class='ocrx_word' id='word_1_51' title='bbox 734 803 928 876; x_wconf 75' lang='lat' dir='ltr'><strong>prebuerit,de</strong></span> 
     </span>
     <span class='ocr_line' id='line_1_11' title="bbox 131 873 929 950; baseline -0.008 -15"><span class='ocrx_word' id='word_1_52' title='bbox 131 888 230 936; x_wconf 85' lang='lat' dir='ltr'><strong>caetero</strong></span> <span class='ocrx_word' id='word_1_53' title='bbox 244 878 363 950; x_wconf 78' lang='lat' dir='ltr'><strong>elogium</strong></span> <span class='ocrx_word' id='word_1_54' title='bbox 380 884 486 943; x_wconf 88' lang='lat' dir='ltr'><strong>texens,</strong></span> <span class='ocrx_word' id='word_1_55' title='bbox 502 873 582 947; x_wconf 88' lang='lat' dir='ltr'><strong>cujus</strong></span> <span class='ocrx_word' id='word_1_56' title='bbox 596 875 730 948; x_wconf 87' lang='lat' dir='ltr'><strong>potiorem</strong></span> <span class='ocrx_word' id='word_1_57' title='bbox 754 882 859 948; x_wconf 91' lang='lat' dir='ltr'><strong>partem</strong></span> <span class='ocrx_word' id='word_1_58' title='bbox 874 891 929 930; x_wconf 87' lang='lat' dir='ltr'><strong>ex-</strong></span> 
     </span>
     <span class='ocr_line' id='line_1_12' title="bbox 131 947 927 1020; baseline -0.005 -13"><span class='ocrx_word' id='word_1_59' title='bbox 131 951 218 1008; x_wconf 83' lang='lat' dir='ltr'><strong>traxit</strong></span> <span class='ocrx_word' id='word_1_60' title='bbox 233 949 381 1014; x_wconf 90' lang='lat' dir='ltr'><strong>Usuardus,</strong></span> <span class='ocrx_word' id='word_1_61' title='bbox 398 956 481 1020; x_wconf 91' lang='lat' dir='ltr'><strong>prout</strong></span> <span class='ocrx_word' id='word_1_62' title='bbox 501 947 531 1002; x_wconf 89' lang='lat' dir='ltr'><strong>iu</strong></span> <span class='ocrx_word' id='word_1_63' title='bbox 544 954 624 1003; x_wconf 88' lang='lat' dir='ltr'><strong>textu</strong></span> <span class='ocrx_word' id='word_1_64' title='bbox 639 957 733 1003; x_wconf 87' lang='lat' dir='ltr'><strong>nostro</strong></span> <span class='ocrx_word' id='word_1_65' title='bbox 753 947 927 1020; x_wconf 79' lang='lat' dir='ltr'><strong>producitur.</strong></span> 
     </span>
     <span class='ocr_line' id='line_1_13' title="bbox 131 1019 928 1093; baseline -0.008 -14"><span class='ocrx_word' id='word_1_66' title='bbox 131 1022 213 1093; x_wconf 82' lang='lat' dir='ltr'><strong>Apud</strong></span> <span class='ocrx_word' id='word_1_67' title='bbox 231 1022 301 1077; x_wconf 91' lang='lat' dir='ltr'><strong>alius</strong></span> <span class='ocrx_word' id='word_1_68' title='bbox 319 1020 602 1090; x_wconf 78' lang='lat' dir='ltr'><strong>Martyrologusnulla</strong></span> <span class='ocrx_word' id='word_1_69' title='bbox 616 1019 649 1073; x_wconf 92' lang='lat' dir='ltr'><strong>de</strong></span> <span class='ocrx_word' id='word_1_70' title='bbox 658 1019 701 1074; x_wconf 90' lang='lat' dir='ltr'><strong>his</strong></span> <span class='ocrx_word' id='word_1_71' title='bbox 715 1019 817 1073; x_wconf 88' lang='lat' dir='ltr'><strong>sanctis</strong></span> <span class='ocrx_word' id='word_1_72' title='bbox 828 1035 928 1073; x_wconf 90' lang='lat' dir='ltr'><strong>memo·</strong></span> 
     </span>
     <span class='ocr_line' id='line_1_14' title="bbox 132 1089 928 1162; baseline -0.008 -12"><span class='ocrx_word' id='word_1_73' title='bbox 132 1095 182 1150; x_wconf 89' lang='lat' dir='ltr'><strong>ria.</strong></span> <span class='ocrx_word' id='word_1_74' title='bbox 199 1092 289 1148; x_wconf 87' lang='lat' dir='ltr'><strong>Adoni</strong></span> <span class='ocrx_word' id='word_1_75' title='bbox 336 1093 505 1146; x_wconf 77' lang='lat' dir='ltr'><strong>reluxerunt</strong></span> <span class='ocrx_word' id='word_1_76' title='bbox 533 1094 612 1158; x_wconf 83' lang='lat' dir='ltr'><strong>Acta,</strong></span> <span class='ocrx_word' id='word_1_77' title='bbox 628 1090 750 1162; x_wconf 89' lang='lat' dir='ltr'><strong>qualiaa</strong></span> <span class='ocrx_word' id='word_1_78' title='bbox 769 1089 928 1146; x_wconf 85' lang='lat' dir='ltr'><strong>blornbritlo</strong></span> 
     </span>
     <span class='ocr_line' id='line_1_15' title="bbox 132 1109 928 1241; baseline -0.006 -21"><span class='ocrx_word' id='word_1_79' title='bbox 132 1164 207 1220; x_wconf 88' lang='lat' dir='ltr'><strong>edita</strong></span> <span class='ocrx_word' id='word_1_80' title='bbox 220 1170 295 1229; x_wconf 90' lang='lat' dir='ltr'><strong>sunt,</strong></span> <span class='ocrx_word' id='word_1_81' title='bbox 311 1109 435 1230; x_wconf 71' lang='lat' dir='ltr'><strong>daronii,</strong></span> <span class='ocrx_word' id='word_1_82' title='bbox 451 1162 506 1216; x_wconf 91' lang='lat' dir='ltr'><strong>imo</strong></span> <span class='ocrx_word' id='word_1_83' title='bbox 521 1161 670 1233; x_wconf 86' lang='lat' dir='ltr'><strong>cujuslibet</strong></span> <span class='ocrx_word' id='word_1_84' title='bbox 684 1178 739 1217; x_wconf 91' lang='lat' dir='ltr'><strong>nou</strong></span> <span class='ocrx_word' id='word_1_85' title='bbox 751 1162 830 1234; x_wconf 87' lang='lat' dir='ltr'><strong>plane</strong></span> <span class='ocrx_word' id='word_1_86' title='bbox 841 1162 928 1241; x_wconf 30' lang='lat' dir='ltr'><strong>&#39;irnpe-</strong></span> 
     </span>
     <span class='ocr_line' id='line_1_16' title="bbox 132 1232 929 1306; baseline -0.008 -13"><span class='ocrx_word' id='word_1_87' title='bbox 132 1236 190 1303; x_wconf 87' lang='lat' dir='ltr'><strong>riti,</strong></span> <span class='ocrx_word' id='word_1_88' title='bbox 199 1234 305 1306; x_wconf 87' lang='lat' dir='ltr'><strong>jndicio</strong></span> <span class='ocrx_word' id='word_1_89' title='bbox 319 1234 463 1289; x_wconf 82' lang='lat' dir='ltr'><strong>admodum</strong></span> <span class='ocrx_word' id='word_1_90' title='bbox 472 1233 628 1304; x_wconf 85' lang='lat' dir='ltr'><strong>depravato,</strong></span> <span class='ocrx_word' id='word_1_91' title='bbox 638 1233 706 1288; x_wconf 89' lang='lat' dir='ltr'><strong>adeo</strong></span> <span class='ocrx_word' id='word_1_92' title='bbox 714 1241 744 1288; x_wconf 92' lang='lat' dir='ltr'><strong>ut</strong></span> <span class='ocrx_word' id='word_1_93' title='bbox 753 1249 808 1288; x_wconf 93' lang='lat' dir='ltr'><strong>nou</strong></span> <span class='ocrx_word' id='word_1_94' title='bbox 820 1232 929 1288; x_wconf 79' lang='lat' dir='ltr'><strong>rideam</strong></span> 
     </span>
     <span class='ocr_line' id='line_1_17' title="bbox 132 1303 930 1374; baseline -0.006 -11"><span class='ocrx_word' id='word_1_95' title='bbox 132 1306 241 1363; x_wconf 88' lang='lat' dir='ltr'><strong>mendis</strong></span> <span class='ocrx_word' id='word_1_96' title='bbox 268 1304 399 1361; x_wconf 83' lang='lat' dir='ltr'><strong>orhnibus</strong></span> <span class='ocrx_word' id='word_1_97' title='bbox 423 1305 504 1360; x_wconf 84' lang='lat' dir='ltr'><strong>facile</strong></span> <span class='ocrx_word' id='word_1_98' title='bbox 524 1321 612 1374; x_wconf 90' lang='lat' dir='ltr'><strong>expur</strong></span> <span class='ocrx_word' id='word_1_99' title='bbox 630 1304 670 1359; x_wconf 93' lang='lat' dir='ltr'><strong>ari</strong></span> <span class='ocrx_word' id='word_1_100' title='bbox 713 1305 825 1360; x_wconf 87' lang='lat' dir='ltr'><strong>otuisse.</strong></span> <span class='ocrx_word' id='word_1_101' title='bbox 842 1307 886 1359; x_wconf 78' lang='lat' dir='ltr'><strong>Au</strong></span> <span class='ocrx_word' id='word_1_102' title='bbox 901 1303 930 1358; x_wconf 94' lang='lat' dir='ltr'><strong>id</strong></span> 
     </span>
     <span class='ocr_line' id='line_1_18' title="bbox 152 1321 932 1447; baseline -0.008 -12"><span class='ocrx_word' id='word_1_103' title='bbox 152 1377 291 1435; x_wconf 74' lang='lat' dir='ltr'><strong>restiterit</strong></span> <span class='ocrx_word' id='word_1_104' title='bbox 321 1377 439 1432; x_wconf 83' lang='lat' dir='ltr'><strong>ioannes</strong></span> <span class='ocrx_word' id='word_1_105' title='bbox 465 1376 586 1447; x_wconf 78' lang='lat' dir='ltr'><strong>Baptista</strong></span> <span class='ocrx_word' id='word_1_106' title='bbox 613 1321 798 1432; x_wconf 52' lang='lat' dir='ltr'><strong>{resedissem</strong></span> <span class='ocrx_word' id='word_1_107' title='bbox 825 1373 932 1431; x_wconf 83' lang='lat' dir='ltr'><strong>ordinis</strong></span> 
     </span>
     <span class='ocr_line' id='line_1_19' title="bbox 132 1395 932 1518; baseline -0.009 -12"><span class='ocrx_word' id='word_1_108' title='bbox 132 1395 346 1506; x_wconf 74' lang='lat' dir='ltr'><strong>Vradicatorum</strong></span> <span class='ocrx_word' id='word_1_109' title='bbox 360 1447 388 1502; x_wconf 92' lang='lat' dir='ltr'><strong>in</strong></span> <span class='ocrx_word' id='word_1_110' title='bbox 406 1448 470 1503; x_wconf 90' lang='lat' dir='ltr'><strong>Vita</strong></span> <span class='ocrx_word' id='word_1_111' title='bbox 496 1462 511 1500; x_wconf 92' lang='lat' dir='ltr'><strong>a</strong></span> <span class='ocrx_word' id='word_1_112' title='bbox 539 1446 657 1502; x_wconf 87' lang='lat' dir='ltr'><strong>Earonio</strong></span> <span class='ocrx_word' id='word_1_113' title='bbox 672 1448 765 1516; x_wconf 89' lang='lat' dir='ltr'><strong>citata,</strong></span> <span class='ocrx_word' id='word_1_114' title='bbox 788 1448 932 1518; x_wconf 86' lang='lat' dir='ltr'><strong>explorare</strong></span> 
     </span>
     <span class='ocr_line' id='line_1_20' title="bbox 134 1517 933 1588; baseline -0.005 -11"><span class='ocrx_word' id='word_1_115' title='bbox 134 1537 190 1577; x_wconf 91' lang='lat' dir='ltr'><strong>non</strong></span> <span class='ocrx_word' id='word_1_116' title='bbox 206 1521 281 1588; x_wconf 83' lang='lat' dir='ltr'><strong>lieet,</strong></span> <span class='ocrx_word' id='word_1_117' title='bbox 295 1536 358 1576; x_wconf 91' lang='lat' dir='ltr'><strong>oum</strong></span> <span class='ocrx_word' id='word_1_118' title='bbox 370 1519 446 1574; x_wconf 90' lang='lat' dir='ltr'><strong>illam</strong></span> <span class='ocrx_word' id='word_1_119' title='bbox 462 1519 594 1574; x_wconf 90' lang='lat' dir='ltr'><strong>haetenus</strong></span> <span class='ocrx_word' id='word_1_120' title='bbox 612 1535 667 1573; x_wconf 92' lang='lat' dir='ltr'><strong>non</strong></span> <span class='ocrx_word' id='word_1_121' title='bbox 691 1518 821 1574; x_wconf 76' lang='lat' dir='ltr'><strong>uiderim.</strong></span> <span class='ocrx_word' id='word_1_122' title='bbox 836 1520 876 1574; x_wconf 86' lang='lat' dir='ltr'><strong>De</strong></span> <span class='ocrx_word' id='word_1_123' title='bbox 889 1517 933 1573; x_wconf 88' lang='lat' dir='ltr'><strong>his</strong></span> 
     </span>
     <span class='ocr_line' id='line_1_21' title="bbox 133 1589 933 1665; baseline -0.005 -18"><span class='ocrx_word' id='word_1_124' title='bbox 133 1591 287 1665; x_wconf 89' lang='lat' dir='ltr'><strong>horumque</strong></span> <span class='ocrx_word' id='word_1_125' title='bbox 302 1591 385 1646; x_wconf 89' lang='lat' dir='ltr'><strong>sociis</strong></span> <span class='ocrx_word' id='word_1_126' title='bbox 397 1589 517 1648; x_wconf 82' lang='lat' dir='ltr'><strong>Umbrim</strong></span> <span class='ocrx_word' id='word_1_127' title='bbox 531 1591 633 1646; x_wconf 89' lang='lat' dir='ltr'><strong>sanctis</strong></span> <span class='ocrx_word' id='word_1_128' title='bbox 641 1589 708 1645; x_wconf 90' lang='lat' dir='ltr'><strong>alibi</strong></span> <span class='ocrx_word' id='word_1_129' title='bbox 720 1607 783 1645; x_wconf 90' lang='lat' dir='ltr'><strong>oum</strong></span> <span class='ocrx_word' id='word_1_130' title='bbox 799 1589 933 1645; x_wconf 78' lang='lat' dir='ltr'><strong>bollando</strong></span> 
     </span>
     <span class='ocr_line' id='line_1_22' title="bbox 133 1660 933 1730; baseline -0.008 -10"><span class='ocrx_word' id='word_1_131' title='bbox 133 1664 220 1720; x_wconf 89' lang='lat' dir='ltr'><strong>locuti</strong></span> <span class='ocrx_word' id='word_1_132' title='bbox 235 1680 340 1730; x_wconf 89' lang='lat' dir='ltr'><strong>sumus,</strong></span> <span class='ocrx_word' id='word_1_133' title='bbox 357 1663 505 1719; x_wconf 88' lang='lat' dir='ltr'><strong>uonsemel</strong></span> <span class='ocrx_word' id='word_1_134' title='bbox 522 1661 804 1717; x_wconf 89' lang='lat' dir='ltr'><strong>leotorcsremisimus</strong></span> <span class='ocrx_word' id='word_1_135' title='bbox 822 1660 933 1716; x_wconf 82' lang='lat' dir='ltr'><strong>adtan-</strong></span> 
     </span>
     <span class='ocr_line' id='line_1_23' title="bbox 133 1731 933 1816; baseline -0.006 -25"><span class='ocrx_word' id='word_1_136' title='bbox 133 1734 211 1816; x_wconf 76' lang='lat' dir='ltr'><strong>ningi</strong></span> <span class='ocrx_word' id='word_1_137' title='bbox 227 1742 374 1791; x_wconf 88' lang='lat' dir='ltr'><strong>tractatum</strong></span> <span class='ocrx_word' id='word_1_138' title='bbox 390 1735 423 1789; x_wconf 91' lang='lat' dir='ltr'><strong>de</strong></span> <span class='ocrx_word' id='word_1_139' title='bbox 447 1732 590 1789; x_wconf 77' lang='lat' dir='ltr'><strong>[todecade</strong></span> <span class='ocrx_word' id='word_1_140' title='bbox 617 1741 776 1789; x_wconf 90' lang='lat' dir='ltr'><strong>sanctorum</strong></span> <span class='ocrx_word' id='word_1_141' title='bbox 801 1731 933 1800; x_wconf 81' lang='lat' dir='ltr'><strong>Umbria,</strong></span> 
     </span>
    </p>
   </div>
   <div class='ocr_carea' id='block_1_6' title="bbox 981 510 1787 1717">
    <p class='ocr_par' dir='ltr' id='par_1_6' title="bbox 981 510 1787 1717">
     <span class='ocr_line' id='line_1_24' title="bbox 981 510 1786 588; baseline -0.01 -13"><span class='ocrx_word' id='word_1_142' title='bbox 981 517 1108 575; x_wconf 84' lang='lat' dir='ltr'><strong>cimonem</strong></span> <span class='ocrx_word' id='word_1_143' title='bbox 1127 516 1273 588; x_wconf 82' lang='lat' dir='ltr'><strong>expressit,</strong></span> <span class='ocrx_word' id='word_1_144' title='bbox 1290 514 1336 570; x_wconf 89' lang='lat' dir='ltr'><strong>hie</strong></span> <span class='ocrx_word' id='word_1_145' title='bbox 1350 529 1432 570; x_wconf 80' lang='lat' dir='ltr'><strong>uero:</strong></span> <span class='ocrx_word' id='word_1_146' title='bbox 1450 511 1568 568; x_wconf 85' lang='lat' dir='ltr'><strong>Eulalia</strong></span> <span class='ocrx_word' id='word_1_147' title='bbox 1582 510 1698 582; x_wconf 71' lang='lat' dir='ltr'><strong>airoinis</strong></span> <span class='ocrx_word' id='word_1_148' title='bbox 1711 528 1786 567; x_wconf 90' lang='lat' dir='ltr'><strong>mar-</strong></span> 
     </span>
     <span class='ocr_line' id='line_1_25' title="bbox 981 581 1786 657; baseline -0.005 -14"><span class='ocrx_word' id='word_1_149' title='bbox 981 595 992 644; x_wconf 95' lang='lat' dir='ltr'><strong>t</strong></span> <span class='ocrx_word' id='word_1_150' title='bbox 1009 591 1059 657; x_wconf 87' lang='lat' dir='ltr'><strong>ris,</strong></span> <span class='ocrx_word' id='word_1_151' title='bbox 1075 595 1106 643; x_wconf 93' lang='lat' dir='ltr'><strong>ut</strong></span> <span class='ocrx_word' id='word_1_152' title='bbox 1120 595 1195 644; x_wconf 89' lang='lat' dir='ltr'><strong>certo</strong></span> <span class='ocrx_word' id='word_1_153' title='bbox 1208 587 1334 642; x_wconf 74' lang='lat' dir='ltr'><strong>diuersas</strong></span> <span class='ocrx_word' id='word_1_154' title='bbox 1346 599 1500 657; x_wconf 85' lang='lat' dir='ltr'><strong>supponere</strong></span> <span class='ocrx_word' id='word_1_155' title='bbox 1514 582 1657 639; x_wconf 82' lang='lat' dir='ltr'><strong>videatur.</strong></span> <span class='ocrx_word' id='word_1_156' title='bbox 1667 581 1714 639; x_wconf 89' lang='lat' dir='ltr'><strong>Sic</strong></span> <span class='ocrx_word' id='word_1_157' title='bbox 1723 583 1786 639; x_wconf 89' lang='lat' dir='ltr'><strong>item</strong></span> 
     </span>
     <span class='ocr_line' id='line_1_26' title="bbox 981 607 1787 785; baseline -0.007 -69"><span class='ocrx_word' id='word_1_158' title='bbox 981 607 1054 728; x_wconf 67' lang='lat' dir='ltr'><strong>duo,</strong></span> <span class='ocrx_word' id='word_1_159' title='bbox 1069 660 1179 715; x_wconf 85' lang='lat' dir='ltr'><strong>diuersa</strong></span> <span class='ocrx_word' id='word_1_160' title='bbox 1194 660 1305 785; x_wconf 53' lang='lat' dir='ltr'><strong>utrique</strong></span> <span class='ocrx_word' id='word_1_161' title='bbox 1319 657 1446 713; x_wconf 90' lang='lat' dir='ltr'><strong>tribuens</strong></span> <span class='ocrx_word' id='word_1_162' title='bbox 1457 655 1555 726; x_wconf 83' lang='lat' dir='ltr'><strong>elogia,</strong></span> <span class='ocrx_word' id='word_1_163' title='bbox 1570 653 1686 710; x_wconf 88' lang='lat' dir='ltr'><strong>tametsi</strong></span> <span class='ocrx_word' id='word_1_164' title='bbox 1713 670 1787 711; x_wconf 89' lang='lat' dir='ltr'><strong>non-</strong></span> 
     </span>
     <span class='ocr_line' id='line_1_27' title="bbox 982 727 1787 798; baseline -0.006 -10"><span class='ocrx_word' id='word_1_165' title='bbox 982 732 1058 788; x_wconf 89' lang='lat' dir='ltr'><strong>nulla</strong></span> <span class='ocrx_word' id='word_1_166' title='bbox 1071 729 1237 798; x_wconf 78' lang='lat' dir='ltr'><strong>contuderit,</strong></span> <span class='ocrx_word' id='word_1_167' title='bbox 1274 745 1319 784; x_wconf 91' lang='lat' dir='ltr'><strong>um</strong></span> <span class='ocrx_word' id='word_1_168' title='bbox 1339 727 1571 784; x_wconf 78' lang='lat' dir='ltr'><strong>Barcinonensem</strong></span> <span class='ocrx_word' id='word_1_169' title='bbox 1600 742 1636 782; x_wconf 83' lang='lat' dir='ltr'><strong>ex</strong></span> <span class='ocrx_word' id='word_1_170' title='bbox 1727 727 1787 783; x_wconf 88' lang='lat' dir='ltr'><strong>ioue</strong></span> 
     </span>
     <span class='ocr_line' id='line_1_28' title="bbox 982 796 1786 872; baseline -0.006 -13"><span class='ocrx_word' id='word_1_171' title='bbox 982 810 1083 859; x_wconf 81' lang='lat' dir='ltr'><strong>sanata</strong></span> <span class='ocrx_word' id='word_1_172' title='bbox 1097 801 1235 858; x_wconf 80' lang='lat' dir='ltr'><strong>Leucadia</strong></span> <span class='ocrx_word' id='word_1_173' title='bbox 1258 816 1286 856; x_wconf 91' lang='lat' dir='ltr'><strong>se</strong></span> <span class='ocrx_word' id='word_1_174' title='bbox 1302 799 1438 872; x_wconf 89' lang='lat' dir='ltr'><strong>accepisse</strong></span> <span class='ocrx_word' id='word_1_175' title='bbox 1452 806 1580 854; x_wconf 89' lang='lat' dir='ltr'><strong>testatur.</strong></span> <span class='ocrx_word' id='word_1_176' title='bbox 1596 796 1660 864; x_wconf 88' lang='lat' dir='ltr'><strong>Quo</strong></span> <span class='ocrx_word' id='word_1_177' title='bbox 1681 813 1786 870; x_wconf 88' lang='lat' dir='ltr'><strong>cunque</strong></span> 
     </span>
     <span class='ocr_line' id='line_1_29' title="bbox 981 869 1787 945; baseline -0.006 -14"><span class='ocrx_word' id='word_1_178' title='bbox 981 881 1077 931; x_wconf 87' lang='lat' dir='ltr'><strong>textus</strong></span> <span class='ocrx_word' id='word_1_179' title='bbox 1091 880 1183 929; x_wconf 91' lang='lat' dir='ltr'><strong>noster</strong></span> <span class='ocrx_word' id='word_1_180' title='bbox 1198 881 1314 945; x_wconf 89' lang='lat' dir='ltr'><strong>utroque</strong></span> <span class='ocrx_word' id='word_1_181' title='bbox 1328 872 1373 927; x_wconf 89' lang='lat' dir='ltr'><strong>die</strong></span> <span class='ocrx_word' id='word_1_182' title='bbox 1389 871 1482 938; x_wconf 82' lang='lat' dir='ltr'><strong>refert,</strong></span> <span class='ocrx_word' id='word_1_183' title='bbox 1499 869 1682 925; x_wconf 83' lang='lat' dir='ltr'><strong>Adonianum</strong></span> <span class='ocrx_word' id='word_1_184' title='bbox 1697 870 1787 927; x_wconf 71' lang='lat' dir='ltr'><strong>estut</strong></span> 
     </span>
     <span class='ocr_line' id='line_1_30' title="bbox 982 939 1786 1022; baseline -0.006 -20"><span class='ocrx_word' id='word_1_185' title='bbox 982 945 1099 1002; x_wconf 84' lang='lat' dir='ltr'><strong>necdum</strong></span> <span class='ocrx_word' id='word_1_186' title='bbox 1115 945 1271 1001; x_wconf 83' lang='lat' dir='ltr'><strong>sublataest</strong></span> <span class='ocrx_word' id='word_1_187' title='bbox 1285 942 1423 1009; x_wconf 87' lang='lat' dir='ltr'><strong>conlusio,</strong></span> <span class='ocrx_word' id='word_1_188' title='bbox 1436 941 1470 996; x_wconf 92' lang='lat' dir='ltr'><strong>de</strong></span> <span class='ocrx_word' id='word_1_189' title='bbox 1484 957 1539 1022; x_wconf 88' lang='lat' dir='ltr'><strong>qua</strong></span> <span class='ocrx_word' id='word_1_190' title='bbox 1550 958 1592 996; x_wconf 89' lang='lat' dir='ltr'><strong>xu</strong></span> <span class='ocrx_word' id='word_1_191' title='bbox 1603 939 1786 1022; x_wconf 64' lang='lat' dir='ltr'><strong>Febfuariiiu</strong></span> 
     </span>
     <span class='ocr_line' id='line_1_31' title="bbox 983 1011 1785 1089; baseline -0.006 -15"><span class='ocrx_word' id='word_1_192' title='bbox 983 1017 1061 1074; x_wconf 81' lang='lat' dir='ltr'><strong>Actis</strong></span> <span class='ocrx_word' id='word_1_193' title='bbox 1078 1018 1156 1089; x_wconf 86' lang='lat' dir='ltr'><strong>plura</strong></span> <span class='ocrx_word' id='word_1_194' title='bbox 1168 1015 1332 1072; x_wconf 81' lang='lat' dir='ltr'><strong>memorauit</strong></span> <span class='ocrx_word' id='word_1_195' title='bbox 1351 1013 1553 1079; x_wconf 86' lang='lat' dir='ltr'><strong>Heuschemus,</strong></span> <span class='ocrx_word' id='word_1_196' title='bbox 1572 1011 1626 1068; x_wconf 90' lang='lat' dir='ltr'><strong>hoc</strong></span> <span class='ocrx_word' id='word_1_197' title='bbox 1641 1012 1688 1069; x_wconf 87' lang='lat' dir='ltr'><strong>dre</strong></span> <span class='ocrx_word' id='word_1_198' title='bbox 1704 1013 1785 1069; x_wconf 81' lang='lat' dir='ltr'><strong>ineo</strong></span> 
     </span>
     <span class='ocr_line' id='line_1_32' title="bbox 983 1082 1786 1159; baseline -0.005 -15"><span class='ocrx_word' id='word_1_199' title='bbox 983 1089 1045 1145; x_wconf 90' lang='lat' dir='ltr'><strong>dem</strong></span> <span class='ocrx_word' id='word_1_200' title='bbox 1061 1105 1141 1159; x_wconf 90' lang='lat' dir='ltr'><strong>opere</strong></span> <span class='ocrx_word' id='word_1_201' title='bbox 1157 1087 1248 1143; x_wconf 88' lang='lat' dir='ltr'><strong>denuo</strong></span> <span class='ocrx_word' id='word_1_202' title='bbox 1262 1086 1446 1142; x_wconf 89' lang='lat' dir='ltr'><strong>examinanda</strong></span> <span class='ocrx_word' id='word_1_203' title='bbox 1466 1091 1493 1140; x_wconf 92' lang='lat' dir='ltr'><strong>et</strong></span> <span class='ocrx_word' id='word_1_204' title='bbox 1509 1082 1688 1140; x_wconf 74' lang='lat' dir='ltr'><strong>illustranda.</strong></span> <span class='ocrx_word' id='word_1_205' title='bbox 1706 1083 1786 1140; x_wconf 86' lang='lat' dir='ltr'><strong>Unica</strong></span> 
     </span>
     <span class='ocr_line' id='line_1_33' title="bbox 984 1155 1783 1230; baseline -0.006 -14"><span class='ocrx_word' id='word_1_206' title='bbox 984 1160 1104 1226; x_wconf 77' lang='lat' dir='ltr'><strong>Eulalia,</strong></span> <span class='ocrx_word' id='word_1_207' title='bbox 1115 1176 1148 1212; x_wconf 91' lang='lat' dir='ltr'><strong>an</strong></span> <span class='ocrx_word' id='word_1_208' title='bbox 1166 1159 1281 1230; x_wconf 79' lang='lat' dir='ltr'><strong>geminae</strong></span> <span class='ocrx_word' id='word_1_209' title='bbox 1297 1158 1411 1226; x_wconf 92' lang='lat' dir='ltr'><strong>luerint,</strong></span> <span class='ocrx_word' id='word_1_210' title='bbox 1426 1155 1604 1229; x_wconf 90' lang='lat' dir='ltr'><strong>potissimum</strong></span> <span class='ocrx_word' id='word_1_211' title='bbox 1629 1164 1783 1213; x_wconf 77' lang='lat' dir='ltr'><strong>coutrover·</strong></span> 
     </span>
     <span class='ocr_line' id='line_1_34' title="bbox 984 1227 1784 1302; baseline -0.006 -14"><span class='ocrx_word' id='word_1_212' title='bbox 984 1227 1675 1299; x_wconf 75' lang='lat' dir='ltr'><strong>titur.QuiEulaliarnllnrciuonenamur,Emeritar</strong></span> <span class='ocrx_word' id='word_1_213' title='bbox 1683 1244 1784 1302; x_wconf 87' lang='lat' dir='ltr'><strong>passam</strong></span> 
     </span>
     <span class='ocr_line' id='line_1_35' title="bbox 984 1299 1784 1374; baseline -0.006 -14"><span class='ocrx_word' id='word_1_214' title='bbox 984 1305 1095 1369; x_wconf 88' lang='lat' dir='ltr'><strong>volunt,</strong></span> <span class='ocrx_word' id='word_1_215' title='bbox 1112 1302 1155 1355; x_wconf 87' lang='lat' dir='ltr'><strong>vel</strong></span> <span class='ocrx_word' id='word_1_216' title='bbox 1170 1301 1217 1374; x_wconf 91' lang='lat' dir='ltr'><strong>qui</strong></span> <span class='ocrx_word' id='word_1_217' title='bbox 1233 1301 1362 1357; x_wconf 73' lang='lat' dir='ltr'><strong>Emeritos</strong></span> <span class='ocrx_word' id='word_1_218' title='bbox 1378 1307 1468 1356; x_wconf 91' lang='lat' dir='ltr'><strong>natam</strong></span> <span class='ocrx_word' id='word_1_219' title='bbox 1485 1309 1513 1355; x_wconf 87' lang='lat' dir='ltr'><strong>et</strong></span> <span class='ocrx_word' id='word_1_220' title='bbox 1527 1315 1636 1371; x_wconf 91' lang='lat' dir='ltr'><strong>passam</strong></span> <span class='ocrx_word' id='word_1_221' title='bbox 1652 1299 1784 1356; x_wconf 84' lang='lat' dir='ltr'><strong>Barcino-</strong></span> 
     </span>
     <span class='ocr_line' id='line_1_36' title="bbox 985 1369 1783 1440; baseline -0.006 -9"><span class='ocrx_word' id='word_1_222' title='bbox 985 1392 1048 1431; x_wconf 89' lang='lat' dir='ltr'><strong>uem</strong></span> <span class='ocrx_word' id='word_1_223' title='bbox 1061 1373 1179 1429; x_wconf 86' lang='lat' dir='ltr'><strong>subinde</strong></span> <span class='ocrx_word' id='word_1_224' title='bbox 1195 1373 1375 1440; x_wconf 86' lang='lat' dir='ltr'><strong>transierunt,</strong></span> <span class='ocrx_word' id='word_1_225' title='bbox 1384 1371 1452 1427; x_wconf 92' lang='lat' dir='ltr'><strong>dum</strong></span> <span class='ocrx_word' id='word_1_226' title='bbox 1463 1373 1597 1427; x_wconf 81' lang='lat' dir='ltr'><strong>Actorum</strong></span> <span class='ocrx_word' id='word_1_227' title='bbox 1612 1369 1783 1428; x_wconf 84' lang='lat' dir='ltr'><strong>difficultates</strong></span> 
     </span>
     <span class='ocr_line' id='line_1_37' title="bbox 986 1442 1782 1513; baseline -0.006 -11"><span class='ocrx_word' id='word_1_228' title='bbox 986 1448 1104 1513; x_wconf 77' lang='lat' dir='ltr'><strong>evitant,</strong></span> <span class='ocrx_word' id='word_1_229' title='bbox 1120 1445 1148 1500; x_wconf 93' lang='lat' dir='ltr'><strong>in</strong></span> <span class='ocrx_word' id='word_1_230' title='bbox 1163 1445 1231 1500; x_wconf 90' lang='lat' dir='ltr'><strong>alias</strong></span> <span class='ocrx_word' id='word_1_231' title='bbox 1242 1443 1380 1501; x_wconf 83' lang='lat' dir='ltr'><strong>labuntur.</strong></span> <span class='ocrx_word' id='word_1_232' title='bbox 1398 1443 1477 1502; x_wconf 85' lang='lat' dir='ltr'><strong>Certe</strong></span> <span class='ocrx_word' id='word_1_233' title='bbox 1488 1460 1522 1497; x_wconf 93' lang='lat' dir='ltr'><strong>ex</strong></span> <span class='ocrx_word' id='word_1_234' title='bbox 1536 1442 1633 1500; x_wconf 91' lang='lat' dir='ltr'><strong>citatis</strong></span> <span class='ocrx_word' id='word_1_235' title='bbox 1647 1459 1662 1497; x_wconf 89' lang='lat' dir='ltr'><strong>a</strong></span> <span class='ocrx_word' id='word_1_236' title='bbox 1674 1443 1782 1500; x_wconf 83' lang='lat' dir='ltr'><strong>Euinar-</strong></span> 
     </span>
     <span class='ocr_line' id='line_1_38' title="bbox 986 1513 1784 1581; baseline -0.006 -8"><span class='ocrx_word' id='word_1_237' title='bbox 986 1518 1026 1573; x_wconf 92' lang='lat' dir='ltr'><strong>tio</strong></span> <span class='ocrx_word' id='word_1_238' title='bbox 1041 1515 1319 1573; x_wconf 85' lang='lat' dir='ltr'><strong>Sacrarneutariorum</strong></span> <span class='ocrx_word' id='word_1_239' title='bbox 1335 1522 1383 1569; x_wconf 91' lang='lat' dir='ltr'><strong>aut</strong></span> <span class='ocrx_word' id='word_1_240' title='bbox 1396 1514 1545 1570; x_wconf 81' lang='lat' dir='ltr'><strong>Vlissaliurn</strong></span> <span class='ocrx_word' id='word_1_241' title='bbox 1562 1513 1784 1581; x_wconf 70' lang='lat' dir='ltr'><strong>documentishi·</strong></span> 
     </span>
     <span class='ocr_line' id='line_1_39' title="bbox 987 1586 1784 1659; baseline -0.006 -14"><span class='ocrx_word' id='word_1_242' title='bbox 987 1606 1037 1645; x_wconf 90' lang='lat' dir='ltr'><strong>nas</strong></span> <span class='ocrx_word' id='word_1_243' title='bbox 1055 1591 1139 1644; x_wconf 90' lang='lat' dir='ltr'><strong>luisse</strong></span> <span class='ocrx_word' id='word_1_244' title='bbox 1153 1587 1292 1642; x_wconf 86' lang='lat' dir='ltr'><strong>suadetur.</strong></span> <span class='ocrx_word' id='word_1_245' title='bbox 1314 1586 1456 1659; x_wconf 88' lang='lat' dir='ltr'><strong>Quidquid</strong></span> <span class='ocrx_word' id='word_1_246' title='bbox 1471 1586 1555 1641; x_wconf 91' lang='lat' dir='ltr'><strong>unius</strong></span> <span class='ocrx_word' id='word_1_247' title='bbox 1575 1587 1649 1641; x_wconf 81' lang='lat' dir='ltr'><strong>Acta</strong></span> <span class='ocrx_word' id='word_1_248' title='bbox 1677 1586 1784 1640; x_wconf 70' lang='lat' dir='ltr'><strong>fortem</strong></span> 
     </span>
     <span class='ocr_line' id='line_1_40' title="bbox 987 1655 1785 1717; baseline -0.004 -1"><span class='ocrx_word' id='word_1_249' title='bbox 987 1661 1067 1717; x_wconf 89' lang='lat' dir='ltr'><strong>alteri</strong></span> <span class='ocrx_word' id='word_1_250' title='bbox 1083 1659 1217 1716; x_wconf 88' lang='lat' dir='ltr'><strong>attributa</strong></span> <span class='ocrx_word' id='word_1_251' title='bbox 1230 1658 1345 1714; x_wconf 90' lang='lat' dir='ltr'><strong>luerint.</strong></span> <span class='ocrx_word' id='word_1_252' title='bbox 1359 1659 1504 1713; x_wconf 88' lang='lat' dir='ltr'><strong>Fateamur</strong></span> <span class='ocrx_word' id='word_1_253' title='bbox 1520 1673 1585 1713; x_wconf 88' lang='lat' dir='ltr'><strong>eum</strong></span> <span class='ocrx_word' id='word_1_254' title='bbox 1599 1655 1712 1713; x_wconf 86' lang='lat' dir='ltr'><strong>laudato</strong></span> <span class='ocrx_word' id='word_1_255' title='bbox 1727 1658 1785 1713; x_wconf 88' lang='lat' dir='ltr'><strong>scri·</strong></span> 
     </span>
    </p>
   </div>
   <div class='ocr_carea' id='block_1_7' title="bbox 987 1736 1785 1805">
    <p class='ocr_par' dir='ltr' id='par_1_7' title="bbox 987 1736 1785 1805">
     <span class='ocr_line' id='line_1_41' title="bbox 987 1736 1785 1805; baseline -0.004 -18"><span class='ocrx_word' id='word_1_256' title='bbox 987 1741 1075 1805; x_wconf 90' lang='lat' dir='ltr'><strong>pture,</strong></span> <span class='ocrx_word' id='word_1_257' title='bbox 1091 1750 1124 1787; x_wconf 82' lang='lat' dir='ltr'><strong>es</strong></span> <span class='ocrx_word' id='word_1_258' title='bbox 1149 1739 1244 1787; x_wconf 82' lang='lat' dir='ltr'><strong>neutra</strong></span> <span class='ocrx_word' id='word_1_259' title='bbox 1267 1737 1344 1800; x_wconf 87' lang='lat' dir='ltr'><strong>porte</strong></span> <span class='ocrx_word' id='word_1_260' title='bbox 1367 1737 1438 1785; x_wconf 88' lang='lat' dir='ltr'><strong>certa</strong></span> <span class='ocrx_word' id='word_1_261' title='bbox 1458 1745 1599 1784; x_wconf 82' lang='lat' dir='ltr'><strong>occurrere</strong></span> <span class='ocrx_word' id='word_1_262' title='bbox 1621 1736 1785 1800; x_wconf 79' lang='lat' dir='ltr'><strong>arqnmanlo,</strong></span> 
     </span>
    </p>
   </div>
   <div class='ocr_carea' id='block_1_8' title="bbox 133 1800 1784 1948">
    <p class='ocr_par' dir='ltr' id='par_1_8' title="bbox 133 1800 1784 1948">
     <span class='ocr_line' id='line_1_42' title="bbox 133 1800 1784 1880; baseline -0.004 -17"><span class='ocrx_word' id='word_1_263' title='bbox 133 1823 179 1863; x_wconf 88' lang='lat' dir='ltr'><strong>cur</strong></span> <span class='ocrx_word' id='word_1_264' title='bbox 194 1815 366 1878; x_wconf 86' lang='lat' dir='ltr'><strong>opportunus</strong></span> <span class='ocrx_word' id='word_1_265' title='bbox 382 1806 458 1860; x_wconf 89' lang='lat' dir='ltr'><strong>locus</strong></span> <span class='ocrx_word' id='word_1_266' title='bbox 474 1805 533 1859; x_wconf 90' lang='lat' dir='ltr'><strong>dari</strong></span> <span class='ocrx_word' id='word_1_267' title='bbox 549 1806 651 1877; x_wconf 90' lang='lat' dir='ltr'><strong>poterit</strong></span> <span class='ocrx_word' id='word_1_268' title='bbox 667 1821 696 1860; x_wconf 89' lang='lat' dir='ltr'><strong>rx</strong></span> <span class='ocrx_word' id='word_1_269' title='bbox 715 1804 793 1872; x_wconf 83' lang='lat' dir='ltr'><strong>tulii,</strong></span> <span class='ocrx_word' id='word_1_270' title='bbox 821 1821 884 1860; x_wconf 91' lang='lat' dir='ltr'><strong>cum</strong></span> <span class='ocrx_word' id='word_1_271' title='bbox 900 1803 970 1880; x_wconf 79' lang='lat' dir='ltr'><strong>deB</strong></span> <span class='ocrx_word' id='word_1_272' title='bbox 987 1822 1046 1876; x_wconf 84' lang='lat' dir='ltr'><strong>qum</strong></span> <span class='ocrx_word' id='word_1_273' title='bbox 1059 1805 1163 1875; x_wconf 84' lang='lat' dir='ltr'><strong>penitus</strong></span> <span class='ocrx_word' id='word_1_274' title='bbox 1178 1803 1302 1873; x_wconf 81' lang='lat' dir='ltr'><strong>confimro</strong></span> <span class='ocrx_word' id='word_1_275' title='bbox 1316 1803 1439 1856; x_wconf 58' lang='lat' dir='ltr'><strong>sannam:</strong></span> <span class='ocrx_word' id='word_1_276' title='bbox 1471 1818 1506 1856; x_wconf 91' lang='lat' dir='ltr'><strong>uo</strong></span> <span class='ocrx_word' id='word_1_277' title='bbox 1519 1800 1635 1857; x_wconf 87' lang='lat' dir='ltr'><strong>demum</strong></span> <span class='ocrx_word' id='word_1_278' title='bbox 1651 1801 1735 1857; x_wconf 89' lang='lat' dir='ltr'><strong>etiam</strong></span> <span class='ocrx_word' id='word_1_279' title='bbox 1748 1800 1784 1857; x_wconf 82' lang='lat' dir='ltr'><strong>de</strong></span> 
     </span>
     <span class='ocr_line' id='line_1_43' title="bbox 133 1870 1784 1948; baseline -0.004 -15"><span class='ocrx_word' id='word_1_280' title='bbox 133 1877 249 1946; x_wconf 87' lang='lat' dir='ltr'><strong>Brictio,</strong></span> <span class='ocrx_word' id='word_1_281' title='bbox 267 1894 300 1933; x_wconf 85' lang='lat' dir='ltr'><strong>ex</strong></span> <span class='ocrx_word' id='word_1_282' title='bbox 318 1875 464 1931; x_wconf 90' lang='lat' dir='ltr'><strong>duodecim</strong></span> <span class='ocrx_word' id='word_1_283' title='bbox 480 1892 547 1942; x_wconf 82' lang='lat' dir='ltr'><strong>uiro,</strong></span> <span class='ocrx_word' id='word_1_284' title='bbox 572 1876 708 1948; x_wconf 80' lang='lat' dir='ltr'><strong>agendum</strong></span> <span class='ocrx_word' id='word_1_285' title='bbox 722 1876 786 1931; x_wconf 91' lang='lat' dir='ltr'><strong>erit.</strong></span> <span class='ocrx_word' id='word_1_286' title='bbox 803 1876 934 1932; x_wconf 88' lang='lat' dir='ltr'><strong>Pluribus</strong></span> <span class='ocrx_word' id='word_1_287' title='bbox 987 1873 1340 1932; x_wconf 85' lang='lat' dir='ltr'><strong>llectitnotaTillemontii</strong></span> <span class='ocrx_word' id='word_1_288' title='bbox 1369 1881 1445 1929; x_wconf 91' lang='lat' dir='ltr'><strong>toruo</strong></span> <span class='ocrx_word' id='word_1_289' title='bbox 1489 1870 1657 1944; x_wconf 67' lang='lat' dir='ltr'><strong>,paplld</strong></span> <span class='ocrx_word' id='word_1_290' title='bbox 1678 1872 1784 1929; x_wconf 89' lang='lat' dir='ltr'><strong>Interim</strong></span> 
     </span>
    </p>
   </div>
   <div class='ocr_carea' id='block_1_9' title="bbox 133 1946 935 2290">
    <p class='ocr_par' dir='ltr' id='par_1_9' title="bbox 133 1946 935 2290">
     <span class='ocr_line' id='line_1_44' title="bbox 134 1946 934 2018; baseline -0.003 -14"><span class='ocrx_word' id='word_1_291' title='bbox 134 1947 181 2004; x_wconf 88' lang='lat' dir='ltr'><strong>hic</strong></span> <span class='ocrx_word' id='word_1_292' title='bbox 194 1947 337 2003; x_wconf 85' lang='lat' dir='ltr'><strong>immorari</strong></span> <span class='ocrx_word' id='word_1_293' title='bbox 354 1964 442 2018; x_wconf 78' lang='lat' dir='ltr'><strong>operas</strong></span> <span class='ocrx_word' id='word_1_294' title='bbox 459 1946 577 2016; x_wconf 90' lang='lat' dir='ltr'><strong>pretium</strong></span> <span class='ocrx_word' id='word_1_295' title='bbox 594 1963 650 2002; x_wconf 92' lang='lat' dir='ltr'><strong>non</strong></span> <span class='ocrx_word' id='word_1_296' title='bbox 676 1947 810 2013; x_wconf 91' lang='lat' dir='ltr'><strong>arbitror;</strong></span> <span class='ocrx_word' id='word_1_297' title='bbox 828 1946 934 2003; x_wconf 84' lang='lat' dir='ltr'><strong>citavi-</strong></span> 
     </span>
     <span class='ocr_line' id='line_1_45' title="bbox 134 2017 935 2088; baseline 0.002 -16"><span class='ocrx_word' id='word_1_298' title='bbox 134 2034 196 2073; x_wconf 86' lang='lat' dir='ltr'><strong>mus</strong></span> <span class='ocrx_word' id='word_1_299' title='bbox 210 2018 276 2073; x_wconf 88' lang='lat' dir='ltr'><strong>alibi</strong></span> <span class='ocrx_word' id='word_1_300' title='bbox 287 2017 496 2076; x_wconf 87' lang='lat' dir='ltr'><strong>Tillemontium</strong></span> <span class='ocrx_word' id='word_1_301' title='bbox 517 2024 593 2073; x_wconf 92' lang='lat' dir='ltr'><strong>tomo</strong></span> <span class='ocrx_word' id='word_1_302' title='bbox 610 2018 642 2085; x_wconf 97' lang='lat' dir='ltr'><strong>V,</strong></span> <span class='ocrx_word' id='word_1_303' title='bbox 667 2034 726 2088; x_wconf 83' lang='lat' dir='ltr'><strong>pag.</strong></span> <span class='ocrx_word' id='word_1_304' title='bbox 745 2018 804 2074; x_wconf 79' lang='lat'><strong>132.</strong></span> <span class='ocrx_word' id='word_1_305' title='bbox 821 2020 859 2074; x_wconf 83' lang='lat' dir='ltr'><strong>Ee</strong></span> <span class='ocrx_word' id='word_1_306' title='bbox 875 2019 935 2082; x_wconf 86' lang='lat' dir='ltr'><strong>loco</strong></span> 
     </span>
     <span class='ocr_line' id='line_1_46' title="bbox 133 2088 932 2146; baseline 0 0"><span class='ocrx_word' id='word_1_307' title='bbox 133 2097 225 2146; x_wconf 91' lang='lat' dir='ltr'><strong>actum</strong></span> <span class='ocrx_word' id='word_1_308' title='bbox 240 2100 281 2144; x_wconf 86' lang='lat' dir='ltr'><strong>est</strong></span> <span class='ocrx_word' id='word_1_309' title='bbox 294 2089 324 2143; x_wconf 91' lang='lat' dir='ltr'><strong>in</strong></span> <span class='ocrx_word' id='word_1_310' title='bbox 348 2088 544 2145; x_wconf 87' lang='lat' dir='ltr'><strong>Variantibus:</strong></span> <span class='ocrx_word' id='word_1_311' title='bbox 576 2090 744 2144; x_wconf 89' lang='lat' dir='ltr'><strong>collectanea</strong></span> <span class='ocrx_word' id='word_1_312' title='bbox 759 2098 852 2145; x_wconf 89' lang='lat' dir='ltr'><strong>nostra</strong></span> <span class='ocrx_word' id='word_1_313' title='bbox 867 2106 932 2146; x_wconf 91' lang='lat' dir='ltr'><strong>mss.</strong></span> 
     </span>
     <span class='ocr_line' id='line_1_47' title="bbox 134 2160 935 2234; baseline 0.001 -18"><span class='ocrx_word' id='word_1_314' title='bbox 134 2161 169 2216; x_wconf 93' lang='lat' dir='ltr'><strong>de</strong></span> <span class='ocrx_word' id='word_1_315' title='bbox 186 2168 344 2217; x_wconf 85' lang='lat' dir='ltr'><strong>sanctorum</strong></span> <span class='ocrx_word' id='word_1_316' title='bbox 361 2160 487 2232; x_wconf 88' lang='lat' dir='ltr'><strong>passione</strong></span> <span class='ocrx_word' id='word_1_317' title='bbox 508 2167 536 2214; x_wconf 88' lang='lat' dir='ltr'><strong>et</strong></span> <span class='ocrx_word' id='word_1_318' title='bbox 551 2160 731 2216; x_wconf 90' lang='lat' dir='ltr'><strong>translatione</strong></span> <span class='ocrx_word' id='word_1_319' title='bbox 745 2177 796 2217; x_wconf 87' lang='lat' dir='ltr'><strong>suo</strong></span> <span class='ocrx_word' id='word_1_320' title='bbox 811 2169 935 2234; x_wconf 90' lang='lat' dir='ltr'><strong>tempore</strong></span> 
     </span>
     <span class='ocr_line' id='line_1_48' title="bbox 134 2231 357 2290; baseline -0.013 -1"><span class='ocrx_word' id='word_1_321' title='bbox 134 2231 357 2290; x_wconf 88' lang='lat' dir='ltr'><strong>illustrabuntur.</strong></span> 
     </span>
    </p>
   </div>
   <div class='ocr_carea' id='block_1_10' title="bbox 131 2310 935 2956">
    <p class='ocr_par' dir='ltr' id='par_1_10' title="bbox 131 2310 935 2956">
     <span class='ocr_line' id='line_1_49' title="bbox 169 2310 935 2387; baseline 0.003 -19"><span class='ocrx_word' id='word_1_322' title='bbox 169 2315 245 2368; x_wconf 88' lang='lat' dir='ltr'><strong>luter</strong></span> <span class='ocrx_word' id='word_1_323' title='bbox 260 2313 394 2384; x_wconf 85' lang='lat' dir='ltr'><strong>llispanas</strong></span> <span class='ocrx_word' id='word_1_324' title='bbox 411 2310 533 2383; x_wconf 79' lang='lat' dir='ltr'><strong>virgines</strong></span> <span class='ocrx_word' id='word_1_325' title='bbox 548 2328 597 2384; x_wconf 90' lang='lat' dir='ltr'><strong>pro</strong></span> <span class='ocrx_word' id='word_1_326' title='bbox 612 2312 666 2369; x_wconf 88' lang='lat' dir='ltr'><strong>lide</strong></span> <span class='ocrx_word' id='word_1_327' title='bbox 675 2313 781 2371; x_wconf 90' lang='lat' dir='ltr'><strong>Christi</strong></span> <span class='ocrx_word' id='word_1_328' title='bbox 799 2314 935 2387; x_wconf 80' lang='lat' dir='ltr'><strong>martyrio</strong></span> 
     </span>
     <span class='ocr_line' id='line_1_50' title="bbox 131 2384 932 2454; baseline -0.001 -12"><span class='ocrx_word' id='word_1_329' title='bbox 131 2392 276 2442; x_wconf 88' lang='lat' dir='ltr'><strong>coronatas</strong></span> <span class='ocrx_word' id='word_1_330' title='bbox 292 2385 391 2439; x_wconf 87' lang='lat' dir='ltr'><strong>rnerito</strong></span> <span class='ocrx_word' id='word_1_331' title='bbox 411 2384 630 2440; x_wconf 84' lang='lat' dir='ltr'><strong>celebratissima</strong></span> <span class='ocrx_word' id='word_1_332' title='bbox 653 2394 782 2441; x_wconf 89' lang='lat' dir='ltr'><strong>censetur</strong></span> <span class='ocrx_word' id='word_1_333' title='bbox 807 2386 932 2454; x_wconf 76' lang='lat' dir='ltr'><strong>Eubulia,</strong></span> 
     </span>
     <span class='ocr_line' id='line_1_51' title="bbox 132 2455 932 2528; baseline 0 -16"><span class='ocrx_word' id='word_1_334' title='bbox 132 2472 189 2513; x_wconf 91' lang='lat' dir='ltr'><strong>non</strong></span> <span class='ocrx_word' id='word_1_335' title='bbox 201 2455 258 2528; x_wconf 88' lang='lat' dir='ltr'><strong>jam</strong></span> <span class='ocrx_word' id='word_1_336' title='bbox 273 2455 490 2521; x_wconf 82' lang='lat' dir='ltr'><strong>Barcinonensis,</strong></span> <span class='ocrx_word' id='word_1_337' title='bbox 502 2456 536 2510; x_wconf 90' lang='lat' dir='ltr'><strong>de</strong></span> <span class='ocrx_word' id='word_1_338' title='bbox 546 2457 713 2528; x_wconf 78' lang='lat' dir='ltr'><strong>quaeginms</strong></span> <span class='ocrx_word' id='word_1_339' title='bbox 724 2474 765 2513; x_wconf 82' lang='lat' dir='ltr'><strong>xm</strong></span> <span class='ocrx_word' id='word_1_340' title='bbox 778 2458 932 2523; x_wconf 86' lang='lat' dir='ltr'><strong>Februarii,</strong></span> 
     </span>
     <span class='ocr_line' id='line_1_52' title="bbox 132 2527 934 2599; baseline 0.002 -16"><span class='ocrx_word' id='word_1_341' title='bbox 132 2529 179 2584; x_wconf 87' lang='lat' dir='ltr'><strong>sed</strong></span> <span class='ocrx_word' id='word_1_342' title='bbox 194 2545 254 2599; x_wconf 82' lang='lat' dir='ltr'><strong>qure</strong></span> <span class='ocrx_word' id='word_1_343' title='bbox 271 2528 395 2583; x_wconf 76' lang='lat' dir='ltr'><strong>Emerita</strong></span> <span class='ocrx_word' id='word_1_344' title='bbox 412 2543 489 2598; x_wconf 89' lang='lat' dir='ltr'><strong>passa</strong></span> <span class='ocrx_word' id='word_1_345' title='bbox 503 2534 557 2593; x_wconf 89' lang='lat' dir='ltr'><strong>est;</strong></span> <span class='ocrx_word' id='word_1_346' title='bbox 573 2527 618 2583; x_wconf 91' lang='lat' dir='ltr'><strong>die</strong></span> <span class='ocrx_word' id='word_1_347' title='bbox 633 2529 808 2599; x_wconf 75' lang='lat' dir='ltr'><strong>precedenti,</strong></span> <span class='ocrx_word' id='word_1_348' title='bbox 825 2537 855 2584; x_wconf 94' lang='lat' dir='ltr'><strong>ut</strong></span> <span class='ocrx_word' id='word_1_349' title='bbox 865 2529 934 2585; x_wconf 88' lang='lat' dir='ltr'><strong>mihi</strong></span> 
     </span>
     <span class='ocr_line' id='line_1_53' title="bbox 132 2597 935 2672; baseline 0.004 -20"><span class='ocrx_word' id='word_1_350' title='bbox 132 2597 373 2672; x_wconf 84' lang='lat' dir='ltr'><strong>quidamvidetur,</strong></span> <span class='ocrx_word' id='word_1_351' title='bbox 390 2598 420 2653; x_wconf 90' lang='lat' dir='ltr'><strong>in</strong></span> <span class='ocrx_word' id='word_1_352' title='bbox 433 2598 573 2655; x_wconf 85' lang='lat' dir='ltr'><strong>Leocadire</strong></span> <span class='ocrx_word' id='word_1_353' title='bbox 594 2599 685 2670; x_wconf 78' lang='lat' dir='ltr'><strong>elogio</strong></span> <span class='ocrx_word' id='word_1_354' title='bbox 703 2602 848 2672; x_wconf 85' lang='lat' dir='ltr'><strong>appellata.</strong></span> <span class='ocrx_word' id='word_1_355' title='bbox 865 2602 935 2657; x_wconf 89' lang='lat' dir='ltr'><strong>Nota</strong></span> 
     </span>
     <span class='ocr_line' id='line_1_54' title="bbox 132 2669 932 2744; baseline 0.003 -19"><span class='ocrx_word' id='word_1_356' title='bbox 132 2676 174 2725; x_wconf 85' lang='lat' dir='ltr'><strong>est</strong></span> <span class='ocrx_word' id='word_1_357' title='bbox 187 2669 319 2724; x_wconf 89' lang='lat' dir='ltr'><strong>alterutra</strong></span> <span class='ocrx_word' id='word_1_358' title='bbox 334 2672 409 2741; x_wconf 84' lang='lat' dir='ltr'><strong>(nam</strong></span> <span class='ocrx_word' id='word_1_359' title='bbox 425 2669 493 2725; x_wconf 88' lang='lat' dir='ltr'><strong>duas</strong></span> <span class='ocrx_word' id='word_1_360' title='bbox 511 2686 569 2725; x_wconf 85' lang='lat' dir='ltr'><strong>esse</strong></span> <span class='ocrx_word' id='word_1_361' title='bbox 584 2671 719 2743; x_wconf 88' lang='lat' dir='ltr'><strong>tantisper</strong></span> <span class='ocrx_word' id='word_1_362' title='bbox 738 2673 932 2744; x_wconf 81' lang='lat' dir='ltr'><strong>supponimus)</strong></span> 
     </span>
     <span class='ocr_line' id='line_1_55' title="bbox 131 2739 932 2811; baseline 0.002 -15"><span class='ocrx_word' id='word_1_363' title='bbox 131 2739 163 2796; x_wconf 90' lang='lat' dir='ltr'><strong>iu</strong></span> <span class='ocrx_word' id='word_1_364' title='bbox 182 2740 349 2796; x_wconf 85' lang='lat' dir='ltr'><strong>Kalendario</strong></span> <span class='ocrx_word' id='word_1_365' title='bbox 373 2740 601 2811; x_wconf 78' lang='lat' dir='ltr'><strong>Carthaginensi:</strong></span> <span class='ocrx_word' id='word_1_366' title='bbox 628 2758 655 2798; x_wconf 91' lang='lat' dir='ltr'><strong>1v</strong></span> <span class='ocrx_word' id='word_1_367' title='bbox 683 2743 749 2799; x_wconf 85' lang='lat' dir='ltr'><strong>Idus</strong></span> <span class='ocrx_word' id='word_1_368' title='bbox 773 2744 932 2810; x_wconf 84' lang='lat' dir='ltr'><strong>Decernbrr&#39;s,</strong></span> 
     </span>
     <span class='ocr_line' id='line_1_56' title="bbox 131 2813 934 2886; baseline 0.005 -19"><span class='ocrx_word' id='word_1_369' title='bbox 131 2818 229 2867; x_wconf 81' lang='lat' dir='ltr'><strong>sanata</strong></span> <span class='ocrx_word' id='word_1_370' title='bbox 240 2813 366 2868; x_wconf 82' lang='lat' dir='ltr'><strong>Eulalia.</strong></span> <span class='ocrx_word' id='word_1_371' title='bbox 384 2813 466 2884; x_wconf 81' lang='lat' dir='ltr'><strong>Apud</strong></span> <span class='ocrx_word' id='word_1_372' title='bbox 481 2813 589 2868; x_wconf 90' lang='lat' dir='ltr'><strong>codices</strong></span> <span class='ocrx_word' id='word_1_373' title='bbox 600 2813 831 2886; x_wconf 77' lang='lat' dir='ltr'><strong>hieronymianas</strong></span> <span class='ocrx_word' id='word_1_374' title='bbox 846 2815 934 2871; x_wconf 86' lang='lat' dir='ltr'><strong>tribus</strong></span> 
     </span>
     <span class='ocr_line' id='line_1_57' title="bbox 131 2882 933 2956; baseline 0 -15"><span class='ocrx_word' id='word_1_375' title='bbox 131 2891 332 2956; x_wconf 82' lang='lat' dir='ltr'><strong>consequenter</strong></span> <span class='ocrx_word' id='word_1_376' title='bbox 346 2882 454 2950; x_wconf 87' lang='lat' dir='ltr'><strong>diebus,</strong></span> <span class='ocrx_word' id='word_1_377' title='bbox 475 2882 528 2938; x_wconf 91' lang='lat' dir='ltr'><strong>hoc</strong></span> <span class='ocrx_word' id='word_1_378' title='bbox 537 2899 646 2954; x_wconf 90' lang='lat' dir='ltr'><strong>nempe,</strong></span> <span class='ocrx_word' id='word_1_379' title='bbox 664 2901 694 2941; x_wconf 91' lang='lat' dir='ltr'><strong>xr</strong></span> <span class='ocrx_word' id='word_1_380' title='bbox 709 2893 736 2941; x_wconf 91' lang='lat' dir='ltr'><strong>et</strong></span> <span class='ocrx_word' id='word_1_381' title='bbox 757 2903 797 2941; x_wconf 86' lang='lat' dir='ltr'><strong>xrr</strong></span> <span class='ocrx_word' id='word_1_382' title='bbox 814 2888 933 2943; x_wconf 85' lang='lat' dir='ltr'><strong>Decem·-</strong></span> 
     </span>
    </p>
   </div>
   <div class='ocr_carea' id='block_1_11' title="bbox 131 2953 973 3028">
    <p class='ocr_par' dir='ltr' id='par_1_11' title="bbox 131 2953 973 3028">
     <span class='ocr_line' id='line_1_58' title="bbox 131 2953 973 3028; baseline 0.005 -18"><span class='ocrx_word' id='word_1_383' title='bbox 131 2953 190 3011; x_wconf 89' lang='lat' dir='ltr'><strong>hris</strong></span> <span class='ocrx_word' id='word_1_384' title='bbox 201 2955 318 3011; x_wconf 89' lang='lat' dir='ltr'><strong>recurrit</strong></span> <span class='ocrx_word' id='word_1_385' title='bbox 329 2954 447 3010; x_wconf 78' lang='lat' dir='ltr'><strong>Eulaliae</strong></span> <span class='ocrx_word' id='word_1_386' title='bbox 473 2956 718 3026; x_wconf 86' lang='lat' dir='ltr'><strong>uomen,primoet</strong></span> <span class='ocrx_word' id='word_1_387' title='bbox 732 2957 831 3012; x_wconf 88' lang='lat' dir='ltr'><strong>ultimo</strong></span> <span class='ocrx_word' id='word_1_388' title='bbox 848 2959 935 3013; x_wconf 84' lang='lat' dir='ltr'><strong>Alme·</strong></span> <span class='ocrx_word' id='word_1_389' title='bbox 951 2968 973 3028; x_wconf 70' lang='lat'><strong>(2</strong></span> 
     </span>
    </p>
   </div>
   <div class='ocr_carea' id='block_1_12' title="bbox 130 3025 935 3744">
    <p class='ocr_par' dir='ltr' id='par_1_12' title="bbox 130 3025 935 3722">
     <span class='ocr_line' id='line_1_59' title="bbox 131 3025 935 3101; baseline 0.002 -19"><span class='ocrx_word' id='word_1_390' title='bbox 131 3027 182 3082; x_wconf 85' lang='lat' dir='ltr'><strong>rior</strong></span> <span class='ocrx_word' id='word_1_391' title='bbox 196 3027 239 3081; x_wconf 82' lang='lat' dir='ltr'><strong>rel</strong></span> <span class='ocrx_word' id='word_1_392' title='bbox 257 3025 371 3094; x_wconf 83' lang='lat' dir='ltr'><strong>Almeri,</strong></span> <span class='ocrx_word' id='word_1_393' title='bbox 384 3025 578 3081; x_wconf 88' lang='lat' dir='ltr'><strong>medicantem</strong></span> <span class='ocrx_word' id='word_1_394' title='bbox 594 3028 691 3083; x_wconf 80' lang='lat' dir='ltr'><strong>Roma.</strong></span> <span class='ocrx_word' id='word_1_395' title='bbox 703 3029 797 3083; x_wconf 86' lang='lat' dir='ltr'><strong>Plures</strong></span> <span class='ocrx_word' id='word_1_396' title='bbox 814 3045 935 3101; x_wconf 86' lang='lat' dir='ltr'><strong>synony-</strong></span> 
     </span>
     <span class='ocr_line' id='line_1_60' title="bbox 132 3098 932 3170; baseline 0.006 -17"><span class='ocrx_word' id='word_1_397' title='bbox 132 3114 190 3153; x_wconf 90' lang='lat' dir='ltr'><strong>mas</strong></span> <span class='ocrx_word' id='word_1_398' title='bbox 204 3113 262 3154; x_wconf 89' lang='lat' dir='ltr'><strong>esse</strong></span> <span class='ocrx_word' id='word_1_399' title='bbox 273 3098 394 3170; x_wconf 90' lang='lat' dir='ltr'><strong>potuisse</strong></span> <span class='ocrx_word' id='word_1_400' title='bbox 405 3114 460 3154; x_wconf 91' lang='lat' dir='ltr'><strong>non</strong></span> <span class='ocrx_word' id='word_1_401' title='bbox 470 3098 626 3168; x_wconf 80' lang='lat' dir='ltr'><strong>negaverim</strong></span> <span class='ocrx_word' id='word_1_402' title='bbox 638 3107 679 3154; x_wconf 92' lang='lat' dir='ltr'><strong>:at</strong></span> <span class='ocrx_word' id='word_1_403' title='bbox 687 3099 740 3155; x_wconf 92' lang='lat' dir='ltr'><strong>nisi</strong></span> <span class='ocrx_word' id='word_1_404' title='bbox 754 3101 932 3158; x_wconf 85' lang='lat' dir='ltr'><strong>vehementer</strong></span> 
     </span>
     <span class='ocr_line' id='line_1_61' title="bbox 130 3169 932 3250; baseline 0.006 -25"><span class='ocrx_word' id='word_1_405' title='bbox 130 3169 223 3237; x_wconf 87' lang='lat' dir='ltr'><strong>iallor,</strong></span> <span class='ocrx_word' id='word_1_406' title='bbox 242 3171 363 3225; x_wconf 85' lang='lat' dir='ltr'><strong>Atmeria</strong></span> <span class='ocrx_word' id='word_1_407' title='bbox 371 3185 420 3250; x_wconf 89' lang='lat' dir='ltr'><strong>pro</strong></span> <span class='ocrx_word' id='word_1_408' title='bbox 436 3172 558 3226; x_wconf 78' lang='lat' dir='ltr'><strong>Emerita</strong></span> <span class='ocrx_word' id='word_1_409' title='bbox 568 3169 635 3227; x_wconf 90' lang='lat' dir='ltr'><strong>illuc</strong></span> <span class='ocrx_word' id='word_1_410' title='bbox 649 3171 773 3243; x_wconf 88' lang='lat' dir='ltr'><strong>irrepsit,</strong></span> <span class='ocrx_word' id='word_1_411' title='bbox 789 3173 932 3230; x_wconf 87' lang='lat' dir='ltr'><strong>nonnullis</strong></span> 
     </span>
     <span class='ocr_line' id='line_1_62' title="bbox 131 3241 932 3316; baseline 0.006 -20"><span class='ocrx_word' id='word_1_412' title='bbox 131 3241 274 3296; x_wconf 88' lang='lat' dir='ltr'><strong>codicibus</strong></span> <span class='ocrx_word' id='word_1_413' title='bbox 283 3243 436 3298; x_wconf 87' lang='lat' dir='ltr'><strong>Ercuntam</strong></span> <span class='ocrx_word' id='word_1_414' title='bbox 451 3241 552 3297; x_wconf 87' lang='lat' dir='ltr'><strong>diserte</strong></span> <span class='ocrx_word' id='word_1_415' title='bbox 567 3242 798 3313; x_wconf 71' lang='lat' dir='ltr'><strong>exprimentibus.</strong></span> <span class='ocrx_word' id='word_1_416' title='bbox 815 3246 854 3301; x_wconf 89' lang='lat' dir='ltr'><strong>De</strong></span> <span class='ocrx_word' id='word_1_417' title='bbox 868 3261 932 3316; x_wconf 88' lang='lat' dir='ltr'><strong>qua·</strong></span> 
     </span>
     <span class='ocr_line' id='line_1_63' title="bbox 131 3313 932 3439; baseline 0.005 -71"><span class='ocrx_word' id='word_1_418' title='bbox 131 3327 170 3379; x_wconf 88' lang='lat' dir='ltr'><strong>re,</strong></span> <span class='ocrx_word' id='word_1_419' title='bbox 187 3313 228 3367; x_wconf 92' lang='lat' dir='ltr'><strong>uti</strong></span> <span class='ocrx_word' id='word_1_420' title='bbox 241 3314 311 3369; x_wconf 90' lang='lat' dir='ltr'><strong>etde</strong></span> <span class='ocrx_word' id='word_1_421' title='bbox 324 3314 497 3439; x_wconf 57' lang='lat' dir='ltr'><strong>repetitione,</strong></span> <span class='ocrx_word' id='word_1_422' title='bbox 522 3313 648 3384; x_wconf 91' lang='lat' dir='ltr'><strong>pluribus</strong></span> <span class='ocrx_word' id='word_1_423' title='bbox 664 3315 774 3371; x_wconf 90' lang='lat' dir='ltr'><strong>disserit</strong></span> <span class='ocrx_word' id='word_1_424' title='bbox 789 3317 932 3372; x_wconf 85' lang='lat' dir='ltr'><strong>Florenti-</strong></span> 
     </span>
     <span class='ocr_line' id='line_1_64' title="bbox 131 3383 932 3443; baseline 0.007 -6"><span class='ocrx_word' id='word_1_425' title='bbox 131 3384 205 3439; x_wconf 92' lang='lat' dir='ltr'><strong>uius.</strong></span> <span class='ocrx_word' id='word_1_426' title='bbox 222 3383 331 3440; x_wconf 80' lang='lat' dir='ltr'><strong>Nullam</strong></span> <span class='ocrx_word' id='word_1_427' title='bbox 371 3387 484 3440; x_wconf 85' lang='lat' dir='ltr'><strong>ulaltam</strong></span> <span class='ocrx_word' id='word_1_428' title='bbox 499 3386 647 3440; x_wconf 83' lang='lat' dir='ltr'><strong>celebravit</strong></span> <span class='ocrx_word' id='word_1_429' title='bbox 666 3387 739 3442; x_wconf 86' lang='lat' dir='ltr'><strong>Eeda</strong></span> <span class='ocrx_word' id='word_1_430' title='bbox 753 3405 793 3443; x_wconf 91' lang='lat' dir='ltr'><strong>xrr</strong></span> <span class='ocrx_word' id='word_1_431' title='bbox 806 3389 932 3443; x_wconf 87' lang='lat' dir='ltr'><strong>Februa-</strong></span> 
     </span>
     <span class='ocr_line' id='line_1_65' title="bbox 130 3453 931 3520; baseline 0.006 -10"><span class='ocrx_word' id='word_1_432' title='bbox 130 3453 177 3520; x_wconf 88' lang='lat' dir='ltr'><strong>rii,</strong></span> <span class='ocrx_word' id='word_1_433' title='bbox 191 3455 264 3511; x_wconf 91' lang='lat' dir='ltr'><strong>uude</strong></span> <span class='ocrx_word' id='word_1_434' title='bbox 274 3456 309 3511; x_wconf 91' lang='lat' dir='ltr'><strong>ad</strong></span> <span class='ocrx_word' id='word_1_435' title='bbox 319 3456 394 3512; x_wconf 91' lang='lat' dir='ltr'><strong>hunc</strong></span> <span class='ocrx_word' id='word_1_436' title='bbox 408 3457 481 3512; x_wconf 90' lang='lat' dir='ltr'><strong>diem</strong></span> <span class='ocrx_word' id='word_1_437' title='bbox 496 3458 592 3514; x_wconf 88' lang='lat' dir='ltr'><strong>retulit</strong></span> <span class='ocrx_word' id='word_1_438' title='bbox 608 3458 859 3516; x_wconf 87' lang='lat' dir='ltr'><strong>Barcinoneusem:</strong></span> <span class='ocrx_word' id='word_1_439' title='bbox 876 3477 931 3515; x_wconf 88' lang='lat' dir='ltr'><strong>no-</strong></span> 
     </span>
     <span class='ocr_line' id='line_1_66' title="bbox 132 3527 932 3599; baseline 0.009 -18"><span class='ocrx_word' id='word_1_440' title='bbox 132 3527 291 3582; x_wconf 83' lang='lat' dir='ltr'><strong>totesonatm</strong></span> <span class='ocrx_word' id='word_1_441' title='bbox 318 3528 437 3581; x_wconf 75' lang='lat' dir='ltr'><strong>Eulaliae</strong></span> <span class='ocrx_word' id='word_1_442' title='bbox 462 3529 574 3598; x_wconf 82' lang='lat' dir='ltr'><strong>sirpinr&#39;s</strong></span> <span class='ocrx_word' id='word_1_443' title='bbox 593 3530 620 3582; x_wconf 87' lang='lat' dir='ltr'><strong>in</strong></span> <span class='ocrx_word' id='word_1_444' title='bbox 645 3530 881 3599; x_wconf 88' lang='lat' dir='ltr'><strong>Boroitonn,eto.,</strong></span> <span class='ocrx_word' id='word_1_445' title='bbox 903 3533 932 3588; x_wconf 90' lang='lat' dir='ltr'><strong>iu</strong></span> 
     </span>
     <span class='ocr_line' id='line_1_67' title="bbox 131 3600 932 3722; baseline 0.009 -71"><span class='ocrx_word' id='word_1_446' title='bbox 131 3610 186 3722; x_wconf 49' lang='lat' dir='ltr'><strong>{uo</strong></span> <span class='ocrx_word' id='word_1_447' title='bbox 212 3613 275 3651; x_wconf 91' lang='lat' dir='ltr'><strong>eum</strong></span> <span class='ocrx_word' id='word_1_448' title='bbox 304 3605 414 3651; x_wconf 88' lang='lat' dir='ltr'><strong>secutus</strong></span> <span class='ocrx_word' id='word_1_449' title='bbox 440 3606 482 3653; x_wconf 91' lang='lat' dir='ltr'><strong>est</strong></span> <span class='ocrx_word' id='word_1_450' title='bbox 513 3600 650 3665; x_wconf 79' lang='lat' dir='ltr'><strong>habands,</strong></span> <span class='ocrx_word' id='word_1_451' title='bbox 666 3601 706 3655; x_wconf 90' lang='lat' dir='ltr'><strong>sic</strong></span> <span class='ocrx_word' id='word_1_452' title='bbox 730 3610 821 3657; x_wconf 86' lang='lat' dir='ltr'><strong>tamen</strong></span> <span class='ocrx_word' id='word_1_453' title='bbox 841 3602 932 3659; x_wconf 90' lang='lat' dir='ltr'><strong>uthic</strong></span> 
     </span>
    </p>

    <p class='ocr_par' dir='ltr' id='par_1_13' title="bbox 158 3665 933 3744">
     <span class='ocr_line' id='line_1_68' title="bbox 158 3665 933 3744; baseline 0.009 -23"><span class='ocrx_word' id='word_1_454' title='bbox 158 3665 331 3722; x_wconf 90' lang='lat' dir='ltr'><strong>meritensem</strong></span> <span class='ocrx_word' id='word_1_455' title='bbox 343 3666 443 3722; x_wconf 78' lang='lat' dir='ltr'><strong>referat</strong></span> <span class='ocrx_word' id='word_1_456' title='bbox 458 3683 499 3723; x_wconf 88' lang='lat' dir='ltr'><strong>xrr</strong></span> <span class='ocrx_word' id='word_1_457' title='bbox 511 3669 679 3736; x_wconf 81' lang='lat' dir='ltr'><strong>Decembris.</strong></span> <span class='ocrx_word' id='word_1_458' title='bbox 696 3672 849 3726; x_wconf 87' lang='lat' dir='ltr'><strong>Romanum</strong></span> <span class='ocrx_word' id='word_1_459' title='bbox 865 3689 933 3744; x_wconf 90' lang='lat' dir='ltr'><strong>par-</strong></span> 
     </span>
    </p>
   </div>
   <div class='ocr_carea' id='block_1_13' title="bbox 987 1943 1789 2729">
    <p class='ocr_par' dir='ltr' id='par_1_14' title="bbox 987 1943 1789 2529">
     <span class='ocr_line' id='line_1_69' title="bbox 988 1943 1785 2016; baseline -0.005 -14"><span class='ocrx_word' id='word_1_460' title='bbox 988 1945 1169 2003; x_wconf 88' lang='lat' dir='ltr'><strong>Emeritensis</strong></span> <span class='ocrx_word' id='word_1_461' title='bbox 1190 1945 1431 2000; x_wconf 79' lang='lat' dir='ltr'><strong>hodieruaelaudes</strong></span> <span class='ocrx_word' id='word_1_462' title='bbox 1442 1943 1785 2016; x_wconf 78' lang='lat' dir='ltr'><strong>egregiececiuitPruden·</strong></span> 
     </span>
     <span class='ocr_line' id='line_1_70' title="bbox 987 2015 1785 2096; baseline -0.01 -18"><span class='ocrx_word' id='word_1_463' title='bbox 987 2020 1053 2088; x_wconf 90' lang='lat' dir='ltr'><strong>tius,</strong></span> <span class='ocrx_word' id='word_1_464' title='bbox 1062 2019 1147 2076; x_wconf 90' lang='lat' dir='ltr'><strong>citato</strong></span> <span class='ocrx_word' id='word_1_465' title='bbox 1158 2017 1257 2088; x_wconf 78' lang='lat' dir='ltr'><strong>sepius</strong></span> <span class='ocrx_word' id='word_1_466' title='bbox 1267 2017 1339 2072; x_wconf 90' lang='lat' dir='ltr'><strong>libro</strong></span> <span class='ocrx_word' id='word_1_467' title='bbox 1349 2026 1407 2094; x_wconf 79' lang='grc' dir='ltr'><strong>πιρὶ</strong></span> <span class='ocrx_word' id='word_1_468' title='bbox 1416 2025 1551 2096; x_wconf 65' lang='lat' dir='ltr'><strong>carpetana</strong></span> <span class='ocrx_word' id='word_1_469' title='bbox 1565 2015 1785 2089; x_wconf 66' lang='lat' dir='ltr'><strong>hymenaeum</strong></span> 
     </span>
     <span class='ocr_line' id='line_1_71' title="bbox 987 2096 1788 2168; baseline -0.006 -13"><span class='ocrx_word' id='word_1_470' title='bbox 987 2100 1052 2157; x_wconf 88' lang='lat' dir='ltr'><strong>vide</strong></span> <span class='ocrx_word' id='word_1_471' title='bbox 1071 2100 1146 2155; x_wconf 86' lang='lat' dir='ltr'><strong>notis</strong></span> <span class='ocrx_word' id='word_1_472' title='bbox 1156 2099 1326 2155; x_wconf 86' lang='lat' dir='ltr'><strong>illustratum</strong></span> <span class='ocrx_word' id='word_1_473' title='bbox 1341 2097 1414 2168; x_wconf 88' lang='lat' dir='ltr'><strong>apud</strong></span> <span class='ocrx_word' id='word_1_474' title='bbox 1430 2097 1572 2152; x_wconf 87' lang='lat' dir='ltr'><strong>laudatum</strong></span> <span class='ocrx_word' id='word_1_475' title='bbox 1584 2096 1788 2153; x_wconf 85' lang='lat' dir='ltr'><strong>Ruiuartiuma</strong></span> 
     </span>
     <span class='ocr_line' id='line_1_72' title="bbox 987 2167 1787 2244; baseline -0.008 -16"><span class='ocrx_word' id='word_1_476' title='bbox 987 2187 1050 2244; x_wconf 84' lang='lat' dir='ltr'><strong>pag.</strong></span> <span class='ocrx_word' id='word_1_477' title='bbox 1067 2171 1129 2229; x_wconf 70' lang='lat'><strong>497.</strong></span> <span class='ocrx_word' id='word_1_478' title='bbox 1146 2170 1225 2228; x_wconf 85' lang='lat' dir='ltr'><strong>Alios</strong></span> <span class='ocrx_word' id='word_1_479' title='bbox 1239 2170 1421 2227; x_wconf 84' lang='lat' dir='ltr'><strong>encorninstas</strong></span> <span class='ocrx_word' id='word_1_480' title='bbox 1431 2176 1576 2226; x_wconf 83' lang='lat' dir='ltr'><strong>enumerat</strong></span> <span class='ocrx_word' id='word_1_481' title='bbox 1591 2167 1706 2223; x_wconf 90' lang='lat' dir='ltr'><strong>Barouii</strong></span> <span class='ocrx_word' id='word_1_482' title='bbox 1720 2175 1787 2223; x_wconf 85' lang='lat' dir='ltr'><strong>uota·</strong></span> 
     </span>
     <span class='ocr_line' id='line_1_73' title="bbox 987 2239 1789 2314; baseline -0.004 -16"><span class='ocrx_word' id='word_1_483' title='bbox 987 2244 1038 2311; x_wconf 89' lang='lat' dir='ltr'><strong>tiu,</strong></span> <span class='ocrx_word' id='word_1_484' title='bbox 1048 2243 1147 2314; x_wconf 88' lang='lat' dir='ltr'><strong>quibus</strong></span> <span class='ocrx_word' id='word_1_485' title='bbox 1161 2241 1335 2298; x_wconf 89' lang='lat' dir='ltr'><strong>recensendis</strong></span> <span class='ocrx_word' id='word_1_486' title='bbox 1343 2241 1516 2313; x_wconf 90' lang='lat' dir='ltr'><strong>supersedeo.</strong></span> <span class='ocrx_word' id='word_1_487' title='bbox 1532 2240 1577 2295; x_wconf 90' lang='lat' dir='ltr'><strong>Ex</strong></span> <span class='ocrx_word' id='word_1_488' title='bbox 1590 2239 1651 2295; x_wconf 88' lang='lat' dir='ltr'><strong>illis</strong></span> <span class='ocrx_word' id='word_1_489' title='bbox 1665 2239 1789 2295; x_wconf 84' lang='lat' dir='ltr'><strong>omnibus</strong></span> 
     </span>
     <span class='ocr_line' id='line_1_74' title="bbox 987 2311 1788 2384; baseline -0.005 -14"><span class='ocrx_word' id='word_1_490' title='bbox 987 2315 1069 2370; x_wconf 89' lang='lat' dir='ltr'><strong>aliam</strong></span> <span class='ocrx_word' id='word_1_491' title='bbox 1085 2315 1157 2371; x_wconf 79' lang='lat' dir='ltr'><strong>Vita</strong></span> <span class='ocrx_word' id='word_1_492' title='bbox 1168 2315 1277 2381; x_wconf 90' lang='lat' dir='ltr'><strong>seriem,</strong></span> <span class='ocrx_word' id='word_1_493' title='bbox 1294 2315 1427 2384; x_wconf 79' lang='lat' dir='ltr'><strong>neglectis</strong></span> <span class='ocrx_word' id='word_1_494' title='bbox 1441 2313 1531 2379; x_wconf 82' lang='lat' dir='ltr'><strong>Actis,</strong></span> <span class='ocrx_word' id='word_1_495' title='bbox 1554 2328 1618 2384; x_wconf 79' lang='lat' dir='ltr'><strong>quas</strong></span> <span class='ocrx_word' id='word_1_496' title='bbox 1647 2311 1723 2382; x_wconf 92' lang='lat' dir='ltr'><strong>apud</strong></span> <span class='ocrx_word' id='word_1_497' title='bbox 1745 2327 1788 2366; x_wconf 89' lang='lat' dir='ltr'><strong>uos</strong></span> 
     </span>
     <span class='ocr_line' id='line_1_75' title="bbox 988 2382 1787 2456; baseline -0.004 -15"><span class='ocrx_word' id='word_1_498' title='bbox 988 2388 1075 2441; x_wconf 89' lang='lat' dir='ltr'><strong>multa</strong></span> <span class='ocrx_word' id='word_1_499' title='bbox 1089 2396 1165 2454; x_wconf 90' lang='lat' dir='ltr'><strong>sunt,</strong></span> <span class='ocrx_word' id='word_1_500' title='bbox 1181 2384 1298 2441; x_wconf 91' lang='lat' dir='ltr'><strong>deduxit</strong></span> <span class='ocrx_word' id='word_1_501' title='bbox 1314 2386 1443 2456; x_wconf 83' lang='lat' dir='ltr'><strong>praelatus</strong></span> <span class='ocrx_word' id='word_1_502' title='bbox 1457 2382 1657 2439; x_wconf 87' lang='lat' dir='ltr'><strong>Tillemontius</strong></span> <span class='ocrx_word' id='word_1_503' title='bbox 1669 2391 1745 2439; x_wconf 90' lang='lat' dir='ltr'><strong>tomo</strong></span> <span class='ocrx_word' id='word_1_504' title='bbox 1757 2382 1787 2450; x_wconf 89' lang='lat' dir='ltr'><strong>V,</strong></span> 
     </span>
     <span class='ocr_line' id='line_1_76' title="bbox 987 2455 1788 2529; baseline -0.006 -16"><span class='ocrx_word' id='word_1_505' title='bbox 987 2474 1075 2529; x_wconf 75' lang='lat' dir='ltr'><strong>apag.</strong></span> <span class='ocrx_word' id='word_1_506' title='bbox 1093 2456 1404 2514; x_wconf 70' lang='lat' dir='ltr'><strong>transmutationem</strong></span> <span class='ocrx_word' id='word_1_507' title='bbox 1425 2455 1610 2513; x_wconf 88' lang='lat' dir='ltr'><strong>distinctione</strong></span> <span class='ocrx_word' id='word_1_508' title='bbox 1641 2455 1788 2511; x_wconf 84' lang='lat' dir='ltr'><strong>clarissime</strong></span> 
     </span>
    </p>

    <p class='ocr_par' dir='ltr' id='par_1_15' title="bbox 987 2527 1789 2729">
     <span class='ocr_line' id='line_1_77' title="bbox 1008 2527 1789 2600; baseline -0.003 -16"><span class='ocrx_word' id='word_1_509' title='bbox 1008 2529 1183 2600; x_wconf 78' lang='lat' dir='ltr'><strong>uguentbiua</strong></span> <span class='ocrx_word' id='word_1_510' title='bbox 1195 2527 1387 2584; x_wconf 80' lang='lat' dir='ltr'><strong>wandalberti</strong></span> <span class='ocrx_word' id='word_1_511' title='bbox 1402 2527 1665 2599; x_wconf 89' lang='lat' dir='ltr'><strong>disticha,qnornm</strong></span> <span class='ocrx_word' id='word_1_512' title='bbox 1679 2528 1789 2583; x_wconf 87' lang='lat' dir='ltr'><strong>alterum</strong></span> 
     </span>
     <span class='ocr_line' id='line_1_78' title="bbox 988 2546 1789 2671; baseline -0.005 -14"><span class='ocrx_word' id='word_1_513' title='bbox 988 2546 1185 2657; x_wconf 68' lang='lat' dir='ltr'><strong>Varcinorrensi</strong></span> <span class='ocrx_word' id='word_1_514' title='bbox 1204 2600 1383 2671; x_wconf 89' lang='lat' dir='ltr'><strong>ascripsimus</strong></span> <span class='ocrx_word' id='word_1_515' title='bbox 1394 2616 1437 2657; x_wconf 84' lang='lat' dir='ltr'><strong>xrr</strong></span> <span class='ocrx_word' id='word_1_516' title='bbox 1452 2598 1614 2666; x_wconf 76' lang='lat' dir='ltr'><strong>Februari13</strong></span> <span class='ocrx_word' id='word_1_517' title='bbox 1627 2598 1677 2656; x_wconf 91' lang='lat' dir='ltr'><strong>hic</strong></span> <span class='ocrx_word' id='word_1_518' title='bbox 1687 2599 1789 2656; x_wconf 84' lang='lat' dir='ltr'><strong>ueroal·</strong></span> 
     </span>
     <span class='ocr_line' id='line_1_79' title="bbox 987 2671 1306 2729; baseline -0.009 0"><span class='ocrx_word' id='word_1_519' title='bbox 987 2680 1077 2729; x_wconf 90' lang='lat' dir='ltr'><strong>terum</strong></span> <span class='ocrx_word' id='word_1_520' title='bbox 1092 2671 1285 2728; x_wconf 88' lang='lat' dir='ltr'><strong>subnectimus</strong></span> <span class='ocrx_word' id='word_1_521' title='bbox 1301 2690 1306 2726; x_wconf 91' lang='lat'>:</span> 
     </span>
    </p>
   </div>
   <div class='ocr_carea' id='block_1_14' title="bbox 1050 2786 1787 2914">
    <p class='ocr_par' dir='ltr' id='par_1_16' title="bbox 1050 2786 1787 2914">
     <span class='ocr_line' id='line_1_80' title="bbox 1050 2786 1668 2851; baseline -0.002 -14"><span class='ocrx_word' id='word_1_522' title='bbox 1050 2787 1177 2837; x_wconf 86' lang='lat' dir='ltr'><strong>Eulaliam</strong></span> <span class='ocrx_word' id='word_1_523' title='bbox 1191 2790 1279 2835; x_wconf 87' lang='lat' dir='ltr'><strong>saneto</strong></span> <span class='ocrx_word' id='word_1_524' title='bbox 1296 2786 1395 2851; x_wconf 88' lang='lat' dir='ltr'><strong>quartis</strong></span> <span class='ocrx_word' id='word_1_525' title='bbox 1409 2799 1564 2835; x_wconf 85' lang='lat' dir='ltr'><strong>veneramur</strong></span> <span class='ocrx_word' id='word_1_526' title='bbox 1579 2800 1668 2836; x_wconf 88' lang='lat' dir='ltr'><strong>rmore</strong></span> 
     </span>
     <span class='ocr_line' id='line_1_81' title="bbox 1050 2849 1787 2914; baseline 0.004 -15"><span class='ocrx_word' id='word_1_527' title='bbox 1050 2849 1208 2912; x_wconf 73' lang='lat' dir='ltr'><strong>Hispanam,</strong></span> <span class='ocrx_word' id='word_1_528' title='bbox 1223 2851 1361 2899; x_wconf 83' lang='lat' dir='ltr'><strong>Emeritam</strong></span> <span class='ocrx_word' id='word_1_529' title='bbox 1374 2850 1448 2912; x_wconf 84' lang='lat' dir='ltr'><strong>cujus</strong></span> <span class='ocrx_word' id='word_1_530' title='bbox 1460 2862 1537 2898; x_wconf 84' lang='lat' dir='ltr'><strong>cruor</strong></span> <span class='ocrx_word' id='word_1_531' title='bbox 1553 2864 1670 2914; x_wconf 83' lang='lat' dir='ltr'><strong>ossaque</strong></span> <span class='ocrx_word' id='word_1_532' title='bbox 1682 2859 1787 2904; x_wconf 76' lang='lat' dir='ltr'><strong>sumant.</strong></span> 
     </span>
    </p>
   </div>
   <div class='ocr_carea' id='block_1_15' title="bbox 986 2956 1790 3676">
    <p class='ocr_par' dir='ltr' id='par_1_17' title="bbox 986 2956 1790 3676">
     <span class='ocr_line' id='line_1_82' title="bbox 1023 2956 1788 3032; baseline 0.001 -17"><span class='ocrx_word' id='word_1_533' title='bbox 1023 2959 1075 3015; x_wconf 90' lang='lat' dir='ltr'><strong>Sed</strong></span> <span class='ocrx_word' id='word_1_534' title='bbox 1085 2959 1152 3031; x_wconf 89' lang='lat' dir='ltr'><strong>quid</strong></span> <span class='ocrx_word' id='word_1_535' title='bbox 1165 2958 1199 3014; x_wconf 90' lang='lat' dir='ltr'><strong>de</strong></span> <span class='ocrx_word' id='word_1_536' title='bbox 1214 2959 1290 3014; x_wconf 75' lang='lat' dir='ltr'><strong>lotia</strong></span> <span class='ocrx_word' id='word_1_537' title='bbox 1308 2956 1425 3013; x_wconf 81' lang='lat' dir='ltr'><strong>Eulalia</strong></span> <span class='ocrx_word' id='word_1_538' title='bbox 1440 2957 1643 3028; x_wconf 76' lang='lat' dir='ltr'><strong>aorroirqinab&#39;?</strong></span> <span class='ocrx_word' id='word_1_539' title='bbox 1659 2960 1788 3032; x_wconf 85' lang='lat' dir='ltr'><strong>Equidem</strong></span> 
     </span>
     <span class='ocr_line' id='line_1_83' title="bbox 990 3029 1789 3103; baseline 0.001 -17"><span class='ocrx_word' id='word_1_540' title='bbox 990 3030 1062 3086; x_wconf 92' lang='lat' dir='ltr'><strong>nihil</strong></span> <span class='ocrx_word' id='word_1_541' title='bbox 1080 3031 1185 3101; x_wconf 85' lang='lat' dir='ltr'><strong>reperio</strong></span> <span class='ocrx_word' id='word_1_542' title='bbox 1214 3030 1259 3085; x_wconf 91' lang='lat' dir='ltr'><strong>cui</strong></span> <span class='ocrx_word' id='word_1_543' title='bbox 1280 3039 1340 3085; x_wconf 87' lang='lat' dir='ltr'><strong>tuto</strong></span> <span class='ocrx_word' id='word_1_544' title='bbox 1355 3030 1471 3086; x_wconf 89' lang='lat' dir='ltr'><strong>innitar.</strong></span> <span class='ocrx_word' id='word_1_545' title='bbox 1488 3029 1645 3086; x_wconf 91' lang='lat' dir='ltr'><strong>Prudentio</strong></span> <span class='ocrx_word' id='word_1_546' title='bbox 1672 3033 1789 3103; x_wconf 74' lang='lat' dir='ltr'><strong>ignotam</strong></span> 
     </span>
     <span class='ocr_line' id='line_1_84' title="bbox 986 3100 1789 3172; baseline 0.001 -16"><span class='ocrx_word' id='word_1_547' title='bbox 986 3101 1071 3158; x_wconf 87' lang='lat' dir='ltr'><strong>luisse</strong></span> <span class='ocrx_word' id='word_1_548' title='bbox 1085 3103 1152 3157; x_wconf 82' lang='lat' dir='ltr'><strong>setis</strong></span> <span class='ocrx_word' id='word_1_549' title='bbox 1165 3101 1288 3158; x_wconf 89' lang='lat' dir='ltr'><strong>ostendit</strong></span> <span class='ocrx_word' id='word_1_550' title='bbox 1299 3100 1359 3172; x_wconf 90' lang='lat' dir='ltr'><strong>ejus</strong></span> <span class='ocrx_word' id='word_1_551' title='bbox 1374 3100 1789 3172; x_wconf 82' lang='lat' dir='ltr'><strong>deipsasileutium.NecJuba</strong></span> 
     </span>
     <span class='ocr_line' id='line_1_85' title="bbox 986 3172 1790 3246; baseline 0.002 -17"><span class='ocrx_word' id='word_1_552' title='bbox 986 3189 1101 3246; x_wconf 89' lang='lat' dir='ltr'><strong>usquam</strong></span> <span class='ocrx_word' id='word_1_553' title='bbox 1130 3174 1318 3229; x_wconf 88' lang='lat' dir='ltr'><strong>meminerunt</strong></span> <span class='ocrx_word' id='word_1_554' title='bbox 1342 3175 1411 3229; x_wconf 83' lang='lat' dir='ltr'><strong>heta</strong></span> <span class='ocrx_word' id='word_1_555' title='bbox 1435 3172 1509 3244; x_wconf 92' lang='lat' dir='ltr'><strong>apud</strong></span> <span class='ocrx_word' id='word_1_556' title='bbox 1523 3172 1730 3240; x_wconf 83' lang='lat' dir='ltr'><strong>Membritium,</strong></span> <span class='ocrx_word' id='word_1_557' title='bbox 1745 3190 1790 3231; x_wconf 85' lang='lat' dir='ltr'><strong>neo</strong></span> 
     </span>
     <span class='ocr_line' id='line_1_86' title="bbox 986 3244 1789 3317; baseline 0.002 -17"><span class='ocrx_word' id='word_1_558' title='bbox 986 3245 1050 3312; x_wconf 90' lang='lat' dir='ltr'><strong>alia,</strong></span> <span class='ocrx_word' id='word_1_559' title='bbox 1067 3260 1217 3317; x_wconf 85' lang='lat' dir='ltr'><strong>quaepenes</strong></span> <span class='ocrx_word' id='word_1_560' title='bbox 1233 3261 1284 3299; x_wconf 90' lang='lat' dir='ltr'><strong>nos</strong></span> <span class='ocrx_word' id='word_1_561' title='bbox 1301 3245 1584 3317; x_wconf 69' lang='lat' dir='ltr'><strong>sunemanuscripra.</strong></span> <span class='ocrx_word' id='word_1_562' title='bbox 1596 3244 1652 3312; x_wconf 87' lang='lat' dir='ltr'><strong>Qui</strong></span> <span class='ocrx_word' id='word_1_563' title='bbox 1667 3245 1789 3303; x_wconf 86' lang='lat' dir='ltr'><strong>acodicis</strong></span> 
     </span>
     <span class='ocr_line' id='line_1_87' title="bbox 986 3315 1787 3442; baseline 0 -71"><span class='ocrx_word' id='word_1_564' title='bbox 986 3316 1198 3442; x_wconf 61' lang='lat' dir='ltr'><strong>Epternaoensis</strong></span> <span class='ocrx_word' id='word_1_565' title='bbox 1211 3315 1347 3371; x_wconf 86' lang='lat' dir='ltr'><strong>hodierno</strong></span> <span class='ocrx_word' id='word_1_566' title='bbox 1365 3324 1441 3371; x_wconf 84' lang='lat' dir='ltr'><strong>textu</strong></span> <span class='ocrx_word' id='word_1_567' title='bbox 1462 3331 1520 3370; x_wconf 89' lang='lat' dir='ltr'><strong>earn</strong></span> <span class='ocrx_word' id='word_1_568' title='bbox 1551 3327 1695 3388; x_wconf 86' lang='lat' dir='ltr'><strong>repetunt,</strong></span> <span class='ocrx_word' id='word_1_569' title='bbox 1714 3318 1787 3373; x_wconf 85' lang='lat' dir='ltr'><strong>facile</strong></span> 
     </span>
     <span class='ocr_line' id='line_1_88' title="bbox 986 3388 1788 3462; baseline 0 -20"><span class='ocrx_word' id='word_1_570' title='bbox 986 3403 1001 3442; x_wconf 89' lang='lat' dir='ltr'><strong>a</strong></span> <span class='ocrx_word' id='word_1_571' title='bbox 1023 3394 1134 3443; x_wconf 88' lang='lat' dir='ltr'><strong>vertunt</strong></span> <span class='ocrx_word' id='word_1_572' title='bbox 1149 3404 1250 3442; x_wconf 80' lang='lat' dir='ltr'><strong>unomen</strong></span> <span class='ocrx_word' id='word_1_573' title='bbox 1261 3388 1342 3442; x_wconf 78' lang='lat' dir='ltr'><strong>tatto</strong></span> <span class='ocrx_word' id='word_1_574' title='bbox 1354 3388 1391 3443; x_wconf 92' lang='lat' dir='ltr'><strong>ibi</strong></span> <span class='ocrx_word' id='word_1_575' title='bbox 1409 3403 1458 3459; x_wconf 91' lang='lat' dir='ltr'><strong>pro</strong></span> <span class='ocrx_word' id='word_1_576' title='bbox 1473 3388 1593 3443; x_wconf 76' lang='lat' dir='ltr'><strong>Eulaliae</strong></span> <span class='ocrx_word' id='word_1_577' title='bbox 1619 3389 1788 3462; x_wconf 89' lang='lat' dir='ltr'><strong>suppositum</strong></span> 
     </span>
     <span class='ocr_line' id='line_1_89' title="bbox 987 3459 1790 3530; baseline 0.001 -16"><span class='ocrx_word' id='word_1_578' title='bbox 987 3475 1053 3514; x_wconf 89' lang='lat' dir='ltr'><strong>esse.</strong></span> <span class='ocrx_word' id='word_1_579' title='bbox 1081 3461 1175 3516; x_wconf 86' lang='lat' dir='ltr'><strong>Restat</strong></span> <span class='ocrx_word' id='word_1_580' title='bbox 1189 3474 1253 3530; x_wconf 82' lang='lat' dir='ltr'><strong>ergo</strong></span> <span class='ocrx_word' id='word_1_581' title='bbox 1272 3467 1304 3514; x_wconf 92' lang='lat' dir='ltr'><strong>ut</strong></span> <span class='ocrx_word' id='word_1_582' title='bbox 1322 3461 1380 3514; x_wconf 84' lang='lat' dir='ltr'><strong>sole</strong></span> <span class='ocrx_word' id='word_1_583' title='bbox 1406 3459 1511 3514; x_wconf 83' lang='lat' dir='ltr'><strong>Adonis</strong></span> <span class='ocrx_word' id='word_1_584' title='bbox 1536 3462 1708 3518; x_wconf 89' lang='lat' dir='ltr'><strong>auctoritate</strong></span> <span class='ocrx_word' id='word_1_585' title='bbox 1726 3460 1790 3516; x_wconf 90' lang='lat' dir='ltr'><strong>sub-</strong></span> 
     </span>
     <span class='ocr_line' id='line_1_90' title="bbox 986 3530 1787 3602; baseline 0.002 -16"><span class='ocrx_word' id='word_1_586' title='bbox 986 3531 1075 3600; x_wconf 87' lang='lat' dir='ltr'><strong>sistat,</strong></span> <span class='ocrx_word' id='word_1_587' title='bbox 1095 3531 1142 3602; x_wconf 91' lang='lat' dir='ltr'><strong>qui</strong></span> <span class='ocrx_word' id='word_1_588' title='bbox 1172 3531 1200 3584; x_wconf 90' lang='lat' dir='ltr'><strong>in</strong></span> <span class='ocrx_word' id='word_1_589' title='bbox 1223 3530 1285 3585; x_wconf 89' lang='lat' dir='ltr'><strong>aliis</strong></span> <span class='ocrx_word' id='word_1_590' title='bbox 1316 3530 1433 3586; x_wconf 87' lang='lat' dir='ltr'><strong>Eulaliae</strong></span> <span class='ocrx_word' id='word_1_591' title='bbox 1456 3531 1533 3586; x_wconf 82' lang='lat' dir='ltr'><strong>Actis</strong></span> <span class='ocrx_word' id='word_1_592' title='bbox 1553 3546 1614 3588; x_wconf 92' lang='lat' dir='ltr'><strong>eam</strong></span> <span class='ocrx_word' id='word_1_593' title='bbox 1646 3532 1787 3600; x_wconf 84' lang='lat' dir='ltr'><strong>invenerit,</strong></span> 
     </span>
     <span class='ocr_line' id='line_1_91' title="bbox 987 3601 1587 3676; baseline 0.003 -19"><span class='ocrx_word' id='word_1_594' title='bbox 987 3602 1060 3673; x_wconf 91' lang='lat' dir='ltr'><strong>quod</strong></span> <span class='ocrx_word' id='word_1_595' title='bbox 1081 3618 1130 3657; x_wconf 91' lang='lat' dir='ltr'><strong>uos</strong></span> <span class='ocrx_word' id='word_1_596' title='bbox 1145 3601 1212 3658; x_wconf 91' lang='lat' dir='ltr'><strong>alibi</strong></span> <span class='ocrx_word' id='word_1_597' title='bbox 1230 3603 1385 3659; x_wconf 87' lang='lat' dir='ltr'><strong>accuratius</strong></span> <span class='ocrx_word' id='word_1_598' title='bbox 1404 3603 1587 3676; x_wconf 90' lang='lat' dir='ltr'><strong>inquiremus.</strong></span> 
     </span>
    </p>
   </div>
   <div class='ocr_carea' id='block_1_16' title="bbox 866 3794 1059 3854">
    <p class='ocr_par' dir='ltr' id='par_1_18' title="bbox 866 3794 1059 3854">
     <span class='ocr_line' id='line_1_92' title="bbox 866 3794 1059 3854; baseline 0.021 -4"><span class='ocrx_word' id='word_1_599' title='bbox 866 3794 1059 3854; x_wconf 75' lang='lat' dir='ltr'><strong>Auernum.</strong></span> 
     </span>
    </p>
   </div>
   <div class='ocr_carea' id='block_1_17' title="bbox 128 3886 932 4749">
    <p class='ocr_par' dir='ltr' id='par_1_19' title="bbox 130 3886 931 4104">
     <span class='ocr_line' id='line_1_93' title="bbox 168 3886 931 3967; baseline 0.008 -23"><span class='ocrx_word' id='word_1_600' title='bbox 168 3889 428 3967; x_wconf 69' lang='lat' dir='ltr'><strong>Tonnnaamcaret</strong></span> <span class='ocrx_word' id='word_1_601' title='bbox 451 3886 550 3957; x_wconf 89' lang='lat' dir='ltr'><strong>prima,</strong></span> <span class='ocrx_word' id='word_1_602' title='bbox 580 3888 609 3943; x_wconf 94' lang='lat' dir='ltr'><strong>in</strong></span> <span class='ocrx_word' id='word_1_603' title='bbox 632 3889 752 3946; x_wconf 91' lang='lat' dir='ltr'><strong>secunda</strong></span> <span class='ocrx_word' id='word_1_604' title='bbox 771 3907 857 3963; x_wconf 90' lang='lat' dir='ltr'><strong>purus</strong></span> <span class='ocrx_word' id='word_1_605' title='bbox 880 3903 931 3964; x_wconf 89' lang='lat' dir='ltr'><strong>est,</strong></span> 
     </span>
     <span class='ocr_line' id='line_1_94' title="bbox 132 3958 931 4027; baseline 0.004 -9"><span class='ocrx_word' id='word_1_606' title='bbox 132 3962 161 4018; x_wconf 91' lang='lat' dir='ltr'><strong>in</strong></span> <span class='ocrx_word' id='word_1_607' title='bbox 174 3959 256 4015; x_wconf 89' lang='lat' dir='ltr'><strong>tertia</strong></span> <span class='ocrx_word' id='word_1_608' title='bbox 276 3958 401 4027; x_wconf 79' lang='lat' dir='ltr'><strong>mutilus,</strong></span> <span class='ocrx_word' id='word_1_609' title='bbox 417 3958 517 4015; x_wconf 90' lang='lat' dir='ltr'><strong>sistens</strong></span> <span class='ocrx_word' id='word_1_610' title='bbox 532 3958 561 4015; x_wconf 91' lang='lat' dir='ltr'><strong>iu</strong></span> <span class='ocrx_word' id='word_1_611' title='bbox 572 3959 639 4015; x_wconf 92' lang='lat' dir='ltr'><strong>solis</strong></span> <span class='ocrx_word' id='word_1_612' title='bbox 650 3962 743 4018; x_wconf 89' lang='lat' dir='ltr'><strong>verbis</strong></span> <span class='ocrx_word' id='word_1_613' title='bbox 755 3980 760 4018; x_wconf 91' lang='lat'><strong>:</strong></span> <span class='ocrx_word' id='word_1_614' title='bbox 774 3963 856 4020; x_wconf 76' lang='lat' dir='ltr'><strong>Julius</strong></span> <span class='ocrx_word' id='word_1_615' title='bbox 878 3966 931 4021; x_wconf 85' lang='lat' dir='ltr'><strong>uir·</strong></span> 
     </span>
     <span class='ocr_line' id='line_1_95' title="bbox 130 4047 210 4104; baseline -0.025 -17"><span class='ocrx_word' id='word_1_616' title='bbox 130 4047 210 4104; x_wconf 76' lang='lat' dir='ltr'><strong>prom.</strong></span> 
     </span>
    </p>

    <p class='ocr_par' dir='ltr' id='par_1_20' title="bbox 138 4101 930 4248">
     <span class='ocr_line' id='line_1_96' title="bbox 167 4101 930 4176; baseline 0.007 -18"><span class='ocrx_word' id='word_1_617' title='bbox 167 4105 326 4169; x_wconf 75' lang='lat' dir='ltr'><strong>bosnam,</strong></span> <span class='ocrx_word' id='word_1_618' title='bbox 354 4101 384 4155; x_wconf 91' lang='lat' dir='ltr'><strong>in</strong></span> <span class='ocrx_word' id='word_1_619' title='bbox 410 4109 489 4155; x_wconf 90' lang='lat' dir='ltr'><strong>textu</strong></span> <span class='ocrx_word' id='word_1_620' title='bbox 503 4103 569 4160; x_wconf 88' lang='lat' dir='ltr'><strong>satis</strong></span> <span class='ocrx_word' id='word_1_621' title='bbox 593 4121 689 4176; x_wconf 92' lang='lat' dir='ltr'><strong>purus,</strong></span> <span class='ocrx_word' id='word_1_622' title='bbox 706 4104 788 4162; x_wconf 89' lang='lat' dir='ltr'><strong>habet</strong></span> <span class='ocrx_word' id='word_1_623' title='bbox 803 4107 832 4163; x_wconf 91' lang='lat' dir='ltr'><strong>iu</strong></span> <span class='ocrx_word' id='word_1_624' title='bbox 853 4107 930 4164; x_wconf 85' lang='lat' dir='ltr'><strong>line:</strong></span> 
     </span>
     <span class='ocr_line' id='line_1_97' title="bbox 138 4171 755 4248; baseline 0.003 -17"><span class='ocrx_word' id='word_1_625' title='bbox 138 4176 265 4241; x_wconf 78' lang='lat' dir='ltr'><strong>«Eorum,</strong></span> <span class='ocrx_word' id='word_1_626' title='bbox 282 4171 445 4229; x_wconf 87' lang='lat' dir='ltr'><strong>Melchiadis</strong></span> <span class='ocrx_word' id='word_1_627' title='bbox 461 4189 535 4244; x_wconf 85' lang='lat' dir='ltr'><strong>papae</strong></span> <span class='ocrx_word' id='word_1_628' title='bbox 549 4184 576 4231; x_wconf 90' lang='lat' dir='ltr'><strong>et</strong></span> <span class='ocrx_word' id='word_1_629' title='bbox 589 4178 729 4248; x_wconf 89' lang='lat' dir='ltr'><strong>martyris.</strong></span> <span class='ocrx_word' id='word_1_630' title='bbox 746 4203 755 4224; x_wconf 73' lang='grc' dir='ltr'>ι</span> 
     </span>
    </p>

    <p class='ocr_par' dir='ltr' id='par_1_21' title="bbox 129 4245 932 4532">
     <span class='ocr_line' id='line_1_98' title="bbox 169 4245 932 4322; baseline 0.007 -21"><span class='ocrx_word' id='word_1_631' title='bbox 169 4247 322 4301; x_wconf 79' lang='lat' dir='ltr'><strong>Pomanus.</strong></span> <span class='ocrx_word' id='word_1_632' title='bbox 341 4245 432 4317; x_wconf 91' lang='lat' dir='ltr'><strong>primo</strong></span> <span class='ocrx_word' id='word_1_633' title='bbox 448 4245 508 4301; x_wconf 93' lang='lat' dir='ltr'><strong>loco</strong></span> <span class='ocrx_word' id='word_1_634' title='bbox 521 4246 603 4303; x_wconf 87' lang='lat' dir='ltr'><strong>habet</strong></span> <span class='ocrx_word' id='word_1_635' title='bbox 618 4248 651 4303; x_wconf 92' lang='lat' dir='ltr'><strong>de</strong></span> <span class='ocrx_word' id='word_1_636' title='bbox 667 4249 786 4317; x_wconf 88' lang='lat' dir='ltr'><strong>Eulalia,</strong></span> <span class='ocrx_word' id='word_1_637' title='bbox 799 4266 884 4322; x_wconf 84' lang='lat' dir='ltr'><strong>usque</strong></span> <span class='ocrx_word' id='word_1_638' title='bbox 898 4249 932 4306; x_wconf 92' lang='lat' dir='ltr'><strong>ad</strong></span> 
     </span>
     <span class='ocr_line' id='line_1_99' title="bbox 129 4316 931 4393; baseline 0.007 -21"><span class='ocrx_word' id='word_1_639' title='bbox 129 4316 252 4389; x_wconf 79' lang='lat' dir='ltr'><strong>airpinis.</strong></span> <span class='ocrx_word' id='word_1_640' title='bbox 281 4317 406 4372; x_wconf 87' lang='lat' dir='ltr'><strong>Secunda</strong></span> <span class='ocrx_word' id='word_1_641' title='bbox 428 4316 461 4372; x_wconf 91' lang='lat' dir='ltr'><strong>de</strong></span> <span class='ocrx_word' id='word_1_642' title='bbox 476 4317 559 4386; x_wconf 91' lang='lat' dir='ltr'><strong>Julia,</strong></span> <span class='ocrx_word' id='word_1_643' title='bbox 578 4320 677 4390; x_wconf 87' lang='lat' dir='ltr'><strong>partim</strong></span> <span class='ocrx_word' id='word_1_644' title='bbox 699 4321 802 4388; x_wconf 88' lang='lat' dir='ltr'><strong>excisa,</strong></span> <span class='ocrx_word' id='word_1_645' title='bbox 831 4322 931 4393; x_wconf 88' lang='lat' dir='ltr'><strong>purtim</strong></span> 
     </span>
     <span class='ocr_line' id='line_1_100' title="bbox 130 4387 931 4466; baseline 0.006 -22"><span class='ocrx_word' id='word_1_646' title='bbox 130 4389 228 4444; x_wconf 87' lang='lat' dir='ltr'><strong>mutila</strong></span> <span class='ocrx_word' id='word_1_647' title='bbox 242 4395 292 4444; x_wconf 89' lang='lat' dir='ltr'><strong>est.</strong></span> <span class='ocrx_word' id='word_1_648' title='bbox 305 4387 475 4460; x_wconf 83' lang='lat' dir='ltr'><strong>Carpophori</strong></span> <span class='ocrx_word' id='word_1_649' title='bbox 488 4397 515 4443; x_wconf 90' lang='lat' dir='ltr'><strong>et</strong></span> <span class='ocrx_word' id='word_1_650' title='bbox 530 4390 654 4447; x_wconf 85' lang='lat' dir='ltr'><strong>Ahuudii</strong></span> <span class='ocrx_word' id='word_1_651' title='bbox 666 4393 786 4464; x_wconf 83' lang='lat' dir='ltr'><strong>elogium</strong></span> <span class='ocrx_word' id='word_1_652' title='bbox 795 4393 875 4466; x_wconf 89' lang='lat' dir='ltr'><strong>plane</strong></span> <span class='ocrx_word' id='word_1_653' title='bbox 886 4409 931 4449; x_wconf 85' lang='lat' dir='ltr'><strong>ex-</strong></span> 
     </span>
     <span class='ocr_line' id='line_1_101' title="bbox 130 4467 334 4532; baseline -0.005 -16"><span class='ocrx_word' id='word_1_654' title='bbox 130 4469 265 4532; x_wconf 89' lang='lat' dir='ltr'><strong>punctum</strong></span> <span class='ocrx_word' id='word_1_655' title='bbox 283 4467 334 4515; x_wconf 84' lang='lat' dir='ltr'><strong>est.</strong></span> 
     </span>
    </p>

    <p class='ocr_par' dir='ltr' id='par_1_22' title="bbox 128 4531 932 4749">
     <span class='ocr_line' id='line_1_102' title="bbox 165 4531 931 4593; baseline 0.008 -7"><span class='ocrx_word' id='word_1_656' title='bbox 165 4531 405 4587; x_wconf 70' lang='lat' dir='ltr'><strong>durusne-blas.</strong></span> <span class='ocrx_word' id='word_1_657' title='bbox 420 4548 484 4588; x_wconf 89' lang='lat' dir='ltr'><strong>cum</strong></span> <span class='ocrx_word' id='word_1_658' title='bbox 496 4533 615 4590; x_wconf 82' lang='lat' dir='ltr'><strong>serraliis</strong></span> <span class='ocrx_word' id='word_1_659' title='bbox 629 4535 726 4591; x_wconf 75' lang='lat' dir='ltr'><strong>media</strong></span> <span class='ocrx_word' id='word_1_660' title='bbox 740 4544 813 4591; x_wconf 79' lang='lat' dir='ltr'><strong>notas</strong></span> <span class='ocrx_word' id='word_1_661' title='bbox 827 4536 931 4593; x_wconf 90' lang='lat' dir='ltr'><strong>codici·</strong></span> 
     </span>
     <span class='ocr_line' id='line_1_103' title="bbox 129 4600 932 4677; baseline 0.009 -20"><span class='ocrx_word' id='word_1_662' title='bbox 129 4600 191 4670; x_wconf 90' lang='lat' dir='ltr'><strong>bus,</strong></span> <span class='ocrx_word' id='word_1_663' title='bbox 207 4603 297 4658; x_wconf 88' lang='lat' dir='ltr'><strong>textui</strong></span> <span class='ocrx_word' id='word_1_664' title='bbox 314 4603 381 4658; x_wconf 91' lang='lat' dir='ltr'><strong>satis</strong></span> <span class='ocrx_word' id='word_1_665' title='bbox 396 4620 475 4675; x_wconf 92' lang='lat' dir='ltr'><strong>puro,</strong></span> <span class='ocrx_word' id='word_1_666' title='bbox 487 4605 514 4659; x_wconf 93' lang='lat' dir='ltr'><strong>in</strong></span> <span class='ocrx_word' id='word_1_667' title='bbox 548 4605 667 4677; x_wconf 90' lang='lat' dir='ltr'><strong>rincipio</strong></span> <span class='ocrx_word' id='word_1_668' title='bbox 680 4606 798 4677; x_wconf 78' lang='lat' dir='ltr'><strong>praehgit</strong></span> <span class='ocrx_word' id='word_1_669' title='bbox 811 4625 816 4662; x_wconf 90' lang='lat'><strong>:</strong></span> <span class='ocrx_word' id='word_1_670' title='bbox 828 4609 932 4664; x_wconf 75' lang='lat' dir='ltr'><strong>«Roma</strong></span> 
     </span>
     <span class='ocr_line' id='line_1_104' title="bbox 128 4621 931 4749; baseline 0.009 -21"><span class='ocrx_word' id='word_1_671' title='bbox 128 4673 177 4728; x_wconf 81' lang='lat' dir='ltr'><strong>ria</strong></span> <span class='ocrx_word' id='word_1_672' title='bbox 187 4674 285 4745; x_wconf 85' lang='lat' dir='ltr'><strong>Appia,</strong></span> <span class='ocrx_word' id='word_1_673' title='bbox 302 4674 389 4729; x_wconf 88' lang='lat' dir='ltr'><strong>sancti</strong></span> <span class='ocrx_word' id='word_1_674' title='bbox 404 4621 567 4731; x_wconf 81' lang='lat' dir='ltr'><strong>Melchiadis</strong></span> <span class='ocrx_word' id='word_1_675' title='bbox 583 4692 657 4748; x_wconf 78' lang='lat' dir='ltr'><strong>papas</strong></span> <span class='ocrx_word' id='word_1_676' title='bbox 674 4694 683 4741; x_wconf 90' lang='lat'><em>;</em></span> <span class='ocrx_word' id='word_1_677' title='bbox 698 4678 746 4749; x_wconf 89' lang='lat' dir='ltr'><strong>qui</strong></span> <span class='ocrx_word' id='word_1_678' title='bbox 761 4694 824 4734; x_wconf 88' lang='lat' dir='ltr'><strong>cum</strong></span> <span class='ocrx_word' id='word_1_679' title='bbox 851 4680 931 4735; x_wconf 78' lang='lat' dir='ltr'><strong>nutris</strong></span> 
     </span>
    </p>
   </div>
   <div class='ocr_carea' id='block_1_18' title="bbox 986 3895 1790 4758">
    <p class='ocr_par' dir='ltr' id='par_1_23' title="bbox 986 3895 1790 4397">
     <span class='ocr_line' id='line_1_105' title="bbox 987 3895 1790 3974; baseline 0.007 -22"><span class='ocrx_word' id='word_1_680' title='bbox 987 3895 1060 3952; x_wconf 82' lang='lat' dir='ltr'><strong>uiuae</strong></span> <span class='ocrx_word' id='word_1_681' title='bbox 1081 3896 1182 3954; x_wconf 88' lang='lat' dir='ltr'><strong>coelum</strong></span> <span class='ocrx_word' id='word_1_682' title='bbox 1206 3897 1296 3969; x_wconf 88' lang='lat' dir='ltr'><strong>petiit.</strong></span> <span class='ocrx_word' id='word_1_683' title='bbox 1313 3897 1399 3969; x_wconf 87' lang='lat' dir='ltr'><strong>Cujus</strong></span> <span class='ocrx_word' id='word_1_684' title='bbox 1431 3913 1540 3955; x_wconf 89' lang='lat' dir='ltr'><strong>sacrum</strong></span> <span class='ocrx_word' id='word_1_685' title='bbox 1557 3901 1790 3974; x_wconf 88' lang='lat' dir='ltr'><strong>corpusperetri-</strong></span> 
     </span>
     <span class='ocr_line' id='line_1_106' title="bbox 986 3965 1790 4044; baseline 0.006 -21"><span class='ocrx_word' id='word_1_686' title='bbox 986 3965 1071 4023; x_wconf 78' lang='lat' dir='ltr'><strong>durum</strong></span> <span class='ocrx_word' id='word_1_687' title='bbox 1087 3967 1166 4040; x_wconf 89' lang='lat' dir='ltr'><strong>jussu</strong></span> <span class='ocrx_word' id='word_1_688' title='bbox 1183 3969 1307 4041; x_wconf 73' lang='lat' dir='ltr'><strong>praesidis</strong></span> <span class='ocrx_word' id='word_1_689' title='bbox 1323 3969 1453 4042; x_wconf 92' lang='lat' dir='ltr'><strong>pependit</strong></span> <span class='ocrx_word' id='word_1_690' title='bbox 1463 3969 1491 4025; x_wconf 91' lang='lat' dir='ltr'><strong>in</strong></span> <span class='ocrx_word' id='word_1_691' title='bbox 1509 3970 1595 4043; x_wconf 81' lang='lat' dir='ltr'><strong>ligno,</strong></span> <span class='ocrx_word' id='word_1_692' title='bbox 1615 3972 1664 4028; x_wconf 89' lang='lat' dir='ltr'><strong>sed</strong></span> <span class='ocrx_word' id='word_1_693' title='bbox 1682 3973 1732 4044; x_wconf 84' lang='lat' dir='ltr'><strong>uiy</strong></span> <span class='ocrx_word' id='word_1_694' title='bbox 1745 3971 1790 4028; x_wconf 91' lang='lat' dir='ltr'><strong>de·</strong></span> 
     </span>
     <span class='ocr_line' id='line_1_107' title="bbox 987 4041 1789 4113; baseline 0.006 -18"><span class='ocrx_word' id='word_1_695' title='bbox 987 4055 1070 4110; x_wconf 90' lang='lat' dir='ltr'><strong>super</strong></span> <span class='ocrx_word' id='word_1_696' title='bbox 1084 4041 1181 4111; x_wconf 83' lang='lat' dir='ltr'><strong>puellae</strong></span> <span class='ocrx_word' id='word_1_697' title='bbox 1197 4058 1297 4112; x_wconf 87' lang='lat' dir='ltr'><strong>cerpus</strong></span> <span class='ocrx_word' id='word_1_698' title='bbox 1325 4043 1443 4113; x_wconf 83' lang='lat' dir='ltr'><strong>aspexit,</strong></span> <span class='ocrx_word' id='word_1_699' title='bbox 1461 4048 1488 4096; x_wconf 91' lang='lat' dir='ltr'><strong>et</strong></span> <span class='ocrx_word' id='word_1_700' title='bbox 1507 4043 1595 4098; x_wconf 83' lang='lat' dir='ltr'><strong>nivali</strong></span> <span class='ocrx_word' id='word_1_701' title='bbox 1622 4044 1789 4100; x_wconf 81' lang='lat' dir='ltr'><strong>condereco-</strong></span> 
     </span>
     <span class='ocr_line' id='line_1_108' title="bbox 987 4112 1789 4183; baseline 0.002 -17"><span class='ocrx_word' id='word_1_702' title='bbox 987 4121 1113 4181; x_wconf 89' lang='lat' dir='ltr'><strong>opertum</strong></span> <span class='ocrx_word' id='word_1_703' title='bbox 1138 4112 1234 4167; x_wconf 87' lang='lat' dir='ltr'><strong>divina</strong></span> <span class='ocrx_word' id='word_1_704' title='bbox 1256 4112 1344 4183; x_wconf 79' lang='lat' dir='ltr'><strong>gratia</strong></span> <span class='ocrx_word' id='word_1_705' title='bbox 1368 4113 1525 4169; x_wconf 88' lang='lat' dir='ltr'><strong>dealbatum</strong></span> <span class='ocrx_word' id='word_1_706' title='bbox 1540 4122 1595 4170; x_wconf 89' lang='lat' dir='ltr'><strong>est.</strong></span> <span class='ocrx_word' id='word_1_707' title='bbox 1621 4141 1631 4164; x_wconf 72' lang='grc' dir='ltr'><strong>ι</strong></span> <span class='ocrx_word' id='word_1_708' title='bbox 1654 4117 1686 4171; x_wconf 90' lang='lat' dir='ltr'><strong>ln</strong></span> <span class='ocrx_word' id='word_1_709' title='bbox 1713 4115 1789 4181; x_wconf 81' lang='lat' dir='ltr'><strong>iulia,</strong></span> 
     </span>
     <span class='ocr_line' id='line_1_109' title="bbox 987 4184 1789 4264; baseline 0.005 -28"><span class='ocrx_word' id='word_1_710' title='bbox 987 4184 1139 4264; x_wconf 86' lang='lat' dir='ltr'><strong>uorrplaue</strong></span> <span class='ocrx_word' id='word_1_711' title='bbox 1173 4192 1322 4260; x_wconf 20' lang='lat' dir='ltr'><strong>purauest.</strong></span> <span class='ocrx_word' id='word_1_712' title='bbox 1351 4186 1382 4239; x_wconf 91' lang='lat' dir='ltr'><strong>In</strong></span> <span class='ocrx_word' id='word_1_713' title='bbox 1408 4186 1484 4241; x_wconf 78' lang='lat' dir='ltr'><strong>hire:</strong></span> <span class='ocrx_word' id='word_1_714' title='bbox 1519 4186 1580 4240; x_wconf 80' lang='lat' dir='ltr'><strong>‹Er</strong></span> <span class='ocrx_word' id='word_1_715' title='bbox 1595 4187 1690 4242; x_wconf 90' lang='lat' dir='ltr'><strong>natale</strong></span> <span class='ocrx_word' id='word_1_716' title='bbox 1707 4186 1789 4242; x_wconf 87' lang='lat' dir='ltr'><strong>saneti</strong></span> 
     </span>
     <span class='ocr_line' id='line_1_110' title="bbox 986 4253 1790 4326; baseline 0.002 -17"><span class='ocrx_word' id='word_1_717' title='bbox 986 4253 1076 4320; x_wconf 89' lang='lat' dir='ltr'><strong>Panh,</strong></span> <span class='ocrx_word' id='word_1_718' title='bbox 1093 4254 1173 4326; x_wconf 89' lang='lat' dir='ltr'><strong>cujus</strong></span> <span class='ocrx_word' id='word_1_719' title='bbox 1191 4271 1281 4326; x_wconf 81' lang='lat' dir='ltr'><strong>passio</strong></span> <span class='ocrx_word' id='word_1_720' title='bbox 1307 4255 1433 4312; x_wconf 85' lang='lat' dir='ltr'><strong>habetur.</strong></span> <span class='ocrx_word' id='word_1_721' title='bbox 1460 4281 1469 4303; x_wconf 72' lang='grc' dir='ltr'><strong>ι</strong></span> <span class='ocrx_word' id='word_1_722' title='bbox 1501 4256 1682 4315; x_wconf 88' lang='lat' dir='ltr'><strong>Distinctiori</strong></span> <span class='ocrx_word' id='word_1_723' title='bbox 1698 4259 1790 4314; x_wconf 88' lang='lat' dir='ltr'><strong>notitia</strong></span> 
     </span>
     <span class='ocr_line' id='line_1_111' title="bbox 987 4333 1119 4397; baseline 0 -16"><span class='ocrx_word' id='word_1_724' title='bbox 987 4333 1119 4397; x_wconf 89' lang='lat' dir='ltr'><strong>opusest.</strong></span> 
     </span>
    </p>

    <p class='ocr_par' dir='ltr' id='par_1_24' title="bbox 986 4397 1787 4758">
     <span class='ocr_line' id='line_1_112' title="bbox 1025 4397 1787 4474; baseline 0.007 -22"><span class='ocrx_word' id='word_1_725' title='bbox 1025 4398 1205 4454; x_wconf 80' lang='lat' dir='ltr'><strong>Hsounoxrss.</strong></span> <span class='ocrx_word' id='word_1_726' title='bbox 1218 4397 1246 4452; x_wconf 93' lang='lat' dir='ltr'><strong>in</strong></span> <span class='ocrx_word' id='word_1_727' title='bbox 1258 4400 1347 4469; x_wconf 87' lang='lat' dir='ltr'><strong>prima</strong></span> <span class='ocrx_word' id='word_1_728' title='bbox 1357 4399 1510 4455; x_wconf 89' lang='lat' dir='ltr'><strong>etsecunda</strong></span> <span class='ocrx_word' id='word_1_729' title='bbox 1520 4399 1654 4455; x_wconf 92' lang='lat' dir='ltr'><strong>nonnihil</strong></span> <span class='ocrx_word' id='word_1_730' title='bbox 1672 4401 1787 4474; x_wconf 87' lang='lat' dir='ltr'><strong>interpo-</strong></span> 
     </span>
     <span class='ocr_line' id='line_1_113' title="bbox 986 4469 1787 4551; baseline 0.002 -27"><span class='ocrx_word' id='word_1_731' title='bbox 986 4469 1059 4524; x_wconf 89' lang='lat' dir='ltr'><strong>latus</strong></span> <span class='ocrx_word' id='word_1_732' title='bbox 1086 4479 1137 4525; x_wconf 90' lang='lat' dir='ltr'><strong>est.</strong></span> <span class='ocrx_word' id='word_1_733' title='bbox 1168 4469 1321 4551; x_wconf 88' lang='lat' dir='ltr'><strong>Sequitur:</strong></span> <span class='ocrx_word' id='word_1_734' title='bbox 1351 4472 1484 4526; x_wconf 79' lang='lat' dir='ltr'><strong>«Eodem</strong></span> <span class='ocrx_word' id='word_1_735' title='bbox 1508 4471 1553 4527; x_wconf 87' lang='lat' dir='ltr'><strong>dre</strong></span> <span class='ocrx_word' id='word_1_736' title='bbox 1576 4472 1684 4540; x_wconf 82' lang='lat' dir='ltr'><strong>Ronrae,</strong></span> <span class='ocrx_word' id='word_1_737' title='bbox 1702 4474 1787 4528; x_wconf 79' lang='lat' dir='ltr'><strong>nrmle</strong></span> 
     </span>
     <span class='ocr_line' id='line_1_114' title="bbox 986 4541 1785 4616; baseline 0.003 -19"><span class='ocrx_word' id='word_1_738' title='bbox 986 4541 1074 4597; x_wconf 89' lang='lat' dir='ltr'><strong>sancti</strong></span> <span class='ocrx_word' id='word_1_739' title='bbox 1090 4541 1237 4613; x_wconf 87' lang='lat' dir='ltr'><strong>Meltyadrs</strong></span> <span class='ocrx_word' id='word_1_740' title='bbox 1253 4558 1328 4613; x_wconf 78' lang='lat' dir='ltr'><strong>papae</strong></span> <span class='ocrx_word' id='word_1_741' title='bbox 1343 4550 1448 4598; x_wconf 88' lang='lat' dir='ltr'><strong>etmart</strong></span> <span class='ocrx_word' id='word_1_742' title='bbox 1471 4543 1517 4609; x_wconf 89' lang='lat' dir='ltr'><strong>ris;</strong></span> <span class='ocrx_word' id='word_1_743' title='bbox 1530 4544 1578 4616; x_wconf 88' lang='lat' dir='ltr'><strong>qui</strong></span> <span class='ocrx_word' id='word_1_744' title='bbox 1595 4544 1785 4609; x_wconf 83' lang='lat' dir='ltr'><strong>tribusanuis,</strong></span> 
     </span>
     <span class='ocr_line' id='line_1_115' title="bbox 986 4561 1786 4680; baseline 0.006 -13"><span class='ocrx_word' id='word_1_745' title='bbox 986 4612 1129 4668; x_wconf 90' lang='lat' dir='ltr'><strong>mensibus</strong></span> <span class='ocrx_word' id='word_1_746' title='bbox 1143 4629 1201 4680; x_wconf 88' lang='lat' dir='ltr'><strong>sex,</strong></span> <span class='ocrx_word' id='word_1_747' title='bbox 1218 4621 1245 4668; x_wconf 92' lang='lat' dir='ltr'><strong>et</strong></span> <span class='ocrx_word' id='word_1_748' title='bbox 1255 4613 1353 4670; x_wconf 89' lang='lat' dir='ltr'><strong>diebus</strong></span> <span class='ocrx_word' id='word_1_749' title='bbox 1367 4624 1429 4670; x_wconf 89' lang='lat' dir='ltr'><strong>octo</strong></span> <span class='ocrx_word' id='word_1_750' title='bbox 1445 4561 1596 4672; x_wconf 72' lang='lat' dir='ltr'><strong>domanam</strong></span> <span class='ocrx_word' id='word_1_751' title='bbox 1611 4615 1687 4673; x_wconf 88' lang='lat' dir='ltr'><strong>rexit</strong></span> <span class='ocrx_word' id='word_1_752' title='bbox 1700 4616 1786 4673; x_wconf 87' lang='lat' dir='ltr'><strong>Eccle-</strong></span> 
     </span>
     <span class='ocr_line' id='line_1_116' title="bbox 987 4684 1786 4758; baseline 0.004 -20"><span class='ocrx_word' id='word_1_753' title='bbox 987 4684 1067 4739; x_wconf 88' lang='lat' dir='ltr'><strong>siam.</strong></span> <span class='ocrx_word' id='word_1_754' title='bbox 1084 4685 1135 4739; x_wconf 85' lang='lat' dir='ltr'><strong>llie</strong></span> <span class='ocrx_word' id='word_1_755' title='bbox 1162 4685 1319 4740; x_wconf 91' lang='lat' dir='ltr'><strong>tricesimus</strong></span> <span class='ocrx_word' id='word_1_756' title='bbox 1335 4686 1441 4757; x_wconf 90' lang='lat' dir='ltr'><strong>primus</strong></span> <span class='ocrx_word' id='word_1_757' title='bbox 1467 4693 1525 4740; x_wconf 90' lang='lat' dir='ltr'><strong>erat</strong></span> <span class='ocrx_word' id='word_1_758' title='bbox 1550 4697 1613 4758; x_wconf 90' lang='lat' dir='ltr'><strong>post</strong></span> <span class='ocrx_word' id='word_1_759' title='bbox 1627 4687 1747 4753; x_wconf 87' lang='lat' dir='ltr'><strong>Petrum,</strong></span> <span class='ocrx_word' id='word_1_760' title='bbox 1761 4693 1786 4742; x_wconf 86' lang='lat' dir='ltr'><strong>et</strong></span> 
     </span>
    </p>
   </div>
   <div class='ocr_carea' id='block_1_19' title="bbox 129 4745 1786 4829">
    <p class='ocr_par' dir='ltr' id='par_1_25' title="bbox 129 4745 1786 4829">
     <span class='ocr_line' id='line_1_117' title="bbox 129 4745 1786 4829; baseline 0.009 -33"><span class='ocrx_word' id='word_1_761' title='bbox 129 4750 248 4814; x_wconf 91' lang='lat' dir='ltr'><strong>quatuor</strong></span> <span class='ocrx_word' id='word_1_762' title='bbox 263 4745 411 4799; x_wconf 84' lang='lat' dir='ltr'><strong>Romanam</strong></span> <span class='ocrx_word' id='word_1_763' title='bbox 425 4746 541 4802; x_wconf 70' lang='lat' dir='ltr'><strong>rexisset</strong></span> <span class='ocrx_word' id='word_1_764' title='bbox 554 4747 717 4814; x_wconf 90' lang='lat' dir='ltr'><strong>Ecclesiam,</strong></span> <span class='ocrx_word' id='word_1_765' title='bbox 734 4750 867 4820; x_wconf 87' lang='lat' dir='ltr'><strong>martyrio</strong></span> <span class='ocrx_word' id='word_1_766' title='bbox 881 4768 933 4806; x_wconf 92' lang='lat' dir='ltr'><strong>co-</strong></span> <span class='ocrx_word' id='word_1_767' title='bbox 950 4757 974 4814; x_wconf 86' lang='grc' dir='ltr'><strong>Ι)</strong></span> <span class='ocrx_word' id='word_1_768' title='bbox 989 4755 1145 4820; x_wconf 89' lang='lat' dir='ltr'><strong>constituit,</strong></span> <span class='ocrx_word' id='word_1_769' title='bbox 1162 4763 1194 4809; x_wconf 91' lang='lat' dir='ltr'><strong>ut</strong></span> <span class='ocrx_word' id='word_1_770' title='bbox 1208 4755 1253 4810; x_wconf 91' lang='lat' dir='ltr'><strong>die</strong></span> <span class='ocrx_word' id='word_1_771' title='bbox 1268 4758 1425 4822; x_wconf 85' lang='lat' dir='ltr'><strong>Dorrrinica,</strong></span> <span class='ocrx_word' id='word_1_772' title='bbox 1452 4765 1479 4812; x_wconf 91' lang='lat' dir='ltr'><strong>et</strong></span> <span class='ocrx_word' id='word_1_773' title='bbox 1500 4756 1601 4829; x_wconf 84' lang='lat' dir='ltr'><strong>quinta</strong></span> <span class='ocrx_word' id='word_1_774' title='bbox 1618 4757 1687 4815; x_wconf 81' lang='lat' dir='ltr'><strong>teria</strong></span> <span class='ocrx_word' id='word_1_775' title='bbox 1710 4757 1786 4815; x_wconf 85' lang='lat' dir='ltr'><strong>nulla</strong></span> 
     </span>
    </p>
   </div>
   <div class='ocr_carea' id='block_1_20' title="bbox 124 4815 933 5605">
    <p class='ocr_par' dir='ltr' id='par_1_26' title="bbox 128 4815 933 4947">
     <span class='ocr_line' id='line_1_118' title="bbox 128 4815 933 4886; baseline 0.012 -18"><span class='ocrx_word' id='word_1_776' title='bbox 128 4821 253 4880; x_wconf 89' lang='lat' dir='ltr'><strong>renatus,</strong></span> <span class='ocrx_word' id='word_1_777' title='bbox 267 4815 392 4886; x_wconf 91' lang='lat' dir='ltr'><strong>sepultus</strong></span> <span class='ocrx_word' id='word_1_778' title='bbox 414 4824 455 4871; x_wconf 87' lang='lat' dir='ltr'><strong>est</strong></span> <span class='ocrx_word' id='word_1_779' title='bbox 482 4819 511 4870; x_wconf 87' lang='lat' dir='ltr'><strong>in</strong></span> <span class='ocrx_word' id='word_1_780' title='bbox 535 4818 676 4873; x_wconf 89' lang='lat' dir='ltr'><strong>cimiterio</strong></span> <span class='ocrx_word' id='word_1_781' title='bbox 695 4819 835 4875; x_wconf 86' lang='lat' dir='ltr'><strong>Calixti.·</strong></span> <span class='ocrx_word' id='word_1_782' title='bbox 860 4821 933 4878; x_wconf 87' lang='lat' dir='ltr'><strong>Vide</strong></span> 
     </span>
     <span class='ocr_line' id='line_1_119' title="bbox 128 4889 292 4947; baseline -0.012 -5"><span class='ocrx_word' id='word_1_783' title='bbox 128 4889 292 4947; x_wconf 81' lang='lat' dir='ltr'><strong>Auurcmcr.</strong></span> 
     </span>
    </p>

    <p class='ocr_par' dir='ltr' id='par_1_27' title="bbox 124 4957 933 5605">
     <span class='ocr_line' id='line_1_120' title="bbox 163 4957 931 5033; baseline 0.005 -18"><span class='ocrx_word' id='word_1_784' title='bbox 163 4957 333 5015; x_wconf 75' lang='lat' dir='ltr'><strong>Carrucam:</strong></span> <span class='ocrx_word' id='word_1_785' title='bbox 357 4957 458 5027; x_wconf 76' lang='lat' dir='ltr'><strong>«Apud</strong></span> <span class='ocrx_word' id='word_1_786' title='bbox 467 4958 618 5014; x_wconf 85' lang='lat' dir='ltr'><strong>Emeritam</strong></span> <span class='ocrx_word' id='word_1_787' title='bbox 630 4960 768 5032; x_wconf 76' lang='lat' dir='ltr'><strong>Hispania</strong></span> <span class='ocrx_word' id='word_1_788' title='bbox 779 4961 931 5033; x_wconf 86' lang='lat' dir='ltr'><strong>civitatem,</strong></span> 
     </span>
     <span class='ocr_line' id='line_1_121' title="bbox 128 5028 933 5112; baseline 0.007 -26"><span class='ocrx_word' id='word_1_789' title='bbox 128 5036 229 5086; x_wconf 78' lang='lat' dir='ltr'><strong>sancta</strong></span> <span class='ocrx_word' id='word_1_790' title='bbox 248 5028 364 5086; x_wconf 80' lang='lat' dir='ltr'><strong>Eulalia</strong></span> <span class='ocrx_word' id='word_1_791' title='bbox 388 5029 517 5102; x_wconf 80' lang='lat' dir='ltr'><strong>virginis,</strong></span> <span class='ocrx_word' id='word_1_792' title='bbox 543 5046 604 5112; x_wconf 81' lang='lat' dir='ltr'><strong>qum</strong></span> <span class='ocrx_word' id='word_1_793' title='bbox 618 5032 670 5087; x_wconf 90' lang='lat' dir='ltr'><strong>sub</strong></span> <span class='ocrx_word' id='word_1_794' title='bbox 699 5032 820 5089; x_wconf 83' lang='lat' dir='ltr'><strong>Deciano</strong></span> <span class='ocrx_word' id='word_1_795' title='bbox 845 5036 933 5092; x_wconf 90' lang='lat' dir='ltr'><strong>multa</strong></span> 
     </span>
     <span class='ocr_line' id='line_1_122' title="bbox 126 5102 932 5183; baseline 0.009 -27"><span class='ocrx_word' id='word_1_796' title='bbox 126 5116 255 5183; x_wconf 88' lang='lat' dir='ltr'><strong>perpessa</strong></span> <span class='ocrx_word' id='word_1_797' title='bbox 278 5107 425 5169; x_wconf 89' lang='lat' dir='ltr'><strong>tormenta,</strong></span> <span class='ocrx_word' id='word_1_798' title='bbox 457 5102 609 5159; x_wconf 80' lang='lat' dir='ltr'><strong>novissume</strong></span> <span class='ocrx_word' id='word_1_799' title='bbox 631 5102 727 5159; x_wconf 89' lang='lat' dir='ltr'><strong>oculeo</strong></span> <span class='ocrx_word' id='word_1_800' title='bbox 754 5120 883 5176; x_wconf 83' lang='lat' dir='ltr'><strong>appensa,</strong></span> <span class='ocrx_word' id='word_1_801' title='bbox 904 5116 932 5163; x_wconf 92' lang='lat' dir='ltr'><strong>et</strong></span> 
     </span>
     <span class='ocr_line' id='line_1_123' title="bbox 126 5173 929 5245; baseline 0.009 -18"><span class='ocrx_word' id='word_1_802' title='bbox 126 5187 190 5245; x_wconf 75' lang='lat' dir='ltr'><strong>rgne</strong></span> <span class='ocrx_word' id='word_1_803' title='bbox 201 5173 235 5228; x_wconf 93' lang='lat' dir='ltr'><strong>ad</strong></span> <span class='ocrx_word' id='word_1_804' title='bbox 247 5174 331 5229; x_wconf 88' lang='lat' dir='ltr'><strong>latera</strong></span> <span class='ocrx_word' id='word_1_805' title='bbox 347 5174 437 5244; x_wconf 91' lang='lat' dir='ltr'><strong>posito</strong></span> <span class='ocrx_word' id='word_1_806' title='bbox 452 5173 622 5243; x_wconf 70' lang='lat' dir='ltr'><strong>ustulatam</strong></span> <span class='ocrx_word' id='word_1_807' title='bbox 638 5175 812 5231; x_wconf 86' lang='lat' dir='ltr'><strong>confessione</strong></span> <span class='ocrx_word' id='word_1_808' title='bbox 823 5175 929 5234; x_wconf 88' lang='lat' dir='ltr'><strong>Christi</strong></span> 
     </span>
     <span class='ocr_line' id='line_1_124' title="bbox 126 5244 929 5317; baseline 0.009 -18"><span class='ocrx_word' id='word_1_809' title='bbox 126 5244 220 5301; x_wconf 85' lang='lat' dir='ltr'><strong>emisit</strong></span> <span class='ocrx_word' id='word_1_810' title='bbox 237 5246 379 5317; x_wconf 88' lang='lat' dir='ltr'><strong>spiritum.</strong></span> <span class='ocrx_word' id='word_1_811' title='bbox 399 5246 461 5316; x_wconf 92' lang='lat' dir='ltr'><strong>lpso</strong></span> <span class='ocrx_word' id='word_1_812' title='bbox 475 5245 521 5301; x_wconf 89' lang='lat' dir='ltr'><strong>die</strong></span> <span class='ocrx_word' id='word_1_813' title='bbox 534 5254 562 5302; x_wconf 90' lang='lat' dir='ltr'><strong>et</strong></span> <span class='ocrx_word' id='word_1_814' title='bbox 588 5244 702 5314; x_wconf 89' lang='lat' dir='ltr'><strong>ibidem,</strong></span> <span class='ocrx_word' id='word_1_815' title='bbox 728 5255 830 5304; x_wconf 83' lang='lat' dir='ltr'><strong>sanctas</strong></span> <span class='ocrx_word' id='word_1_816' title='bbox 849 5249 929 5306; x_wconf 80' lang='lat' dir='ltr'><strong>iulias</strong></span> 
     </span>
     <span class='ocr_line' id='line_1_125' title="bbox 126 5315 926 5391; baseline 0.008 -22"><span class='ocrx_word' id='word_1_817' title='bbox 126 5315 294 5388; x_wconf 80' lang='lat' dir='ltr'><strong>pedissequa</strong></span> <span class='ocrx_word' id='word_1_818' title='bbox 318 5316 386 5390; x_wconf 87' lang='lat' dir='ltr'><strong>ejus.</strong></span> <span class='ocrx_word' id='word_1_819' title='bbox 409 5317 478 5373; x_wconf 90' lang='lat' dir='ltr'><strong>ltem</strong></span> <span class='ocrx_word' id='word_1_820' title='bbox 502 5318 574 5388; x_wconf 90' lang='lat' dir='ltr'><strong>apud</strong></span> <span class='ocrx_word' id='word_1_821' title='bbox 599 5319 722 5374; x_wconf 88' lang='lat' dir='ltr'><strong>eamdem</strong></span> <span class='ocrx_word' id='word_1_822' title='bbox 746 5319 926 5391; x_wconf 77' lang='lat' dir='ltr'><strong>prouinciam,</strong></span> 
     </span>
     <span class='ocr_line' id='line_1_126' title="bbox 126 5387 926 5464; baseline 0.01 -25"><span class='ocrx_word' id='word_1_823' title='bbox 126 5395 283 5464; x_wconf 81' lang='lat' dir='ltr'><strong>sauctorum</strong></span> <span class='ocrx_word' id='word_1_824' title='bbox 293 5387 437 5460; x_wconf 83' lang='lat' dir='ltr'><strong>Carpotori</strong></span> <span class='ocrx_word' id='word_1_825' title='bbox 449 5389 602 5461; x_wconf 85' lang='lat' dir='ltr'><strong>presbyteri</strong></span> <span class='ocrx_word' id='word_1_826' title='bbox 617 5399 645 5446; x_wconf 90' lang='lat' dir='ltr'><strong>et</strong></span> <span class='ocrx_word' id='word_1_827' title='bbox 659 5390 926 5461; x_wconf 85' lang='lat' dir='ltr'><strong>Habendiidiaconi,</strong></span> 
     </span>
     <span class='ocr_line' id='line_1_127' title="bbox 126 5460 928 5534; baseline 0.015 -25"><span class='ocrx_word' id='word_1_828' title='bbox 126 5468 174 5524; x_wconf 88' lang='lat' dir='ltr'><strong>qur</strong></span> <span class='ocrx_word' id='word_1_829' title='bbox 189 5464 250 5526; x_wconf 90' lang='lat' dir='ltr'><strong>post</strong></span> <span class='ocrx_word' id='word_1_830' title='bbox 277 5461 364 5515; x_wconf 89' lang='lat' dir='ltr'><strong>multe</strong></span> <span class='ocrx_word' id='word_1_831' title='bbox 386 5460 439 5516; x_wconf 91' lang='lat' dir='ltr'><strong>sibi</strong></span> <span class='ocrx_word' id='word_1_832' title='bbox 465 5461 543 5516; x_wconf 91' lang='lat' dir='ltr'><strong>illata</strong></span> <span class='ocrx_word' id='word_1_833' title='bbox 558 5469 705 5529; x_wconf 90' lang='lat' dir='ltr'><strong>tormenta,</strong></span> <span class='ocrx_word' id='word_1_834' title='bbox 730 5462 821 5534; x_wconf 78' lang='lat' dir='ltr'><strong>gladio</strong></span> <span class='ocrx_word' id='word_1_835' title='bbox 836 5463 928 5533; x_wconf 85' lang='lat' dir='ltr'><strong>puniti</strong></span> 
     </span>
     <span class='ocr_line' id='line_1_128' title="bbox 124 5526 928 5605; baseline 0.015 -27"><span class='ocrx_word' id='word_1_836' title='bbox 124 5533 224 5580; x_wconf 81' lang='lat' dir='ltr'><strong>sunt·</strong></span> <span class='ocrx_word' id='word_1_837' title='bbox 247 5526 299 5584; x_wconf 87' lang='lat' dir='ltr'><strong>Hic</strong></span> <span class='ocrx_word' id='word_1_838' title='bbox 315 5531 390 5586; x_wconf 91' lang='lat' dir='ltr'><strong>solus</strong></span> <span class='ocrx_word' id='word_1_839' title='bbox 402 5533 489 5588; x_wconf 85' lang='lat' dir='ltr'><strong>codex</strong></span> <span class='ocrx_word' id='word_1_840' title='bbox 506 5533 677 5589; x_wconf 89' lang='lat' dir='ltr'><strong>Usuardinus</strong></span> <span class='ocrx_word' id='word_1_841' title='bbox 696 5542 747 5600; x_wconf 90' lang='lat' dir='ltr'><strong>est,</strong></span> <span class='ocrx_word' id='word_1_842' title='bbox 767 5536 794 5588; x_wconf 92' lang='lat' dir='ltr'><strong>in</strong></span> <span class='ocrx_word' id='word_1_843' title='bbox 809 5550 864 5605; x_wconf 94' lang='lat' dir='ltr'><strong>quo</strong></span> <span class='ocrx_word' id='word_1_844' title='bbox 875 5534 928 5590; x_wconf 92' lang='lat' dir='ltr'><strong>hoo</strong></span> 
     </span>
    </p>
   </div>
   <div class='ocr_carea' id='block_1_21' title="bbox 982 4825 1788 5625">
    <p class='ocr_par' dir='ltr' id='par_1_28' title="bbox 982 4825 1788 5625">
     <span class='ocr_line' id='line_1_129' title="bbox 990 4825 1787 4910; baseline 0.004 -29"><span class='ocrx_word' id='word_1_845' title='bbox 990 4826 1096 4906; x_wconf 84' lang='lat' dir='ltr'><strong>ratione</strong></span> <span class='ocrx_word' id='word_1_846' title='bbox 1111 4825 1263 4906; x_wconf 78' lang='lat' dir='ltr'><strong>Christiani</strong></span> <span class='ocrx_word' id='word_1_847' title='bbox 1274 4827 1442 4908; x_wconf 75' lang='lat' dir='ltr'><strong>jejunarent,</strong></span> <span class='ocrx_word' id='word_1_848' title='bbox 1452 4829 1517 4909; x_wconf 84' lang='lat' dir='ltr'><strong>quia</strong></span> <span class='ocrx_word' id='word_1_849' title='bbox 1533 4830 1632 4910; x_wconf 78' lang='lat' dir='ltr'><strong>pagani</strong></span> <span class='ocrx_word' id='word_1_850' title='bbox 1649 4830 1711 4888; x_wconf 82' lang='lat' dir='ltr'><strong>illos</strong></span> <span class='ocrx_word' id='word_1_851' title='bbox 1730 4829 1787 4886; x_wconf 87' lang='lat' dir='ltr'><strong>dies</strong></span> 
     </span>
     <span class='ocr_line' id='line_1_130' title="bbox 987 4901 1787 5048; baseline 0.004 -23"><span class='ocrx_word' id='word_1_852' title='bbox 987 4911 1334 5048; x_wconf 70' lang='lat' dir='ltr'><strong>llttttlldhlla</strong></span> <span class='ocrx_word' id='word_1_853' title='bbox 1347 4901 1787 5043; x_wconf 68' lang='lat' dir='ltr'><strong>.lulu.uuutl·.ttt²ltlut</strong></span> 
     </span>
     <span class='ocr_line' id='line_1_131' title="bbox 986 5039 1788 5115; baseline 0.005 -19"><span class='ocrx_word' id='word_1_854' title='bbox 986 5047 1074 5096; x_wconf 80' lang='lat' dir='ltr'><strong>sancti</strong></span> <span class='ocrx_word' id='word_1_855' title='bbox 1090 5039 1218 5111; x_wconf 81' lang='lat' dir='ltr'><strong>Syndulsr</strong></span> <span class='ocrx_word' id='word_1_856' title='bbox 1236 5043 1356 5115; x_wconf 89' lang='lat' dir='ltr'><strong>episcopi</strong></span> <span class='ocrx_word' id='word_1_857' title='bbox 1371 5050 1398 5099; x_wconf 89' lang='lat' dir='ltr'><strong>et</strong></span> <span class='ocrx_word' id='word_1_858' title='bbox 1412 5043 1611 5099; x_wconf 82' lang='lat' dir='ltr'><strong>confessoris·</strong></span> <span class='ocrx_word' id='word_1_859' title='bbox 1633 5044 1688 5102; x_wconf 87' lang='lat' dir='ltr'><strong>Hic</strong></span> <span class='ocrx_word' id='word_1_860' title='bbox 1699 5060 1717 5102; x_wconf 85' lang='lat' dir='ltr'><strong>a</strong></span> <span class='ocrx_word' id='word_1_861' title='bbox 1728 5045 1788 5103; x_wconf 83' lang='lat' dir='ltr'><strong>uto-</strong></span> 
     </span>
     <span class='ocr_line' id='line_1_132' title="bbox 986 5111 1787 5193; baseline 0.007 -26"><span class='ocrx_word' id='word_1_862' title='bbox 986 5111 1087 5167; x_wconf 91' lang='lat' dir='ltr'><strong>sandro</strong></span> <span class='ocrx_word' id='word_1_863' title='bbox 1096 5111 1189 5193; x_wconf 72' lang='lat' dir='ltr'><strong>hdoui</strong></span> <span class='ocrx_word' id='word_1_864' title='bbox 1206 5114 1348 5182; x_wconf 84' lang='lat' dir='ltr'><strong>tribuitur,</strong></span> <span class='ocrx_word' id='word_1_865' title='bbox 1365 5113 1413 5170; x_wconf 92' lang='lat' dir='ltr'><strong>sed</strong></span> <span class='ocrx_word' id='word_1_866' title='bbox 1424 5114 1597 5186; x_wconf 81' lang='lat' dir='ltr'><strong>Roswsydus</strong></span> <span class='ocrx_word' id='word_1_867' title='bbox 1610 5114 1787 5190; x_wconf 88' lang='lat' dir='ltr'><strong>inappeudi·</strong></span> 
     </span>
     <span class='ocr_line' id='line_1_133' title="bbox 984 5185 1787 5262; baseline 0.007 -23"><span class='ocrx_word' id='word_1_868' title='bbox 984 5199 1054 5262; x_wconf 72' lang='lat' dir='ltr'><strong>cem¹</strong></span> <span class='ocrx_word' id='word_1_869' title='bbox 1065 5192 1168 5255; x_wconf 82' lang='lat' dir='ltr'><strong>reJeert.</strong></span> <span class='ocrx_word' id='word_1_870' title='bbox 1192 5186 1246 5240; x_wconf 76' lang='lat' dir='ltr'><strong>«ln</strong></span> <span class='ocrx_word' id='word_1_871' title='bbox 1267 5185 1351 5243; x_wconf 89' lang='lat' dir='ltr'><strong>Curia</strong></span> <span class='ocrx_word' id='word_1_872' title='bbox 1366 5185 1787 5260; x_wconf 78' lang='lat' dir='ltr'><strong>eurians1,sanatauymerlm</strong></span> 
     </span>
     <span class='ocr_line' id='line_1_134' title="bbox 983 5254 1787 5399; baseline 0.004 -15"><span class='ocrx_word' id='word_1_873' title='bbox 983 5254 1313 5386; x_wconf 53' lang='lat' dir='ltr'><strong>llulhtiuutlll</strong></span> <span class='ocrx_word' id='word_1_874' title='bbox 1330 5257 1509 5389; x_wconf 66' lang='lat' dir='ltr'><strong>blaudi</strong></span> <span class='ocrx_word' id='word_1_875' title='bbox 1522 5254 1787 5399; x_wconf 60' lang='lat' dir='ltr'><strong>stabulau</strong></span> 
     </span>
     <span class='ocr_line' id='line_1_135' title="bbox 982 5413 1787 5545; baseline 0.009 -21"><span class='ocrx_word' id='word_1_876' title='bbox 982 5413 1224 5550; x_wconf 58' lang='lat' dir='ltr'><strong>cuddddoddddin</strong></span> <span class='ocrx_word' id='word_1_877' title='bbox 1243 5469 1298 5528; x_wconf 87' lang='lat' dir='ltr'><strong>lino</strong></span> <span class='ocrx_word' id='word_1_878' title='bbox 1319 5469 1417 5545; x_wconf 82' lang='lat' dir='ltr'><strong>adjicit</strong></span> <span class='ocrx_word' id='word_1_879' title='bbox 1441 5470 1787 5533; x_wconf 78' lang='lat' dir='ltr'><strong>mummauatimiaam</strong></span> 
     </span>
     <span class='ocr_line' id='line_1_136' title="bbox 985 5538 1787 5625; baseline 0.017 -33"><span class='ocrx_word' id='word_1_880' title='bbox 985 5538 1165 5608; x_wconf 74' lang='lat' dir='ltr'><strong>alerannum,</strong></span> <span class='ocrx_word' id='word_1_881' title='bbox 1186 5557 1247 5613; x_wconf 83' lang='lat' dir='ltr'><strong>qua</strong></span> <span class='ocrx_word' id='word_1_882' title='bbox 1269 5542 1355 5601; x_wconf 85' lang='lat' dir='ltr'><strong>etiem</strong></span> <span class='ocrx_word' id='word_1_883' title='bbox 1384 5542 1459 5625; x_wconf 59' lang='lat'><strong>9⁹⁰4</strong></span> <span class='ocrx_word' id='word_1_884' title='bbox 1484 5543 1669 5609; x_wconf 71' lang='lat' dir='ltr'><strong>umanum</strong></span> <span class='ocrx_word' id='word_1_885' title='bbox 1695 5540 1787 5605; x_wconf 71' lang='lat' dir='ltr'><strong>Moci</strong></span> 
     </span>
    </p>
   </div>
   <div class='ocr_carea' id='block_1_22' title="bbox 125 5593 1789 5725">
    <p class='ocr_par' dir='ltr' id='par_1_29' title="bbox 125 5593 1789 5725">
     <span class='ocr_line' id='line_1_137' title="bbox 125 5593 1789 5725; baseline 0.019 -74"><span class='ocrx_word' id='word_1_886' title='bbox 125 5593 171 5651; x_wconf 87' lang='lat' dir='ltr'><strong>die</strong></span> <span class='ocrx_word' id='word_1_887' title='bbox 183 5594 240 5651; x_wconf 92' lang='lat' dir='ltr'><strong>duo</strong></span> <span class='ocrx_word' id='word_1_888' title='bbox 251 5596 292 5651; x_wconf 91' lang='lat' dir='ltr'><strong>illi</strong></span> <span class='ocrx_word' id='word_1_889' title='bbox 307 5612 444 5725; x_wconf 50' lang='lat' dir='ltr'><strong>martgres</strong></span> <span class='ocrx_word' id='word_1_890' title='bbox 456 5604 595 5677; x_wconf 80' lang='lat' dir='ltr'><strong>Hispania</strong></span> <span class='ocrx_word' id='word_1_891' title='bbox 606 5604 780 5661; x_wconf 89' lang='lat' dir='ltr'><strong>ascribantur</strong></span> <span class='ocrx_word' id='word_1_892' title='bbox 797 5623 804 5671; x_wconf 89' lang='grc'>;</span> <span class='ocrx_word' id='word_1_893' title='bbox 819 5621 859 5660; x_wconf 88' lang='lat' dir='ltr'><strong>xn</strong></span> <span class='ocrx_word' id='word_1_894' title='bbox 869 5607 928 5660; x_wconf 86' lang='lat' dir='ltr'><strong>De·</strong></span> <span class='ocrx_word' id='word_1_895' title='bbox 983 5610 1142 5676; x_wconf 79' lang='lat' dir='ltr'><strong>ascribitur,</strong></span> <span class='ocrx_word' id='word_1_896' title='bbox 1158 5608 1639 5699; x_wconf 41' lang='lat' dir='ltr'><strong>aRosweyduthcttdtthtbit</strong></span> <span class='ocrx_word' id='word_1_897' title='bbox 1652 5614 1789 5697; x_wconf 60' lang='lat' dir='ltr'><strong>§.Ma</strong></span> 
     </span>
    </p>
   </div>
   <div class='ocr_carea' id='block_1_23' title="bbox 123 5664 553 5733">
    <p class='ocr_par' dir='ltr' id='par_1_30' title="bbox 123 5664 553 5733">
     <span class='ocr_line' id='line_1_138' title="bbox 123 5664 553 5733; baseline 0.028 -12"><span class='ocrx_word' id='word_1_898' title='bbox 123 5664 361 5724; x_wconf 83' lang='lat' dir='ltr'><strong>cembrisaccedit</strong></span> <span class='ocrx_word' id='word_1_899' title='bbox 397 5690 553 5733; x_wconf 70' lang='lat' dir='ltr'><strong>susurnam.</strong></span> 
     </span>
    </p>
   </div>
   <div class='ocr_carea' id='block_1_24' title="bbox 979 5680 1013 5738">
    <p class='ocr_par' dir='ltr' id='par_1_31' title="bbox 979 5680 1013 5738">
     <span class='ocr_line' id='line_1_139' title="bbox 979 5680 1013 5738; baseline -0.059 0"><span class='ocrx_word' id='word_1_900' title='bbox 979 5680 1013 5738; x_wconf 93' lang='lat' dir='ltr'><strong>de</strong></span> 
     </span>
    </p>
   </div>
   <div class='ocr_carea' id='block_1_25' title="bbox 159 5682 1790 5817">
    <p class='ocr_par' dir='ltr' id='par_1_32' title="bbox 159 5682 1790 5817">
     <span class='ocr_line' id='line_1_140' title="bbox 159 5682 1790 5817; baseline 0.008 -26"><span class='ocrx_word' id='word_1_901' title='bbox 159 5737 338 5794; x_wconf 82' lang='lat' dir='ltr'><strong>Bnoxuman.</strong></span> <span class='ocrx_word' id='word_1_902' title='bbox 354 5741 453 5812; x_wconf 85' lang='lat' dir='ltr'><strong>incipit</strong></span> <span class='ocrx_word' id='word_1_903' title='bbox 467 5745 501 5799; x_wconf 92' lang='lat' dir='ltr'><strong>ab</strong></span> <span class='ocrx_word' id='word_1_904' title='bbox 516 5746 636 5813; x_wconf 83' lang='lat' dir='ltr'><strong>Eulalia,</strong></span> <span class='ocrx_word' id='word_1_905' title='bbox 654 5747 742 5802; x_wconf 89' lang='lat' dir='ltr'><strong>textui</strong></span> <span class='ocrx_word' id='word_1_906' title='bbox 763 5745 899 5817; x_wconf 87' lang='lat' dir='ltr'><strong>adjiciens</strong></span> <span class='ocrx_word' id='word_1_907' title='bbox 916 5766 922 5802; x_wconf 90' lang='lat'><strong>:</strong></span> <span class='ocrx_word' id='word_1_908' title='bbox 979 5682 1790 5811; x_wconf 43' lang='lat' dir='ltr'><strong>beffiisdtiVaMelohmdmde‘hfflfflff</strong></span> 
     </span>
    </p>
   </div>
   <div class='ocr_carea' id='block_1_26' title="bbox 128 5755 1360 5898">
    <p class='ocr_par' dir='ltr' id='par_1_33' title="bbox 128 5755 1360 5898">
     <span class='ocr_line' id='line_1_141' title="bbox 333 5755 1360 5827; baseline 0.03 -42"><span class='ocrx_word' id='word_1_909' title='bbox 333 5809 337 5818; x_wconf 37' lang='grc' dir='ltr'>Ι</span> <span class='ocrx_word' id='word_1_910' title='bbox 473 5815 478 5825; x_wconf 92' lang='lat'><strong>.</strong></span> <span class='ocrx_word' id='word_1_911' title='bbox 511 5817 516 5827; x_wconf 91' lang='lat'><strong>.</strong></span> <span class='ocrx_word' id='word_1_912' title='bbox 557 5818 562 5826; x_wconf 28' lang='lat'>⁸</span> <span class='ocrx_word' id='word_1_913' title='bbox 617 5817 621 5825; x_wconf 35' lang='grc' dir='ltr'>Ι</span> <span class='ocrx_word' id='word_1_914' title='bbox 1134 5755 1213 5822; x_wconf 86' lang='lat' dir='ltr'><strong>[adde</strong></span> <span class='ocrx_word' id='word_1_915' title='bbox 1227 5760 1256 5813; x_wconf 81' lang='lat' dir='ltr'><strong>et</strong></span> <span class='ocrx_word' id='word_1_916' title='bbox 1349 5772 1360 5778; x_wconf 80' lang='grc'><strong>’</strong></span> 
     </span>
     <span class='ocr_line' id='line_1_142' title="bbox 128 5766 1346 5898; baseline 0.02 -34"><span class='ocrx_word' id='word_1_917' title='bbox 128 5808 189 5865; x_wconf 81' lang='lat' dir='ltr'><strong>«m</strong></span> <span class='ocrx_word' id='word_1_918' title='bbox 214 5810 393 5866; x_wconf 88' lang='lat' dir='ltr'><strong>cerueatrbus</strong></span> <span class='ocrx_word' id='word_1_919' title='bbox 414 5812 589 5882; x_wconf 86' lang='lat' dir='ltr'><strong>Chrrstranrs,</strong></span> <span class='ocrx_word' id='word_1_920' title='bbox 615 5831 644 5871; x_wconf 91' lang='lat' dir='ltr'><strong>m</strong></span> <span class='ocrx_word' id='word_1_921' title='bbox 676 5819 765 5888; x_wconf 88' lang='lat' dir='ltr'><strong>specie</strong></span> <span class='ocrx_word' id='word_1_922' title='bbox 787 5818 923 5875; x_wconf 77' lang='lat' dir='ltr'><strong>columbe</strong></span> <span class='ocrx_word' id='word_1_923' title='bbox 977 5832 1065 5893; x_wconf 89' lang='lat' dir='ltr'><strong>naret,</strong></span> <span class='ocrx_word' id='word_1_924' title='bbox 1091 5825 1157 5896; x_wconf 88' lang='lat' dir='ltr'><strong>quia</strong></span> <span class='ocrx_word' id='word_1_925' title='bbox 1174 5824 1249 5898; x_wconf 80' lang='lat' dir='ltr'><strong>ipsos</strong></span> <span class='ocrx_word' id='word_1_926' title='bbox 1265 5766 1346 5887; x_wconf 50' lang='grc' dir='ltr'><em>Ψ</em></span> 
     </span>
    </p>
   </div>
   <div class='ocr_carea' id='block_1_27' title="bbox 0 0 1923 6132">
    <p class='ocr_par' dir='ltr' id='par_1_34' title="bbox 0 0 1923 6132">
     <span class='ocr_line' id='line_1_143' title="bbox 0 0 1923 6132; baseline 0 0"><span class='ocrx_word' id='word_1_927' title='bbox 0 0 1923 6132; x_wconf 95' lang='lat' dir='ltr'><strong> </strong></span> 
     </span>
    </p>
   </div>
  </div>
 </body>
</html>
