3834 6136
125 215 194 277 1207

122 373 276 430 Germanus
293 367 352 425 hacc
365 381 443 440 pesse
453 365 528 434 tulit,
542 373 572 421 tu
584 364 636 420 rite
650 363 755 437 petenti

122 461 236 519 Munera
252 458 291 513 ler
303 456 414 529 linguae,
430 453 584 526 cujussunt
600 468 714 509 munera
730 453 832 526 lingua
849 471 855 510 ι

123 550 217 609 Gratia
231 548 303 604 veile
319 545 413 612 dedtt;
428 542 561 600 concedat
574 543 660 615 gratia
675 558 766 614 posse.

124 638 245 706 Audisti,
262 643 289 694 et
304 636 325 692 si
342 634 408 708 quid
424 633 511 705 potui,
530 639 562 687 tu
577 648 654 705 posse
669 632 782 689 dedisti.

124 729 196 786 llinc
208 736 256 784 tua
270 728 330 781 laus
342 732 436 780 nostro
449 738 558 795 semper
571 729 728 779 concrescat
743 722 773 777 in
789 736 846 789 ore,

123 817 184 876 Rex
194 814 387 888 regum,Pater
396 813 468 868 alme
477 811 633 881 hominum,
648 811 790 884 spesclara
800 817 920 866 tuorum.

125 905 212 975 Quem
227 919 276 960 sua
290 901 400 960 collatis
412 900 515 973 jubilat
529 899 672 972 plasmatio
686 897 806 968 bombis,

126 1001 218 1067 Astra,
233 995 302 1070 poli,
314 994 411 1063 nubes,
430 1001 456 1051 et
471 993 601 1051 machina
616 1001 714 1051 cuneta
729 992 869 1066 polomm,

126 1086 241 1161 Solque,
265 1099 396 1158 sororque
406 1096 429 1153 ⁸,
451 1082 540 1152 nives,
555 1081 740 1156 lymphaeque,
757 1088 784 1136 et
810 1080 925 1152 spiritus

380 1181 382 1185 ’
808 1169 921 1244 [onmis

126 1265 239 1335 Cauma,
256 1262 383 1338 geluque,
398 1260 467 1330 dies,
480 1268 507 1317 ct
522 1259 614 1317 densa
626 1257 723 1315 nubila
738 1260 838 1316 noctis.

127 1353 276 1424 Aridaque,
290 1357 317 1406 et
331 1356 448 1418 montes,
463 1348 560 1418 colles,
577 1356 604 1405 et
620 1346 720 1403 caerula
733 1348 822 1419 ponti,

127 1440 321 1513 Fluminaque,
335 1446 362 1495 et
377 1438 476 1508 lentes,
493 1438 559 1494 exin
574 1437 700 1494 viventia
711 1445 821 1508 cuncta,

127 1528 247 1602 Quasque
261 1528 339 1584 vehit
352 1527 443 1596 tellus,
459 1544 576 1600 aerque
591 1525 720 1600 provebit
733 1528 818 1596 altus,

128 1621 195 1688 Qua
206 1620 283 1677 vehit
303 1636 445 1694 aequoreus
461 1620 585 1677 diverses
599 1635 698 1693 gurges
715 1619 744 1674 in
760 1634 838 1675 usus.

166 1709 227 1765 l78.
244 1709 316 1781 Ergo
330 1725 389 1781 age,
400 1716 427 1764 et
441 1709 540 1764 oblatis
555 1724 674 1781 praesens
690 1707 803 1763 illabere
818 1707 890 1762 votis

128 1796 263 1871 Quodque
277 1797 341 1854 dare
353 1799 467 1870 placuit,
483 1800 587 1871 placeat
599 1806 706 1869 captare
718 1798 836 1853 libenter
848 1815 854 1863 ;

129 1886 165 1943 Ut
178 1886 317 1958 quondam
331 1886 449 1942 minimo
464 1887 575 1942 viduam
590 1886 742 1958 quadrante
756 1885 845 1941 beasti
858 1904 865 1953 ;

130 1979 341 2049 lgnoscensque,
361 1993 426 2033 meae
439 1978 607 2048 disrumpito
624 1977 736 2032 vincula
751 1978 839 2047 culpe
856 1993 862 2030 τ

129 2064 216 2121 Multa
231 2080 348 2135 namquo
363 2080 472 2134 premor
487 2065 635 2119 tormidine
649 2063 859 2135 suppliciorum.

131 2154 184 2221 En,
201 2151 288 2207 vitam
299 2151 427 2207 miseram
441 2150 498 2222 jam
512 2154 584 2207 trina
599 2151 733 2209 decennia
746 2160 867 2221 versant,

132 2243 254 2302 Additur
265 2243 309 2300 liis
321 2259 420 2309 annus,
436 2260 497 2299 aevo
514 2244 658 2316 gliscente,
674 2245 828 2312 secundus;

131 2333 228 2405 lleque
238 2331 303 2388 boni
319 2331 469 2404 quidquam
481 2347 623 2404 nunquam
640 2331 763 2403 gessisse,
781 2331 927 2390 recordor:

132 2421 203 2479 lline
217 2438 290 2479 curae
303 2420 458 2489 stimulant,
475 2427 502 2475 et
516 2420 617 2476 mentis
632 2419 665 2476 ad
676 2420 778 2477 intime
793 2422 930 2477 mordent.

130 2513 190 2570 lam
206 2510 313 2584 lapsum
330 2511 422 2566 releva
434 2529 441 2578 ;
451 2510 507 2582 jam
520 2527 604 2583 purga
620 2512 712 2578 sorde,
729 2512 856 2577 Creator;

130 2600 211 2655 Erue
224 2598 381 2670 praeteritis,
398 2600 580 2670 presentibus
595 2607 676 2672 atque
692 2609 777 2667 tuere,

132 2689 358 2761 Praecautumque
372 2687 438 2745 satis
449 2689 563 2762 aculpis
575 2690 659 2747 redde
673 2690 784 2748 luteris.

169 2854 182 2884 ι
195 2830 226 2887 ld
242 2838 293 2899 θεῖ,
312 2832 386 2887 lulla.

616 172 745 270 'smnio
762 209 925 270 uenient
943 206 1271 268 mansiooonnnsrs

1704 199 1772 258 {2⁰8

931 361 957 418 A
973 365 1012 421 lla
1027 361 1184 419 meminisse
1198 360 1330 428 tui,sicot
1344 356 1502 414 meminisse
1516 369 1629 411 necesse
1653 359 1707 418 est,

976 453 1039 513 Vita
1048 454 1124 526 prIus
1137 460 1218 524 rupto
1229 467 1311 523 quam
1321 448 1427 505 diffluat
1436 462 1517 503 auree
1530 444 1630 511 ductu,

976 543 1107 603 Effundat
1118 541 1238 614 liquidas
1252 540 1365 596 funisve
1378 543 1523 609 argenteus
1538 534 1638 600 undas,

977 634 1013 689 Et
1022 634 1140 691 cisterna
1156 639 1255 698 rotam,
1276 631 1336 685 lons
1360 628 1464 684 inlluos
1478 630 1580 681 atterat
1594 637 1697 679 umam
1719 640 1726 679 :

978 724 1059 790 Tum,
1074 721 1238 796 quandoque
1258 731 1350 798 omem
1363 715 1459 773 tenuis
1470 712 1629 770 substantia
1645 711 1713 768 vite

979 811 1101 884 liquerit
1115 809 1165 866 hos
1177 817 1261 877 artus,
1278 815 1305 864 et
1319 806 1490 864 conclamata
1502 800 1609 873 jacebit

977 901 1102 959 Materies
1114 899 1224 968 cineris,
1241 907 1271 954 tu
1286 897 1407 955 clemens
1422 909 1502 966 parce
1516 891 1697 963 Redemptor,

977 992 1017 1048 Ne
1036 1006 1079 1046 me
1091 989 1203 1045 tartarei
1218 987 1306 1060 rapiat
1321 986 1364 1041 vis
1380 985 1437 1040 ulla
1453 981 1588 1050 ministri,

978 1080 1037 1138 Neu
1064 1086 1141 1135 voret
1161 1078 1233 1135 hanc
1260 1076 1381 1132 animam
1408 1072 1574 1130 truculenta
1599 1071 1712 1128 flamma
1738 1090 1778 1146 ge·

1662 1162 1778 1237 [benna.

980 1260 1104 1333 Cumque
1122 1267 1149 1315 et
1163 1256 1349 1334 quadrifidum
1362 1257 1426 1312 linis
1437 1255 1627 1328 absumpserit
1644 1255 1703 1326 (tt,
1719 1270 1780 1309 con·

1484 1344 1661 1417 [sunipseritl
1678 1341 1778 1411 orbem,

980 1441 1153 1516 dilectisque
1170 1441 1210 1497 tui
1225 1440 1312 1512 judex
1326 1437 1482 1494 innomine
1497 1437 1602 1505 Patris,

979 1531 1119 1590 Iudicium
1134 1530 1212 1586 libris
1226 1537 1372 1601 tecumque
1387 1527 1494 1583 sedebit
1512 1526 1632 1598 apertis,

980 1623 1056 1680 lleul
1074 1621 1136 1694 quis
1154 1638 1197 1676 me
1211 1619 1328 1676 instanti
1345 1630 1402 1676 tom
1418 1617 1574 1674 defensabit
1585 1616 1622 1672 ab
1639 1616 1704 1672 ira?

980 1712 1135 1768 Subnixom
1151 1710 1254 1780 trabea,
1269 1709 1369 1782 praesul
1385 1709 1533 1775 Germane,
1545 1706 1667 1780 perenni

981 1802 1057 1857 Tunc
1068 1800 1272 1871 intorproeeros
1287 1807 1312 1855 tc
1329 1813 1439 1854 cernere
1452 1797 1536 1853 credo
1552 1810 1691 1868 supernos
1708 1812 1714 1849 :

981 1890 1053 1961 Ergo
1069 1888 1108 1942 tui
1125 1897 1194 1956 tum,
1209 1897 1302 1944 sancte
1318 1887 1407 1955 Pater,
1422 1885 1597 1942 miserescito
1612 1884 1704 1950 satis;

982 1977 1105 2049 Cumque
1122 1977 1205 2032 olidis
1228 1977 1355 2033 vinetum
1382 1977 1445 2049 [B.,
1459 1973 1607 2046 junctum]
1630 1973 1781 2046 despexeris

1562 2064 1687 2137 [cutinus
1701 2064 1781 2120 haulis

984 2153 1027 2224 (ld
1047 2153 1116 2209 mihi
1131 2170 1194 2210 nam
1209 2154 1345 2227 spondent
1359 2155 1492 2212 scelerum
1509 2161 1696 2209 monumento
1710 2170 1780 2209 meo·

1702 2245 1777 2316 {utini

984 2333 1054 2388 Tum
1068 2330 1166 2403 llegem
1179 2332 1305 2405 precibus
1318 2333 1426 2405 pulsare
1442 2339 1584 2388 irretirento
1599 2332 1738 2404 benignis.

984 2423 1123 2478 Flectetur
1140 2428 1223 2489 certe,
1235 2421 1308 2478 dicet
1323 2422 1466 2495 flexusque
1480 2423 1615 2479 ministro
1638 2442 1643 2479 :

985 2511 1137 2568 Germanus
1153 2510 1239 2582 poscit
1253 2529 1259 2576 ;
1272 2526 1327 2565 non
1343 2511 1381 2566 las
1390 2512 1529 2584 sprevisse
1540 2520 1701 2584 precantem
1715 2532 1721 2575 ;

987 2603 1065 2656 llune
1075 2600 1183 2656 hadom
1195 2602 1290 2656 niueos
1298 2601 1503 2674 quamprimum
1515 2603 1675 2659 transierin
1688 2621 1778 2676 egnes

986 2690 1081 2762 Agnus
1096 2697 1138 2745 eat
1150 2689 1256 2759 dexter,
1269 2689 1415 2747 decoretur
1429 2692 1534 2749 vellere
1549 2692 1681 2766 pulchro.

1023 2842 1037 2883 b
1051 2835 1103 2892 Pro
1117 2835 1335 2907 qrcoeudoeeequc.

404 3087 789 3200 MIRACULA
852 3093 1113 3206 SANCTI
1175 3097 1511 3209 GERMANI

723 3289 862 3339 eetscoet
890 3291 1193 3354 ANttsslononuusffi,

632 3407 810 3474 AUCTORE
824 3410 956 3475 EODEM
973 3413 1113 3478 HERICO
1134 3413 1331 3479 MONACHO.

218 3539 264 3603 lix
277 3538 465 3617 pervetusto
480 3536 591 3604 codiee
606 3544 814 3606 membraneo
830 3541 1036 3688 ergfflrligtnsi
1054 3559 1129 3608 cum
1145 3542 1214 3610 aliis
1240 3561 1318 3613 mss.
1335 3549 1367 3612 et
1382 3545 1525 3614 editione
1538 3551 1625 3617 Labb

993 3641 1024 3689 o

702 3751 792 3824 (Apud
810 3754 950 3823 Bollend„
965 3754 1034 3812 tulit
1049 3760 1127 3812 tomo
1141 3758 1211 3831 Vll.)

851 3885 1065 3898 ...ι-*-

655 3958 937 4036 PROLOGUS
980 3962 1267 4039 AUCTORlS.

887 4124 1033 4139 'vd-—

175 4207 199 4263 l.
214 4204 306 4263 Vitam
315 4212 342 4262 ct
355 4205 487 4265 Miracula
497 4210 656 4281 apostolicae
667 4212 934 4269 memoriaesnmme-

138 4312 191 4370 que
217 4311 280 4352 cum
304 4297 457 4353 reverentia
485 4299 650 4355 nominandi
676 4301 771 4356 domni
803 4300 931 4357 Gerrnazii

137 4383 269 4456 episcopi,
283 4385 387 4457 absque
414 4385 480 4441 ullis
497 4387 652 4443 litterarum
676 4389 811 4461 presidiis
833 4389 933 4460 inope-

138 4489 211 4541 roso,
227 4473 270 4528 rel
285 4474 376 4545 potius
386 4474 512 4546 profano,
525 4476 641 4546 diutius,
654 4494 735 4551 quam
748 4479 801 4535 luit
811 4497 932 4552 aequum,

137 4562 250 4618 latuisse
259 4562 380 4632 silentio,
395 4567 522 4621 consulta
531 4566 692 4636 diligentius
704 4569 831 4640 magistra
841 4586 931 4624 rernm

137 4657 253 4706 testatur
267 4652 426 4723 antiquitas.
443 4651 557 4709 Constat
572 4670 689 4726 namque
707 4656 740 4712 ad
755 4658 841 4714 sancti
858 4658 933 4715 Cen-

136 4739 205 4794 surii
220 4740 340 4812 episcopi
364 4748 497 4814 tempora,
513 4744 560 4816 qui
585 4752 698 4816 quartus
722 4755 782 4818 post
807 4748 932 4803 laestissi-

136 4845 211 4885 mum
226 4828 476 4889 Germanumrexit
486 4833 637 4892 Ecclesiam
650 4837 931 4906 Autissiodorensem,

135 4918 301 4975 intentatum
324 4919 453 4976 omnibus
474 4921 503 4977 id
520 4924 672 4996 perstitisse
697 4926 848 4997 negotium,
865 4928 930 4984 dum

134 5026 182 5083 per
199 5026 341 5068 successus
365 5019 520 5085 temporum
541 5013 668 5086 juniores
692 5016 794 5091 quique
809 5017 930 5089 simplici

133 5099 272 5156 seniorum
291 5100 423 5159 relatione
437 5103 572 5173 contenti,
584 5121 725 5179 nunquam
743 5105 801 5164 hae
815 5106 930 5164 arbitre-

132 5190 258 5249 banture
271 5192 404 5250 memoria
418 5210 496 5267 posse
505 5195 689 5265 obsolescere;
705 5197 929 5271 quandoquidem

132 5283 255 5354 vulgaris
270 5282 443 5341 inurbanitas
457 5291 516 5341 tum
528 5301 556 5342 se
566 5286 669 5358 optime
681 5287 769 5344 credit
783 5287 928 5344 diuturni-

131 5369 181 5424 tati
196 5373 360 5445 prospicere,
382 5390 445 5430 cum
464 5375 584 5434 illustria
608 5391 722 5449 quaque
746 5385 773 5433 et
793 5377 925 5447 maxima,

987 4209 1140 4282 perniciosa
1157 4220 1316 4270 sanctorum
1345 4217 1492 4289 praeconiis
1515 4218 1663 4277 interdum
1687 4218 1779 4295 peperit

987 4301 1162 4370 detrimenta,
1191 4306 1264 4377 quod
1294 4308 1341 4380 qui
1370 4306 1507 4380 imperitae
1529 4311 1683 4369 rusticitati
1708 4312 1778 4368 fidem

989 4403 1103 4465 astmat,
1132 4413 1225 4453 rarum
1244 4416 1379 4473 quemque
1408 4403 1545 4474 reperias3
1573 4407 1645 4462 dum
1676 4423 1780 4479 eaque·

987 4485 1115 4554 aderunt,
1133 4486 1233 4558 partim
1247 4487 1380 4555 fabulosa,
1390 4488 1484 4560 inepta
1498 4493 1603 4562 partim
1620 4502 1648 4550 et
1664 4495 1780 4562 ridicule,

988 4594 1088 4651 perque
1103 4577 1156 4635 hoc
1172 4579 1322 4636 litterarum
1339 4582 1466 4637 sacrariis
1476 4584 1655 4642 estimantur
1668 4586 1781 4658 indigna.

987 4667 1027 4721 lta
1042 4666 1144 4722 lactum
1160 4675 1210 4736 est,
1227 4675 1257 4723 ut
1270 4668 1396 4740 quadam
1412 4671 1538 4743 ignorata
1556 4676 1680 4745 penitus,
1690 4676 1743 4732 alia
1754 4675 1782 4730 ed

987 4755 1192 4812 succedentium
1208 4757 1336 4813 notitiam
1354 4757 1488 4815 insincere
1509 4764 1665 4833 manantia,
1685 4765 1785 4821 multir-

987 4860 1048 4898 rum
1063 4851 1088 4899 et
1108 4861 1269 4916 magnorum
1289 4855 1447 4905 sanctorum
1469 4851 1620 4923 praecelsas
1645 4854 1783 4911 memorias

987 4932 1218 4989 inofficiosissime
1233 4934 1418 4993 obscurarint.

1021 5023 1046 5078 2.
1066 5022 1146 5089 Quod
1161 5023 1183 5079 si
1201 5024 1330 5096 cuiquam
1347 5027 1416 5083 forte
1430 5027 1543 5084 curioso
1561 5045 1669 5099 rernm,
1687 5047 1718 5087 ea
1732 5045 1783 5103 qua

986 5113 1014 5168 in
1034 5111 1122 5168 Gestis
1137 5110 1170 5167 de
1193 5120 1269 5169 tanto
1295 5115 1422 5172 feruntur
1444 5117 1583 5187 antistite,
1613 5120 1709 5177 minus
1725 5128 1782 5175 rate.

985 5201 1076 5257 minus
1089 5202 1186 5274 plena;
1196 5201 1288 5259 mitius
1297 5203 1415 5278 denique
1443 5206 1561 5263 veritate
1577 5207 1705 5265 subnixa
1718 5208 1782 5263 ride·

983 5297 1074 5357 untur,
1102 5289 1176 5362 quod
1196 5290 1280 5361 prius,
1310 5308 1392 5364 quam
1415 5294 1473 5351 liae
1498 5294 1664 5365 ederentur,
1687 5297 1782 5370 aliquot

983 5387 1136 5450 temporum
1161 5378 1293 5436 dicuntur
1319 5381 1505 5439 interfluxisse
1534 5384 1697 5447 curricula:
1716 5386 1781 5441 liuere

130 5459 261 5515 succidua
273 5464 361 5519 solum
377 5464 535 5521 narratione
549 5464 583 5520 ad
598 5473 720 5537 posteros
736 5466 833 5522 iecerit
845 5483 926 5522 ema-
980 5474 1104 5540 jnspecta
1114 5466 1223 5522 ratione
1233 5468 1405 5540 diligentius,
1421 5471 1496 5544 quod
1507 5488 1563 5527 non
1580 5474 1669 5544 probe
1679 5474 1779 5537 sentiet,

129 5559 205 5601 nare.
221 5547 273 5603 Res
292 5549 343 5606 ista
357 5567 413 5607 non
431 5551 528 5609 insana
546 5551 638 5610 mitius
653 5569 734 5627 quam
755 5554 923 5628 improvida,
978 5557 1111 5614 adbibita
1120 5555 1274 5613 vetustatis
1284 5559 1436 5631 patrocinio
1445 5561 1779 5638 castigamussiquidem,
