3834 6136
201 215 254 276 666

850 216 1000 277 USUARDI
1018 217 1188 278 MONACHI.

1801 216 1856 278 611

238 352 366 424 Optimos
376 359 485 406 nostros
499 349 629 406 codicese
639 366 771 422 purorum
788 354 1004 409 numeroexelu·
1020 358 1045 415 A
1059 361 1163 409 carent.
1177 352 1236 406 Imo
1250 351 1280 407 in
1290 351 1503 424 Autuerp.-Maj.
1522 351 1598 408 deest
1612 360 1745 426 preterea
1771 352 1853 409 Seue-

202 425 268 483 dere
292 423 380 479 eoacti
409 438 516 489 sumus,
544 423 702 477 Pratensem
721 422 873 495 inprimis,
888 425 953 496 quia
971 441 1006 480 ex

204 495 262 569 ejus
277 502 357 550 textu
372 509 449 550 erasa
461 499 498 547 est
514 510 574 565 qua
586 492 632 549 hie
642 501 721 549 sexto
736 493 797 550 loeo
811 495 926 566 ponitur
939 498 1005 552 Mc-

203 570 248 623 riu
264 565 447 632 Nemorensis,
464 564 563 620 relicto
573 564 662 636 spatio
674 574 811 632 uacuo,ut
821 574 939 622 testatur
947 570 1006 623 clar

204 639 387 705 Castellanus,
411 635 459 762 qilii
489 642 515 690 et
539 636 697 692 observavit
714 636 842 708 rejectam
872 654 932 693 eam
948 654 1005 694 esse

204 711 237 767 ad
252 726 304 765 xxi
319 708 422 764 Novem
446 706 494 774 ris,
509 706 588 762 alteri
604 707 761 764 inductioni
776 708 837 765 illic
860 708 1003 779 iuscripta.

203 782 364 854 Sequuntur
379 779 537 834 Pratensem
553 778 627 834 soliti
652 779 721 836 socii
742 780 962 853 Antuerp.·MaJ'.
979 788 1007 837 et

204 850 364 923 Rosweyd,
383 850 430 923 qui
449 847 530 905 ambo
545 850 657 923 praeiata
683 851 896 908 annuntiatione
921 852 1004 908 etiam

1059 425 1137 478 rium
1154 424 1305 479 monachus.
1321 423 1379 480 Hoc
1392 439 1500 496 quoque
1514 424 1652 497 peculiare
1665 423 1772 481 habeut
1785 439 1853 496 prae·

1059 495 1108 551 fati
1119 496 1230 552 codices
1246 494 1319 567 quud
1334 495 1558 551 annuntiationis
1580 493 1675 567 primae
1697 494 1855 551 membrum

1060 567 1210 622 secundum
1227 566 1267 622 sic
1282 566 1434 638 incipiant:
1451 568 1557 622 Teretes
1567 584 1629 621 uero
1640 567 1797 638 Gregorius,
1808 565 1857 622 ubi

1059 637 1162 710 reliqui
1173 653 1269 693 omnes
1284 637 1495 694 indeterminate
1509 638 1618 709 legunt:
1635 638 1687 694 Sed
1700 645 1725 693 et
1752 638 1857 708 Grego-

1060 709 1118 763 rius
1131 727 1141 773 ,·
1155 708 1264 765 codices
1289 725 1354 764 iero
1369 710 1466 764 mediae
1493 717 1565 764 notae
1581 709 1681 765 melius
1707 708 1856 781 designant

1062 780 1401 851 Gregoi·iurrrquertrim.lii
1413 780 1580 848 Heriuiensi,
1590 780 1855 853 caeterapuriasimo,

1060 858 1196 908 mutatum
1221 859 1263 908 est
1276 851 1399 909 Marcelli
1409 851 1540 924 elogium,
1555 858 1587 907 ut
1600 851 1675 907 inira
1685 850 1803 924 patebit.

853 1002 1156 1063 OBSERVATIONES.

239 1119 497 1193 indutiquionbus
522 1120 698 1178 Kalendariis
721 1131 769 1179 aut
784 1123 1001 1196 hieronymiano

203 1193 355 1266 Martyrolo
375 1193 401 1246 io
416 1191 628 1264 querendauun
653 1200 694 1249 est
716 1195 892 1251 annuntiatio
907 1203 1001 1251 nostra

222 1264 292 1321 rima
305 1264 339 1321 de
351 1210 502 1320 festivitate
514 1263 546 1319 B.
562 1264 599 1321 M.
610 1264 677 1321 V.et
687 1265 812 1321 omnium
827 1265 1001 1334 Sanctorum,

203 1281 238 1393 36
246 1335 327 1407 quus
337 1338 425 1407 prima
432 1334 671 1404 inchoatione,seu
681 1336 797 1393 Panthei
807 1337 838 1392 in
849 1336 1001 1394 Ecclesiam

203 1406 390 1464 Christianam
405 1407 569 1475 mutatione,
582 1422 644 1464 curu
673 1408 796 1465 Romano
824 1424 909 1480 parvo
923 1424 1002 1480 agere

203 1479 338 1551 erupimus
352 1495 405 1535 xiii
421 1478 496 1535 Maii.
513 1478 564 1535 llic
579 1495 614 1535 ex
631 1478 728 1535 eodem
739 1479 935 1552 Martyrologio
950 1496 1002 1535 su-

203 1550 304 1606 menda
318 1559 384 1606 suut
394 1549 534 1605 hodierna
545 1550 730 1606 solemnitatis
739 1551 821 1624 paulo
831 1551 1003 1623 expressiora

203 1620 386 1678 lineamenta:
415 1621 554 1678 Festioitea
578 1622 831 1692 Senonumque
859 1623 966 1678 celebris
980 1627 1004 1677 et

217 1694 332 1750 rueretis
344 1693 434 1764 egitur
447 1694 546 1748 Rome.
562 1691 623 1747 Non
633 1690 703 1747 dicit
718 1694 867 1762 generalem
885 1695 929 1765 agi
946 1700 1004 1750 tuta

201 1709 387 1829 {cclesiaaed
396 1762 532 1818 duntaxat
540 1764 631 1818 Rome
641 1780 652 1826 ;
662 1762 836 1836 ostenditque
848 1763 916 1820 adeo
926 1765 1004 1822 Mar-

202 1842 214 1891 t
235 1836 334 1907 relegii
349 1833 430 1890 istius
438 1841 571 1890 auetorse
582 1832 630 1889 illa
643 1840 704 1888 turn
719 1835 840 1891 scribere
854 1852 917 1892 cum
937 1853 1005 1909 prae·

202 1852 308 1962 Motum
325 1905 426 1961 festum
441 1904 655 1960 institutumini
714 1905 806 1962 urbea
816 1906 1002 1980 Gregoriolll‚

202 1975 251 2048 qui
263 1974 336 2031 sedit
347 1975 381 2031 ab
394 1991 467 2030 anno
481 1975 530 2032 736
547 1976 621 2031 ultra
631 1920 706 2043 Ὶῶῠῗ

202 2045 276 2102 uude
290 2046 406 2102 Romani
422 2046 499 2103 illius
517 2047 597 2118 parvi
620 2046 752 2118 epocham
775 2048 804 2104 in
847 2049 998 2106 relationis

202 2132 263 2190 cap.
279 2116 296 2173 2
311 2116 489 2173 deduximus.
506 2119 545 2173 lle
573 2116 668 2198 eudem
693 2117 763 2174 festo
792 2065 919 2175 visendae
934 2127 1000 2176 sunt

202 2187 314 2243 Baronii
329 2187 491 2245 Notationes
502 2205 553 2244 xiii
569 2189 634 2245 Maii
644 2188 863 2259 etiNovembris‚
879 2191 927 2247 sed
935 2207 999 2247 ina-

202 2258 278 2315 xime
300 2260 449 2315 Frontonis
470 2259 505 2316 ad
534 2259 730 2317 Kalendarium
756 2260 1000 2318 Observationesa

201 2346 261 2403 pag.
280 2330 339 2386 itt.
352 2330 424 2386 Beda
438 2338 531 2387 noster
543 2331 625 2389 hodie
634 2331 700 2404 legit
710 2350 715 2388 ;
727 2332 868 2389 Festioitus
881 2333 1000 2388 omniurn

202 2403 361 2460 Sanctorum
375 2401 465 2474 primo
480 2403 558 2470 luee;
575 2403 623 2460 sed
637 2419 701 2460 eum
711 2403 770 2462 666
785 2405 865 2477 longe
879 2406 959 2462 aliter
973 2413 1000 2462 ct

201 2472 257 2529 alio
270 2473 368 2530 ordine
382 2490 398 2528 a
411 2474 522 2532 Rabanu
546 2475 634 2547 posita
657 2475 723 2544 sint,
747 2475 864 2533 dubium
880 2478 1000 2534 reddunt

202 2555 294 2602 utrum
313 2545 436 2601 eaierba
451 2546 550 2603 alleda
562 2548 607 2602 vel
622 2547 704 2602 Floro
723 2563 786 2604 vere
815 2549 920 2621 signata
934 2549 1001 2605 iue-

202 2616 269 2672 rint.
286 2615 423 2674 Clarirest
436 2617 542 2675 lidonis
552 2618 684 2687 narratio,
700 2618 828 2674 aNostru
848 2628 998 2688 contracta,

201 2703 258 2744 uon
272 2703 400 2760 expressa
415 2689 647 2745 determinatione
675 2689 799 2761 Gregorii
824 2692 872 2760 lll,
896 2708 956 2763 quai
971 2693 1000 2746 in

182 2809 186 2816 .
200 2756 325 2816 Pratensi
336 2767 364 2816 et
377 2760 461 2818 sociis
475 2760 620 2818 codicibus
632 2761 704 2817 male
719 2762 850 2833 ponitur;
867 2779 930 2817 nam
946 2779 1000 2818 ex-

201 2830 291 2887 tensio
304 2831 465 2888 festivitatis
492 2830 526 2888 66
553 2831 710 2888 universam
736 2832 899 2901 Ecclesiam,
916 2850 1001 2889 nona

201 2901 335 2984 Gregorio
349 2904 397 2970 lll,
414 2902 460 2958 sed
478 2919 493 2957 a
507 2901 639 2972 Gregorio
650 2903 697 2967 Ν,
710 2904 810 2958 saeculo
826 2905 932 2975 integre
946 2921 1000 3032 py-

201 2974 324 3042 steriori,
340 2981 485 3046 procurata
499 2981 627 3028 censetur
638 2992 644 3040 ;
656 2981 687 3029 ut
697 2972 813 3046 proinde
822 2983 894 3031 reete
908 2975 938 3031 iu
974 2992 1000 3030 a·

201 3045 340 3101 riantibus
352 3042 517 3111 dixerimus,
533 3060 632 3099 nomen
657 3045 779 3116 Gregorii
794 3047 809 3101 1
814 3046 836 3103 V
858 3045 1001 3103 codicibus

200 3117 299 3245 grediae
316 3124 387 3172 notu
402 3114 501 3172 melius
511 3115 645 3171 insertum
662 3116 759 3183 fnisse,
766 3117 817 3173 etsi
832 3134 887 3172 nun
903 3118 1000 3175 Usuar-

221 3203 277 3244 ine.

238 3261 278 3315 lle
293 3260 411 3332 Benigne
425 3259 599 3329 Divionensi‚
613 3261 667 3330 rel,
684 3268 716 3317 ut
729 3261 777 3318 alii
789 3270 900 3330 vocant,
912 3262 1001 3333 primo

1056 1121 1164 1178 notavit
1179 1119 1322 1177 Ferrarius
1338 1120 1410 1193 apud
1424 1117 1626 1177 Florentinium
1643 1137 1653 1188 ·,
1673 1135 1732 1175 non
1757 1119 1856 1179 desunt

1056 1193 1104 1266 qui
1114 1192 1272 1265 plusculum
1282 1191 1354 1263 exigi
1367 1208 1444 1264 posse
1458 1191 1629 1248 existimant.
1646 1192 1686 1247 lle
1699 1191 1761 1247 solo
1771 1191 1856 1250 Caesa-

1056 1264 1099 1320 rio
1112 1263 1226 1320 seorsim
1242 1263 1392 1318 meminere
1407 1262 1573 1319 Kalendaria
1586 1262 1683 1318 Allatii
1693 1269 1723 1318 et
1741 1263 1852 1320 Fronte·

1056 1336 1110 1403 nis,
1130 1343 1212 1406 atque
1233 1334 1298 1390 item
1322 1334 1573 1390 Sacramentarium
1598 1333 1734 1390 Menardi.
1757 1333 1850 1392 Utrum

1056 1421 1122 1462 vero
1137 1404 1272 1464 Caesarius
1288 1404 1334 1461 hic
1349 1404 1529 1476 geminandus
1536 1405 1584 1472 sit,
1595 1412 1642 1461 aut
1655 1405 1755 1460 saltem
1767 1405 1802 1463 ab
1811 1422 1849 1476 eu,

1057 1493 1138 1550 quern
1152 1476 1286 1556 Barouius
1298 1477 1400 1548 posuit,
1415 1474 1721 1558 distinguendus,illius
1733 1477 1787 1532 erit
1799 1476 1848 1535 dis·

1057 1548 1177 1622 quirere,
1192 1563 1273 1619 cnjus
1286 1549 1339 1603 erit
1353 1549 1422 1604 Acta
1440 1557 1533 1603 nostra
1548 1564 1613 1603 mss.
1629 1563 1800 1605 examinare.

1092 1619 1223 1691 Sequitur
1237 1618 1267 1673 in
1281 1626 1359 1674 textu
1375 1619 1526 1686 Marcellus,
1546 1617 1599 1675 hoc
1617 1618 1663 1675 die
1682 1617 1718 1675 ab
1733 1619 1849 1676 Usuardo

1076 1691 1179 1747 rimum
1201 1690 1317 1756 relatus;
1333 1689 1367 1744 ab
1382 1688 1516 1758 Usuardo‚
1531 1689 1657 1818 inchoem,
1674 1689 1714 1745 ita
1727 1691 1848 1748 volenti-

1057 1707 1109 1822 666
1124 1760 1268 1819 codicibus
1287 1761 1399 1829 nostris,
1425 1777 1487 1816 nain
1517 1776 1570 1832 apn
1613 1760 1787 1834 antiquiores
1808 1770 1850 1819 aut

1058 1833 1233 1907 synchronos
1248 1833 1448 1905 martyrolugos
1463 1839 1545 1888 notus
1559 1848 1613 1888 nou
1625 1842 1676 1889 est.
1694 1831 1751 1890 Cur
1765 1833 1795 1888 in
1809 1834 1850 1890 al-

1058 1912 1118 1961 tera
1127 1903 1263 1960 Muiierati
1277 1902 1400 1959 editione
1416 1911 1444 1959 et
1457 1903 1492 1959 ab
1504 1904 1566 1960 aliis
1584 1905 1722 1961 referatur
1736 1921 1769 1961 iu
1795 1905 1850 1961 Mo-

704 1976 832 2033 lestivius
855 1988 998 2051 ageretur:
1014 1978 1037 2039 Β
1054 1975 1185 2044 vembris,
1201 1975 1248 2031 hie
1262 1990 1318 2030 uon
1331 1974 1462 2043 discutio,
1474 1975 1515 2030 uti
1530 1991 1650 2033 neceam
1660 1975 1848 2050 questionem,

1053 2063 1114 2119 quos
1129 2047 1201 2103 eirca
1214 2047 1396 2102 Fortunatam
1411 2053 1553 2103 auctorem
1575 2046 1648 2104 Vite
1660 2053 1710 2102 aut
1739 2048 1850 2105 miracu·

1054 2117 1143 2173 lurum
1160 2116 1247 2172 sancti
1262 2116 1384 2173 Marcelli
1394 2125 1530 2185 versatur,
1544 2117 1574 2172 in
1587 2133 1641 2189 qua
1650 2118 1752 2173 herere
1766 2117 1850 2176 baete

1053 2204 1106 2245 nus
1119 2189 1190 2244 mulo
1204 2204 1268 2242 eum
1283 2186 1403 2245 Gerardo
1420 2187 1458 2244 du
1470 2187 1545 2256 Bois,
1561 2186 1690 2245 Historia
1708 2190 1779 2246 eccl.
1799 2191 1849 2246 Pa-

1054 2259 1149 2315 risien.
1176 2266 1252 2331 parte
1276 2276 1295 2327 ι,
1333 2275 1376 2330 ag.
1401 2259 1446 2325 tu,
1475 2275 1556 2329 quum
1586 2259 1755 2330 conjecturor
1784 2262 1851 2318 6666

1054 2337 1139 2386 certer
1153 2331 1276 2402 prodere.
1324 2331 1364 2386 ita
1379 2329 1437 2411 ipsa
1451 2330 1651 2404 qualiscunque
1665 2348 1702 2389 ex
1715 2331 1772 2389 hoc
1785 2332 1850 2391 scri·

1054 2409 1132 2474 ptore
1144 2409 1172 2457 ot
1186 2401 1258 2469 aliis,
1272 2401 1319 2459 sed
1333 2401 1510 2474 potissimum
1523 2419 1558 2458 ex
1579 2418 1645 2459 mss.
1676 2403 1782 2461 nostris
1802 2420 1850 2461 suu

1055 2483 1178 2545 ternpore
1206 2472 1355 2544 diligenter
1377 2473 1570 2529 illustrabitur.
1596 2475 1739 2530 Severiana
1758 2491 1851 2531 mono-

1054 2546 1127 2612 ebus,
1144 2561 1180 2601 ex
1193 2545 1315 2601 Romanu
1331 2561 1416 2617 parvo
1430 2545 1523 2600 velex
1537 2544 1612 2601 Beda
1640 2545 1676 2602 ab
1699 2546 1799 2604 Adone
1812 2563 1851 2604 ac-

1054 2625 1160 2688 ceptus,
1178 2615 1277 2672 iisdem
1291 2632 1374 2688 prope
1390 2615 1482 2671 verbis
1494 2616 1528 2671 ab
1550 2616 1677 2673 Usuardo
1703 2618 1851 2675 translatus

1054 2695 1105 2744 est.
1122 2686 1195 2754 Quid
1209 2688 1268 2743 siut
1284 2694 1462 2744 monumenta
1481 2687 1612 2744 Ecclesia
1627 2688 1688 2761 ejus
1705 2706 1722 2745 a
1736 2689 1851 2746 Baronio

1054 2759 1269 2886 ί616631666ιι66666ι
1283 2759 1350 2827 scio,
1359 2758 1382 2815 si
1395 2758 1463 2832 quid
1472 2758 1545 2814 deeo
1560 2767 1659 2830 exstet,
1667 2761 1781 2834 proprio
1793 2762 1850 2819 loeo

1111 2838 1176 2886 itur.

1093 2903 1184 2960 Mario
1196 2902 1378 2970 Nemorensis,
1394 2902 1542 2958 aPratensi
1555 2909 1583 2958 et
1608 2903 1692 2960 sociis
1711 2904 1851 2962 codicibus

1056 2971 1103 3029 hic
1121 2973 1233 3029 exclusa
1248 2981 1275 3028 et
1290 2973 1345 3028 alio
1360 2974 1502 3041 translata,
1521 2989 1555 3029 ex
1576 2973 1639 3030 aliis
1651 2983 1730 3031 certo
1756 2975 1849 3032 Usuar-

1054 3044 1121 3100 dina
1135 3052 1185 3111 est,
1200 3059 1235 3098 ex
1255 3045 1338 3100 solito
1361 3044 1512 3101 Viennensi
1543 3046 1619 3101 fonte
1643 3045 1774 3116 deducta,
1790 3063 1849 3104 cum

1057 3114 1147 3185 elogio
1162 3115 1316 3171 sidonianis
1330 3115 1424 3171 verbis
1434 3124 1751 3191 concepto‚sumptoque
1764 3134 1798 3174 ex
1807 3134 1849 3174 an·

1057 3185 1236 3267 tiquisActis
1257 3202 1317 3258 quae
1343 3187 1416 3259 apud
1442 3187 1631 3257 vincentium,
1662 3189 1847 3247 Membritium

1057 3258 1114 3313 alio
1149 3273 1182 3313 ue
1195 3273 1292 3313 manea
1305 3265 1332 3313 et
1343 3257 1478 3327 mutila,a
1494 3259 1605 3315 Balnuio
1623 3261 1765 3318 recentius
1784 3261 1848 3317 intu-

202 3327 397 3414 Bergurediee
417 3335 509 3402 estole,
525 3341 609 3405 agunt
631 3334 847 3407 Hieronyiniann
858 3335 930 3406 apud
940 3335 1001 3389 Flo·
1018 3342 1039 3400 [3
1056 3345 1102 3402 gre
1118 3345 1132 3383 e
1153 3330 1191 3385 ita
1205 3336 1269 3384 sunt
1280 3335 1355 3385 tomo
1368 3330 1393 3385 Il
1408 3330 1522 3398 Miscet,
1537 3347 1553 3386 a
1567 3347 1627 3404 pag.
1640 3332 1702 3400 616,
1719 3341 1747 3388 66
1763 3333 1848 3388 obser·

203 3413 366 3473 teutonum,
409 3404 468 3474 eda,
485 3421 519 3460 ex
534 3404 587 3462 hoc
616 3407 745 3462 Rabanns
771 3413 799 3461 et
813 3405 884 3474 Ado,
905 3406 1000 3461 eudem

202 3490 298 3530 ornnes
316 3475 405 3547 elogio
421 3475 494 3546 quod
511 3484 665 3547 postremus
694 3476 823 3533 nonnihil
851 3477 1001 3544 contraxit,

202 3553 284 3617 atque
308 3545 336 3599 iii
356 3547 446 3600 multu
460 3547 590 3615 pauciora
606 3548 718 3603 reduxit
734 3548 883 3603 Usuardus.
900 3547 1001 3604 16666-

202 3614 287 3686 nigno
311 3623 381 3670 tacet
404 3617 556 3670 Romanum
574 3633 701 3686 parvum,
727 3626 755 3672 et
779 3618 826 3672 ubi
851 3618 880 3672 iu
905 3618 1002 3672 Adone

202 3686 324 3756 quinque
334 3692 445 3740 exstant
458 3701 517 3739 eom
523 3689 744 3755 mensurationes,
755 3695 810 3742 tres
825 3687 960 3742 duntaxat
972 3688 1001 3742 in

202 3755 290 3809 altero
304 3754 503 3822 inveniuntur,
514 3763 545 3810 ut
555 3756 597 3811 rel
607 3773 642 3812 ex
654 3773 686 3812 eu
701 3758 789 3828 capite
804 3757 936 3829 conjicias
951 3760 1001 3815 ito-

202 3826 277 3881 muni
292 3826 373 3896 parvi
394 3833 544 3892 auctorem,
561 3826 698 3906 egregium
716 3826 807 3882 Adoni
820 3828 1002 3899 compendia-

200 3903 288 3952 torem
305 3912 373 3952 esse.
391 3896 456 3967 Agit
479 3895 513 3952 de
524 3897 646 3969 Benigno
662 3897 810 3969 Gregorius
834 3899 1001 3957 Turonensis

200 3967 235 4024 de
250 3968 347 4023 Gloria
357 3968 521 4038 Martyrum,
532 3984 593 4039 cap.
609 3969 653 4025 66.
663 3968 736 4037 Quid
746 3970 779 4025 de
789 3971 866 4025 Actis
877 3972 995 4043 vulgatis

200 4047 226 4094 et
260 4049 336 4096 ostea
350 4038 458 4095 anobis
487 4040 533 4094 vul
553 4039 641 4110 andis,
664 4041 781 4096 senserit
808 4042 995 4100 Hensebenius

200 4055 307 4192 habeti
319 4110 383 4166 Maii
397 4110 426 4165 iu
440 4057 565 4191 66616616
579 4128 639 4185 pag.
660 4111 704 4168 36.
721 4111 792 4194 Vide
815 4114 896 4169 etiarn
912 4131 994 4186 supra

199 4181 248 4237 illu
263 4182 308 4237 die
318 4180 529 4239 Observationes
545 4190 662 4240 nostras.
678 4184 728 4240 Est
750 4200 779 4239 in
803 4185 993 4257 llieronymia·

199 4251 243 4309 nis
256 4253 378 4324 plurium
393 4262 546 4327 martyrum
557 4263 584 4311 et
598 4256 737 4329 virginum
754 4256 992 4313 Tarracinensium

198 4331 300 4394 turma,
311 4325 345 4381 de
360 4342 414 4408 qua
425 4326 548 4398 disputat
558 4327 751 4384 Florentinius
762 4346 769 4396 ;
786 4328 993 4401 reliquaomnia

196 4395 393 4469 Martyrulogie
401 4398 474 4454 solos
495 4398 641 4454 Caesarium
652 4407 679 4456 et
691 4400 830 4456 lulianum
840 4403 992 4472 signant,ut

198 4466 329 4524 Rabanns
343 4484 378 4524 ex
389 4468 472 4538 Reda,
488 4478 515 4526 66
528 4469 558 4525 in
567 4474 636 4528 serie
646 4480 740 4529 nostra
758 4473 910 4529 Romanum
926 4489 992 4544 par-

198 4538 365 4609 romilde,
383 4539 533 4598 Usuardus.
553 4541 729 4601 Conveniunt
739 4544 827 4626 elogia
848 4544 993 4616 desumpta

198 4624 233 4665 ex
248 4608 347 4666 iisdem
362 4610 429 4683 ipsis
443 4612 530 4682 Actis,
555 4630 616 4686 quae
639 4631 675 4671 ex
697 4615 816 4672 Barouio
830 4615 991 4689 corrigenda

1057 3400 1216 3456 rationibus
1232 3400 1374 3458 nonnullis
1390 3400 1527 3457 illustrata
1538 3419 1553 3457 a
1565 3418 1624 3474 pag.
1639 3402 1702 3460 691.
1714 3403 1808 3461 Nosde
1817 3404 1849 3458 iis

1058 3472 1136 3544 plura
1145 3471 1344 3529 alibi.Videtur
1360 3472 1453 3527 eadem
1465 3474 1523 3544 ipsa
1536 3473 1621 3529 Maria
1631 3474 1661 3529 iii
1672 3474 1849 3548 llieronymia

1058 3543 1101 3598 iiis
1111 3544 1227 3615 signata,
1243 3550 1274 3598 ut
1288 3543 1395 3615 colligit
1408 3543 1609 3613 Florentinius3
1623 3545 1653 3601 in
1672 3546 1728 3602 lieo
1743 3555 1850 3619 marty-

1057 3614 1103 3682 rii,
1120 3621 1149 3669 ni
1164 3616 1254 3683 fallor,
1271 3614 1448 3671 allucinatus.
1467 3616 1546 3687 Vigor
1558 3616 1714 3686 Bujoceresir
1727 3626 1755 3675 et
1767 3619 1848 3678 Mutu-

1058 3685 1135 3738 rinus
1149 3701 1216 3756 pure
1244 3702 1353 3759 quoque
1381 3686 1528 3742 Usuardini
1549 3696 1624 3756 sunt,
1641 3688 1697 3744 nisi
1721 3690 1849 3746 erraverit

1058 3756 1237 3835 llosweydus,
1253 3757 1318 3812 duni
1333 3757 1450 3812 illumin
1462 3757 1568 3815 Adonis
1582 3759 1762 3832 appendicem
1787 3759 1848 3832 reje

1057 3826 1105 3882 cit.
1122 3826 1225 3882 Prioris
1238 3828 1318 3884 istius
1332 3829 1397 3886 Vita
1411 3828 1483 3901 apud
1496 3828 1606 3886 Surium
1630 3839 1671 3887 est
1687 3832 1850 3889 eonferenda

1057 3913 1120 3953 cum
1143 3914 1208 3953 mss.
1235 3900 1338 3955 nostris
1357 3900 1445 3972 iisque
1468 3916 1528 3972 quae
1552 3903 1636 3958 refert
1658 3901 1799 3973 Geinum,
1818 3903 1848 3960 ad

1056 3984 1160 4024 annum
1176 3970 1239 4040 636,
1255 3988 1316 4043 pag.
1337 3970 1399 4029 366.
1426 3972 1557 4029 Meterini
1576 3989 1632 4030 nou
1647 3990 1704 4030 uua
1717 3976 1791 4049 apud
1802 3990 1848 4031 nos

1054 4047 1155 4109 exstat,
1175 4048 1242 4098 tunc
1256 4043 1341 4098 ctiam
1354 4043 1527 4099 illustranda.
1543 4045 1617 4112 Quos
1631 4052 1720 4102 extet
1739 4047 1846 4114 sanctu,

1051 4127 1108 4167 una
1123 4111 1170 4167 liic
1182 4112 1229 4169 die
1244 4113 1321 4170 cousi
1360 4114 1422 4182 atis,
1438 4115 1572 4183 omiserit,
1589 4123 1725 4189 quantum
1740 4118 1848 4176 metrice

1048 4183 1184 4309 oeteiflerit
1209 4184 1319 4242 Wanda
1365 4193 1434 4254 itus,
1456 4201 1492 4242 ex
1509 4187 1689 4263 sequentibus
1707 4189 1847 4247 versiculis

1046 4269 1105 4308 ine
1129 4271 1193 4326 rges:

1108 4373 1234 4449 Caesarius
1248 4374 1330 4448 prima
1355 4376 1475 4441 designat
1501 4381 1584 4431 fronte
1596 4378 1776 4433 Novornbrem
1795 4395 1802 4440 t

1110 4437 1211 4487 Eximio
1229 4453 1303 4501 cuius
1315 4441 1416 4491 laetatur
1427 4441 1510 4493 Roma
1526 4446 1668 4508 triumpho.

1107 4500 1204 4550 Mensis
1220 4513 1245 4549 et
1262 4505 1303 4551 tric
1316 4506 1428 4567 reliquos
1439 4509 1540 4557 stellato
1553 4508 1649 4558 vertice
1664 4509 1773 4558 vincens

1109 4562 1168 4613 Uno
1182 4577 1272 4612 omnes
1287 4578 1389 4615 sanctos
1401 4568 1534 4618 celebrans
1545 4567 1678 4634 conjungit
1691 4574 1797 4632 honore,

1107 4625 1190 4687 Regia
1204 4640 1269 4690 quus
1281 4627 1340 4676 coeli
1358 4632 1453 4692 puriter
1465 4633 1609 4696 retinetque
1621 4633 1753 4697 foretque.

924 4763 1114 4826 AUCTARIA.

238 4872 361 4932 Ριιιιιιιι.
377 4883 462 4942 caret,
470 4884 502 4932 ut
512 4876 569 4949 jani
579 4876 712 4948 diximus,
720 4887 777 4937 tota
788 4880 999 4939 annuntiatione

200 4943 306 5013 Marias,
315 4948 344 5003 in
355 4964 410 5021 quo
420 4948 526 5006 similes
542 4949 624 5006 habet
636 4951 828 5016 solitossoeius
842 4953 997 5010 huruuua.-

110 5025 112 5030 “
199 5020 269 5077 Mai.
285 5029 311 5077 et
326 5020 613 5094 lloswnro.,quurum
624 5023 729 5092 primus
740 5023 904 5079 inSeverino
914 5023 996 5082 etiarn

196 5091 301 5160 delicit,
316 5092 385 5148 alter
400 5093 515 5148 minutis
526 5092 651 5164 pluribus
666 5094 751 5150 naevis
764 5111 820 5150 nou
836 5103 925 5153 iacat.

234 5179 383 5237 Hermian.
401 5188 459 5238 toto
469 5188 548 5237 textu
565 5180 757 5254 integerrimus
766 5192 846 5252 esset,
859 5184 912 5240 nisi
928 5182 995 5242 Mar·

197 5250 267 5307 cello
283 5253 358 5308 aliud
369 5260 486 5325 aptasset
496 5253 616 5325 elogium
630 5253 743 5327 :Cujus
758 5257 843 5312 vitam
859 5257 995 5314 illustrem

197 5320 350 5450 Hiertutihhitis
365 5324 548 5382 acmiraculis
563 5326 731 5383 Fortunatus
741 5328 996 5401 episeopusegregie

233 5407 286 5447 6661
309 5412 315 5447 Ι
333 5438 339 5449 .
355 5419 364 5441 ι

220 5487 407 5568 Turturum„
424 5493 453 5549 66
469 5496 558 5566 prima
569 5512 668 5577 purus,
684 5496 712 5552 in
727 5498 930 5579 secundadeest
940 5500 991 5554 elu-

199 5572 275 5687 Mum
294 5571 386 5618 :carot
412 5572 503 5645 tertia,
528 5575 636 5639 quinta,
661 5578 737 5625 sexta
759 5579 786 5625 et
807 5578 932 5641 septima.
963 5573 993 5625 lit

228 5630 329 5686 arcello
343 5643 473 5690 convenit
482 5653 544 5693 cuin
554 5639 703 5697 11666666.

232 5727 404 5810 Pessimus,
412 5731 440 5785 in
455 5733 545 5812 prima
558 5742 699 5809 uteunque
712 5753 809 5808 purus,
825 5740 864 5795 sic
879 5739 968 5811 pergit
985 5757 991 5794 ε

202 5802 258 5864 «ln
273 5799 424 5875 Campania
436 5803 550 5858 civitate
576 5805 731 5876 Terracina,
751 5817 908 5866 sanctorum
924 5826 993 5866 niar-

1013 4890 1036 4949 6)
1051 4887 1145 4955 tyrum
1169 4881 1280 4938 Caescrii
1293 4883 1402 4943 diaconi
1417 4894 1446 4943 66
1456 4887 1561 4947 tuliani
1576 4889 1742 4964 presbyteri.
1762 4914 1772 4940 ι
1789 4890 1843 4949 ua—

1050 4961 1116 5009 sunt
1129 4953 1235 5027 reliqua
1248 4957 1350 5014 omnia.

1087 5027 1230 5107 Murenae.
1246 5028 1685 5108 666666666666116666666.
1698 5040 1842 5091 tototextn

1051 5112 1112 5169 pnri
1127 5106 1201 5164 sunt,
1217 5097 1264 5154 sed
1275 5116 1304 5154 in
1315 5100 1370 5156 fine
1385 5103 1539 5174 adjiciunt:
1562 5129 1572 5154 ‹
1587 5106 1709 5164 Pictoris
1722 5106 1841 5172 civitate,

1051 5169 1140 5225 saneti
1154 5170 1251 5225 llilarii
1263 5172 1437 5229 confessoris.
1454 5200 1462 5222 ι

1087 5241 1329 5310 heriman-uix,
1338 5245 1517 5315 Uerrinarum,
1528 5247 1664 5318 birrorum,
1679 5251 1803 5304 666666.
1817 5252 1842 5302 66

1049 5311 1147 5366 Dauic.
1157 5312 1234 5384 puris
1250 5314 1349 5370 ascribi
1367 5325 1507 5373 merentur
1519 5337 1525 5385 ;
1538 5320 1586 5375 sed
1600 5321 1628 5375 iii
1646 5327 1727 5375 textu
1741 5326 1843 5376 6666666

1050 5390 1113 5463 suut
1128 5385 1229 5456 aliqua,
1249 5391 1278 5439 ut
1294 5386 1437 5457 Gregorius
1449 5397 1571 5460 quartus,
1582 5400 1609 5448 66
1623 5389 1843 5446 annuntiationis

1049 5454 1114 5509 finis
1126 5456 1324 5533 transpositus:
1343 5459 1408 5513 item
1424 5461 1599 5517 annuntiatio
1614 5463 1707 5531 tertia,
1717 5461 1841 5519 secunda

1048 5542 1198 5597 praeniissa,
1220 5535 1246 5581 66
1261 5530 1395 5587 66666116
1409 5532 1462 5587 alia
1475 5534 1607 5589 nonsatis
1620 5542 1727 5591 exacta.

1085 5596 1237 5678 ieiunius.
1254 5616 1317 5655 cuin
1334 5602 1472 5673 prioribus
1483 5607 1597 5662 omuino
1623 5605 1768 5672 convenit,
1796 5601 1841 5660 sed

1048 5668 1168 5795 eluLgiuin
1184 5671 1270 5726 sancti
1284 5671 1399 5745 Benigni
1410 5673 1590 5733 desideratur.

1060 5761 1065 5769 ·
1105 5756 1240 5798 urrunnu.
1261 5759 1267 5798 :
1286 5745 1457 5802 ‹Festivitas
1470 5746 1596 5805 omniurn
1610 5747 1787 5805 Sanctorum.
1810 5747 1841 5804 lu

1046 5810 1204 5883 Burgundio
1216 5821 1306 5872 castro
1317 5815 1431 5875 Divion.
1440 5818 1531 5893 passio
1543 5819 1631 5877 666661
1642 5816 1840 5897 boulanium
