3834 6136
129 233 186 292 985
728 232 909 290 OPUSCULA
931 233 978 290 ET
996 234 1190 292 EPISTOLAE.

1734 245 1788 304 986

128 388 214 444 istius
228 383 373 454 ejectionis
391 400 469 439 nosse
485 384 625 441 convenit.
646 385 686 441 Ac
700 384 723 440 si
739 384 773 440 de
790 386 933 442 adulteriis
947 391 972 450 Α
988 385 1094 441 audivi.
1118 387 1183 443 Peto
1198 388 1281 443 etiam
1305 404 1349 443 mo
1371 388 1483 457 instrui,
1499 391 1521 445 si
1545 393 1579 448 de
1602 405 1693 454 vestra
1715 410 1787 458 esset

128 484 159 532 ei
176 474 239 530 aljis
262 471 374 528 incestis
390 473 590 543 pollutionibus
605 473 766 544 regulariter
782 482 932 547 correptus,
990 475 1143 547 provincia,
1168 493 1224 533 nou
1245 485 1337 534 autem
1359 496 1393 534 ex
1407 488 1498 535 vestra
1514 482 1653 553 parochia,
1669 490 1786 559 qualiter

129 565 179 620 sed
194 579 251 617 non
267 568 417 628 correctus
438 570 464 616 et
477 562 591 630 diutius,
608 570 640 617 ut
653 563 784 631 asseritis,
804 565 935 620 toleratus
989 579 1024 619 ex
1048 581 1080 620 eo
1104 567 1190 621 acturi
1215 568 1318 623 essetis.
1343 570 1416 624 licus
1439 570 1513 641 pacis
1534 577 1562 626 et
1580 570 1737 633 dilectionis
1749 580 1787 636 sit

129 662 182 719 est,
199 650 343 709 sciendum
359 658 400 704 est
422 651 519 706 modus
533 653 715 724 correptionis
739 661 831 708 utrum
851 655 935 709 luerit
989 675 1095 731 semper
1118 661 1274 727 nobiscum,
1289 673 1320 718 ut
1342 667 1435 720 omnia
1456 671 1549 721 nostra
1564 675 1692 722 monente
1716 669 1786 740 Apo·

129 750 253 800 secretus
265 756 299 795 on
323 738 464 811 publicus;
489 750 611 798 utrumn
626 741 846 799 Christianorum
862 761 935 802 con·
989 751 1060 807 stolo
1073 767 1137 807 cum
1151 751 1284 809 charitate
1296 754 1372 820 liant,
1389 771 1444 810 non
1450 772 1498 826 per
1508 757 1693 812 contentionem
1705 774 1787 829 neque

129 833 229 899 sertio,
244 838 321 886 anta
340 845 453 901 corpore
472 839 499 886 et
513 830 645 903 sanguine
659 834 769 889 Domini
792 835 875 891 luerit
887 852 935 891 se·
985 854 1036 909 per
1049 838 1153 894 inanem
1164 840 1278 910 pierium
1294 842 1323 911 (l
1337 842 1399 897 Cor.
1416 858 1476 910 xvi,
1495 841 1545 909 tt;
1562 844 1680 914 Philipp.
1697 862 1728 913 n,
1744 844 1785 918 3).

129 929 269 993 gregatos,
289 934 370 990 quem
393 917 509 988 publice
535 920 657 976 deditum
686 923 855 993 poenitentias
878 941 934 980 non

810 1080 1356 1098 mm

932 1214 989 1277 11.

727 1338 906 1399 EJUSDEM
928 1338 978 1398 AD
1002 1340 1185 1404 EUMDEM.

179 1469 302 1541 Hednlso
319 1471 348 1525 in
362 1470 502 1556 Hincnrori
515 1470 630 1539 pretinm
643 1472 765 1542 pristime
778 1472 925 1528 niensiont'u
940 1474 1024 1529 toonm
1035 1477 1164 1546 permitit,
1180 1479 1387 1534 eornmnniortem
1401 1495 1478 1533 sitem
1491 1478 1610 1533 nondum
1625 1477 1741 1532 concedit

165 1673 399 1733 Reverentissimo
425 1672 593 1729 Ithemorum
617 1674 822 1749 archiepiscopo
848 1679 929 1734 Hruc·
944 1682 968 1740 B
984 1679 1111 1751 ejectum,
1133 1699 1189 1737 non
1213 1691 1320 1738 tantum
1345 1682 1502 1756 dereliquit,
1519 1691 1652 1757 quantum
1677 1682 1786 1739 abomi-

123 1780 213 1832 ωηο,
222 1765 279 1819 Deo
287 1762 434 1817 miserante
445 1761 588 1834 episcopus
597 1763 788 1820 Laudunensis
799 1766 929 1822 Ecclesiae

123 1853 290 1908 Hmcxnnus
304 1850 425 1906 debitam
442 1850 470 1906 in
491 1851 585 1906 eodem
601 1851 720 1907 Domino
740 1852 927 1911 devotionem.

160 1941 206 1996 Ad
219 1940 341 2014 quaedam
359 1939 492 2012 superbis
506 1957 566 2012 quae
577 1957 664 2012 nuper
674 1941 707 1997 de
723 1942 842 1999 lladulio
853 1960 928 1999 ntan-

123 2032 223 2100 dastis,
248 2048 322 2087 nunc
345 2031 480 2085 instanter
500 2030 663 2103 respondere
683 2031 799 2102 dignum
821 2035 929 2090 ratione

124 2123 247 2178 videtur.
265 2121 331 2176 Nam
350 2130 429 2175 tenor
448 2122 485 2176 rei
502 2121 620 2194 finisque
640 2123 754 2190 tenoris,
775 2132 801 2178 et
820 2132 931 2197 tempus

124 2220 153 2268 et
172 2213 263 2268 locum
279 2227 336 2266 non
352 2210 579 2267 inconvenienter
594 2228 746 2283 congruum
762 2215 929 2284 prestolan-

128 2310 185 2356 tur.
204 2300 284 2368 Quod
305 2299 436 2367 scribitis,
456 2301 520 2372 quin
541 2299 609 2372 petit
624 2301 698 2355 idern
714 2303 850 2357 lladnlius
881 2319 930 2358 vos

125 2389 297 2446 intervenire
311 2387 383 2460 opud
408 2406 461 2457 rue,
477 2396 612 2462 quatenns
635 2391 659 2443 ei
681 2390 761 2445 liceat
776 2390 929 2446 communi·

123 2497 187 2537 care
203 2481 232 2536 in
248 2497 308 2536 inea
317 2479 456 2551 parocbia,
469 2487 496 2534 et
511 2482 600 2537 locum
616 2490 644 2536 et
654 2482 826 2537 mansionem
839 2498 928 2552 suern,

124 2577 152 2625 et
167 2587 199 2625 ea
214 2585 273 2641 que
289 2568 361 2640 apud
382 2585 425 2623 me
444 2571 627 2640 proservierat
645 2572 762 2642 pleniter
777 2573 887 2641 hebere,
903 2582 930 2630 et

124 2677 190 2716 cnm
212 2676 277 2732 pace
299 2660 429 2715 canonice
454 2660 523 2715 rnilri
549 2663 671 2718 servire:
696 2671 723 2718 et
742 2665 765 2719 si
786 2665 839 2721 hoc
858 2664 929 2720 mihi

125 2748 929 2825 graveinerit,hnbereteritumconrnrnnioneminparochia

125 2854 196 2905 urea,
208 2847 235 2894 et
248 2839 331 2894 licere
339 2839 364 2892 ei
382 2837 432 2892 sub
446 2838 588 2910 religione,
605 2841 762 2914 ubicunque
773 2843 863 2897 locum
874 2842 927 2897 sibi

124 2934 221 2999 aptum
238 2927 363 2983 invenire
379 2927 508 2998 potnerit,
524 2930 692 2997 conservari,
715 2938 741 2985 et
758 2931 795 2985 sit
809 2930 878 2986 mihi
898 2931 928 2986 ii-

984 1769 1075 1824 nando
1090 1768 1224 1841 despexit,
1241 1769 1375 1841 adjiciens
1385 1771 1473 1827 multo
1492 1771 1543 1828 sibi
1569 1772 1668 1827 melius
1689 1772 1784 1839 luisse,

983 1872 1095 1912 acesse
1119 1857 1178 1912 sine
1202 1857 1246 1912 his
1269 1874 1329 1929 quse
1351 1858 1376 1913 ei
1391 1858 1529 1914 dederam.
1546 1860 1619 1931 Ergo
1635 1860 1709 1931 quod
1725 1860 1801 1931 ipso'

984 1955 1142 2001 exsecratus
1156 1946 1249 2001 taliter
1270 1947 1369 2014 iuerat,
1385 1947 1512 2018 nunquid
1532 1955 1599 2004 tunc
1622 1965 1678 2004 non
1700 1948 1781 2013 alius,

984 2033 1032 2105 qui
1048 2034 1165 2104 gratiose
1178 2034 1248 2088 illud
1264 2035 1385 2106 recipere
1400 2051 1431 2090 ac
1444 2034 1544 2090 habere
1557 2036 1680 2107 optabat,
1697 2035 1783 2106 adipi·

985 2122 1023 2176 sei
1038 2122 1197 2178 debuerat?
1221 2123 1307 2194 lgitur
1320 2138 1370 2194 pro
1392 2131 1483 2178 vestra
1504 2123 1707 2180 interventione
1728 2140 1784 2178 snae

985 2214 1124 2270 cononice
1139 2213 1231 2267 locum
1246 2228 1278 2267 ac
1293 2212 1346 2266 sibi
1364 2213 1440 2284 prius
1459 2229 1530 2268 ame
1545 2230 1701 2270 concessam
1716 2230 1784 2286 per-

986 2302 1066 2358 mitto
1091 2301 1281 2356 ntansionem:
1312 2301 1518 2357 communicare
1540 2302 1624 2357 etiam
1653 2303 1784 2359 omnibus

985 2392 1038 2447 sibi
1059 2390 1218 2446 volentibus
1232 2390 1298 2446 exin
1312 2406 1367 2462 quo
1390 2407 1515 2446 reversus
1530 2393 1614 2449 tuerit
1628 2393 1781 2465 acquiesco.

986 2481 1088 2538 Verum
1106 2497 1193 2536 meam
1211 2480 1377 2553 specialiter,
1393 2497 1473 2552 quam
1484 2481 1542 2552 ipse
1556 2480 1691 2553 obdurato
1702 2481 1783 2537 corde

985 2570 1181 2642 obduratisque
1197 2569 1321 2639 auribus,
1336 2586 1399 2626 curn
1415 2569 1542 2626 clamosis
1557 2569 1585 2623 in
1602 2584 1644 2625 ure
1661 2569 1783 2626 detesta-

984 2659 1109 2714 tionibus
1128 2667 1185 2714 tam
1213 2658 1391 2730 pertinaciter
1412 2674 1493 2730 quam
1520 2657 1670 2730 perniciter
1697 2658 1783 2714 auiu-

984 2746 1093 2818 giendm
1109 2748 1188 2802 nullo
1207 2755 1298 2803 tamen
1319 2764 1381 2802 eum
1405 2752 1583 2819 persequente
1597 2755 1644 2802 aut
1662 2746 1781 2819 aliquam

983 2837 1040 2891 vim
1057 2837 1082 2890 ei
1104 2836 1240 2892 inferente
1256 2836 1371 2907 sprevit,
1396 2835 1620 2891 communionem
1635 2851 1650 2890 a
1673 2850 1726 2907 qua
1740 2851 1784 2891 me

982 2927 1093 2980 volente
1117 2924 1259 2980 fraudatus
1286 2941 1341 2980 non
1363 2933 1444 2992 esset,
1460 2931 1583 2996 tempore
1606 2940 1655 2979 suo
1670 2924 1784 2996 locoque

124 3013 207 3069 detis.
224 3017 263 3070 lto
282 3016 481 3085 proservitione
503 3017 612 3087 quiden
634 3034 683 3073 sna
698 3034 816 3089 procons
832 3028 927 3075 contra
945 3031 966 3090 c
981 3030 1112 3085 congruo,
1127 3021 1174 3069 ont
1198 3013 1347 3083 judiciarie
1374 3013 1498 3084 recipiet,
1528 3020 1575 3067 ant
1600 3012 1783 3068 satisfactorie

125 3118 172 3156 me
194 3102 362 3158 calumniose
384 3103 465 3160 etiarn
488 3105 671 3161 intersistere
692 3115 925 3179 conquestorem

125 3191 163 3244 de
179 3206 233 3262 qua
248 3191 272 3245 ei
287 3207 347 3245 curn
363 3192 394 3247 de
414 3196 519 3249 coeteris
539 3202 660 3266 tempore
675 3202 702 3250 et
719 3197 779 3251 loco
794 3212 926 3266 congruo,

125 3296 248 3352 cunique
259 3280 352 3337 audire
367 3282 494 3354 dignatus
507 3284 599 3351 luerit,
612 3285 730 3356 pleniter
744 3285 925 3357 respondebo.

127 3370 211 3426 h'rrnc
224 3379 314 3426 autern
334 3372 403 3428 illud
416 3389 464 3443 pro
475 3375 581 3429 ratione
595 3376 674 3431 vobis
687 3374 850 3446 respondeo,
861 3374 927 3447 qnia

123 3459 250 3530 potestis,
267 3460 288 3513 si
305 3461 384 3514 vobis
395 3462 492 3530 placet,
508 3461 587 3516 illum
603 3479 652 3518 vos
664 3471 812 3534 petentem,
824 3479 929 3534 vosque

122 3547 295 3615 audientem,
312 3550 446 3618 vobisque
467 3549 623 3619 loquentem
648 3567 703 3607 non
723 3552 756 3607 ab
771 3568 799 3606 re
812 3551 928 3608 interro-

123 3653 197 3709 gare,
214 3655 264 3692 cur
278 3654 309 3690 en
325 3652 385 3706 quee
402 3652 475 3692 nrrnc
490 3639 599 3709 repetit,
613 3640 690 3696 nullo
705 3649 828 3712 cogente,
851 3643 929 3698 nnllo

123 3724 269 3791 suadente,
287 3740 334 3794 per
356 3723 441 3794 pilum
462 3725 620 3782 vestimenti
644 3728 687 3783 sui
702 3744 718 3783 a
734 3745 762 3784 se
776 3737 930 3786 terratenus

984 3102 1131 3158 obtinebit.
1149 3103 1243 3174 ltaque
1265 3102 1344 3156 decet
1357 3101 1521 3171 probitatem
1540 3108 1671 3164 vestram,
1687 3099 1784 3155 durna

981 3193 1061 3248 vobis
1077 3190 1158 3246 modo
1172 3207 1298 3245 reversus
1314 3191 1407 3256 inerit,
1423 3189 1461 3244 ita
1473 3189 1572 3259 leporis
1582 3189 1666 3244 vestri
1677 3189 1732 3243 sale
1742 3203 1783 3242 re·

981 3281 1044 3336 deat
1058 3280 1196 3347 cienditus,
1211 3287 1242 3336 ut
1256 3295 1312 3334 nrm
1327 3285 1455 3350 appareat
1468 3277 1511 3333 his
1525 3295 1588 3334 cum
1603 3279 1705 3350 quibus
1718 3295 1782 3335 con-

982 3379 1105 3426 versatos
1126 3369 1210 3424 luerit
1225 3368 1293 3423 adeo
1307 3383 1449 3435 onerosus,
1473 3369 1550 3422 velut
1565 3368 1641 3440 prius
1665 3383 1680 3422 o
1702 3366 1803 3423 vobis.

982 3460 1015 3515 ad
1031 3475 1073 3514 me
1091 3458 1206 3514 veniens
1221 3457 1290 3511 mihi
1306 3456 1423 3523 exstitit,
1449 3456 1523 3529 qnod
1538 3465 1617 3512 antea
1640 3471 1782 3529 nunquam

982 3552 1082 3620 iuerat,
1103 3553 1337 3619 contumeliosus;
1354 3554 1484 3626 qnoniam
1508 3553 1555 3625 qui
1579 3551 1670 3608 dixit:
1687 3551 1783 3607 Habete

983 3643 1024 3696 snt
1038 3640 1067 3694 in
1081 3641 1162 3708 uobis,
1179 3641 1270 3713 etipse
1284 3641 1402 3708 addidit,
1416 3646 1441 3695 et
1450 3656 1542 3712 pacem
1557 3640 1645 3695 bobetc
1658 3639 1783 3694 internos

984 3730 1082 3800 (Marc.
1099 3747 1138 3798 rx,
1155 3729 1213 3795 tt).
1230 3731 1299 3786 Data
1313 3749 1331 3784 v
1345 3729 1462 3785 Kalend.
1479 3728 1568 3801 April.

1197 3893 1409 3902 ..nme

913 4017 993 4080 111.

727 4141 905 4202 ttbsuntt
925 4144 976 4204 AD
1000 4144 1176 4204 uotiuum.

191 4276 231 4332 De
245 4275 335 4332 senati
349 4275 437 4330 clerici
454 4274 632 4344 ordinatione,
653 4275 734 4345 deque
750 4275 881 4330 carcerati
894 4292 944 4330 suu
956 4274 1109 4342 detentione,
1125 4280 1149 4329 et
1160 4274 1373 4346 proclamatione
1390 4272 1521 4327 adsedem
1540 4274 1714 4344 apostoticam

161 4497 394 4555 Reverentissimo
418 4497 587 4553 ithemorum
615 4495 821 4568 archiepiscopo
845 4496 926 4551 anc·
944 4496 969 4556 D
986 4496 1068 4551 sensi.
1094 4495 1204 4551 Plenius
1224 4510 1288 4566 ergo
1309 4494 1411 4550 abhinc
1430 4492 1509 4549 robis
1537 4509 1592 4548 non
1607 4491 1782 4565 respondere,

123 4605 212 4656 mnne,
241 4587 431 4643 londunensis
460 4573 589 4643 Ecclesiae
623 4585 756 4640 minimus
781 4585 930 4657 episcopo-
984 4585 1068 4642 tantis
1084 4585 1226 4657 impetitus
1235 4584 1345 4656 jaculis,
1362 4590 1492 4656 tantoque
1505 4588 1615 4637 notatus
1630 4597 1719 4650 nevo,
1737 4582 1782 4638 ha-

123 4693 187 4733 rum
200 4677 363 4732 Hincnnnns
378 4677 497 4732 debitam
513 4676 543 4731 iu
560 4674 683 4731 Domino
702 4674 890 4731 devotionem.
983 4684 1081 4733 ctenus
1108 4677 1243 4732 sustinere
1271 4682 1381 4748 paratus
1401 4683 1427 4730 et
1456 4675 1630 4731 dissimulare
1657 4684 1781 4743 conotus,

162 4767 256 4837 lielegi
283 4766 385 4822 cursim
407 4767 509 4838 scripta
533 4773 631 4821 vestre
658 4764 842 4833 celsitudinis,
867 4781 927 4836 que
984 4765 1208 4839 integroquoque
1223 4766 1332 4838 fugatus
1347 4782 1430 4832 enno,
1445 4765 1479 4820 ad
1498 4766 1586 4822 instar
1601 4766 1695 4822 Abner
1709 4782 1783 4838 prae-

126 4854 197 4910 mihi
221 4854 382 4927 perferenda
407 4853 574 4922 destinastis,
595 4854 714 4911 instante
738 4853 926 4911 anniversario
981 4855 1063 4910 terire
1077 4857 1183 4924 volens,
1197 4855 1280 4911 serris
1297 4854 1380 4910 tritus
1394 4871 1451 4910 uon
1465 4855 1619 4926 permittor.
1634 4857 1729 4928 ltaque
1743 4854 1777 4909 de

126 4945 183 5000 mei
199 4942 359 5000 traditionis
376 4951 536 5015 perpetratas
552 4959 612 4999 mea
625 4944 653 4999 in
669 4944 809 5016 parochie,
823 4952 851 5000 et
865 4945 925 5001 loco
979 4960 1061 5001 causa
1083 4943 1238 5000 llaimeradi
1255 4943 1472 5015 compresbyteri
1495 4945 1581 5022 nostri
1603 4960 1634 5000 eo
1651 4940 1783 5013 regulari·

125 5033 174 5105 qui
190 5032 294 5088 dicitur
317 5033 452 5088 Silvucus.
478 5033 531 5087 Mei
553 5039 645 5088 autem
668 5048 723 5087 non
748 5050 814 5088 mem
831 5035 929 5105 scripsi
988 5042 1028 5090 ter
1043 5045 1070 5091 et
1083 5038 1215 5094 canonice
1231 5037 1492 5094 auditorescribam.
1504 5037 1543 5090 De
1555 5033 1723 5089 diffinitione
1737 5048 1783 5087 au·

125 5119 298 5187 traditionis,
316 5127 346 5174 ut
361 5128 535 5175 removeatur
548 5120 754 5192 amphibologia
768 5120 930 5194 ambiguita-

125 5209 163 5264 tis
173 5209 246 5264 inter
263 5208 414 5264 tradentem
431 5218 458 5265 et
471 5209 605 5266 traditum
619 5227 654 5265 ex
665 5209 819 5281 possessivo
832 5227 930 5282 prono-

126 5297 224 5353 minis.
241 5297 340 5370 Liquet
357 5299 430 5353 enim
450 5315 483 5353 ex
498 5299 643 5370 primitivo
657 5298 772 5371 genitivi
784 5315 827 5353 me
841 5299 930 5355 tradi-

127 5397 188 5443 tum
205 5388 300 5456 inisse,
316 5406 371 5445 non
386 5388 547 5445 traditorem
562 5389 709 5446 exstitisse.
728 5391 864 5462 Dispectis
877 5406 931 5445 au-

126 5485 182 5534 tern
198 5487 295 5534 vestrae
317 5479 517 5551 magnitudinis
536 5480 671 5551 apicibus,
693 5495 736 5534 me
758 5479 841 5535 solito
856 5495 931 5537 more

126 5567 250 5623 morderi
279 5569 416 5641 perspexi,
441 5569 488 5625 sed
513 5568 575 5625 ledi
600 5584 642 5625 me
667 5571 724 5625 Deo
751 5570 850 5642 gratias
874 5584 930 5624 non

987 5132 1052 5192 teni,
1069 5142 1150 5197 quern
1171 5125 1265 5182 dicitis
1280 5143 1361 5198 super
1381 5125 1475 5181 eodem
1495 5138 1566 5177 ame
1581 5122 1680 5176 iactam
1695 5135 1784 5191 nego-

985 5215 1035 5282 tio,
1052 5216 1086 5270 ab
1106 5215 1149 5271 his
1164 5217 1212 5288 qui
1227 5217 1413 5273 interimerunt
1430 5221 1456 5269 et
1469 5213 1579 5278 vivunt,
1594 5225 1716 5283 quosque
1731 5225 1784 5264 ve-

985 5303 1049 5358 stris
1068 5302 1216 5374 dcsignatis
1240 5304 1360 5375 scriptis,
1385 5302 1515 5358 similiter
1535 5300 1604 5355 mihi
1629 5299 1691 5364 erit,
1707 5299 1784 5353 velut

986 5410 1041 5449 non
1055 5393 1180 5449 omnium
1206 5393 1330 5460 memori,
1347 5389 1553 5462 requirendum,
1569 5396 1596 5443 et
1618 5387 1659 5444 sic
1674 5405 1784 5461 respon·

987 5482 1118 5539 dendum.
1134 5484 1209 5537 Inter
1232 5498 1300 5554 quos
1323 5489 1350 5535 et
1374 5480 1522 5536 Hadulium
1546 5479 1575 5534 in
1596 5478 1703 5552 synodo
1720 5479 1785 5536 Idus

985 5571 1069 5627 Maias
1091 5570 1226 5628 Lauduno
1246 5568 1373 5626 habendo
1395 5558 1487 5626 adesse
1516 5575 1633 5650 oportet,
1651 5577 1678 5625 et
1703 5569 1784 5625 nobis
