3834 6136
127 211 179 272 tta

788 190 942 255 USUARDI
960 189 1122 256 MONACHI

1724 190 1778 260 Aba

856 317 1047 376 AUCrAAtA.

163 427 322 483 l'oausceu.
344 431 453 480 tantuin
478 420 595 501 incipit:
620 442 629 465 ‹
653 418 748 475 Focati
768 416 889 500 episcopi
900 416 966 476 etA
990 417 1135 489 ‹lpsodie
1148 417 1235 474 sancti
1250 416 1424 475 Constantini
1433 418 1524 490 Magni
1537 417 1722 491 imperatoris,
1733 422 1783 496 qni

128 499 269 573 martyris.
290 522 300 546 »
321 495 385 552 Post
418 511 460 549 uae
471 499 596 564 sequitur
608 497 702 546 textus
716 506 801 563 purus
815 497 842 545 et
856 496 925 545 inte·

144 589 184 640 er,
200 571 249 628 ubi
266 569 378 624 Forulos
388 510 436 621 ifle
450 564 576 620 diuersus
587 577 602 617 a
615 562 684 618 Foco
695 569 836 644 censetur,
851 559 926 634 quod

128 662 157 702 in
172 642 315 700 codicibus
353 636 461 693 luribus
475 636 576 691 lactum
593 650 659 689 mox
673 633 792 689 videbis.
808 633 839 714 ln
855 647 925 714 mar3

127 656 351 791 ginesimiliseG
359 707 506 765 recentiori
517 704 748 774 manmascribit:
767 703 925 763 ‹Vincentii

127 780 462 861 confessorisllaonia.»
573 847 579 859 ·
643 848 649 860 ί

163 862 314 916 Roswnrn.
330 859 418 908 textui
433 866 504 922 puro
519 849 663 929 subpungit
674 866 684 931 ς,
701 848 788 930 ιιΙῐθη]
803 846 925 930 Marcbe3

128 932 179 988 lini
208 925 385 986 confessoris,
403 922 470 978 socii
485 928 573 977 sancti
600 920 727 977 Lebuini.
748 921 817 976 ltem
833 920 927 975 Focati

127 1000 285 1076 episcopi·
307 994 378 1055 Vide
393 993 516 1050 codicem
527 991 683 1073 Luxovinufl.
742 1061 748 1074 .
815 1062 831 1072 ..
853 1061 859 1072 .

162 1074 296 1131 Auream>
312 1111 319 1125 .
335 1074 363 1122 et
376 1065 569 1122 uix.·t.usse.
592 1063 620 1118 in
637 1079 726 1136 prima
741 1068 924 1133 inteniciunt,

135 1169 144 1195 ι
158 1155 186 1202 et
199 1143 328 1216 praelecto
342 1136 485 1204 Africano,
500 1160 509 1183 ι
532 1151 567 1192 ex
580 1133 687 1191 Adone.
704 1135 831 1191 Heraclas
845 1134 925 1215 plane

128 1217 246 1273 omissus
269 1220 320 1270 est.
336 1207 468 1282 Sequitur
482 1214 594 1263 antem:
627 1231 637 1254 ‹
660 1206 794 1289 Lugdnpc
817 1204 924 1273 Galliae,

126 1287 262 1361 depositio
285 1289 444 1340 sanctorum
464 1278 536 1336 lusti
561 1285 588 1334 et
611 1277 703 1334 Amici
722 1292 924 1352 episcoporum.

127 1362 195 1417 ltem
209 1357 333 1416 Focatie
355 1354 412 1409 isco
433 1351 452 1407 i.
468 1375 478 1398 ι

161 1435 316 1489 Auream.-
346 1368 925 1502 sufficeremus„LernaeuetLoviuiau.

127 1503 156 1560 in
172 1503 261 1577 prima
271 1497 353 1556 etiam
369 1495 481 1561 bahent,
503 1493 689 1565 ‹etprmlecto
701 1492 864 1549 Africano.»
880 1490 924 1572 Se3

126 1577 237 1649 quitur:
260 1572 312 1627 «Lu
331 1569 405 1626 duno
416 1566 523 1632 Galliae,
535 1565 673 1692 depositio
683 1572 839 1621 sanctornm
855 1562 925 1644 lusti

126 1654 154 1703 et
168 1644 269 1703 Amici.
283 1668 292 1691 i
309 1587 340 1697 fn
352 1639 466 1696 Heracla
480 1653 553 1711 puri.
589 1651 708 1708 eoique:
732 1634 857 1690 «Eodem
869 1632 923 1702 die,

126 1718 221 1776 Focati
236 1716 367 1788 episcopi.
383 1736 392 1757 ·

980 488 1074 545 lloma
1084 487 1234 546 aedificavit
1247 490 1389 546 ecclesiam
1404 489 1615 546 Lateranensem
1630 489 1660 546 in
1675 490 1783 551 honore

980 560 1067 617 sancti
1087 559 1201 617 loannis
1224 559 1364 634 Baptistae.
1388 562 1493 635 Inque
1518 562 1579 620 loco
1602 563 1706 647 meruit
1730 581 1783 692 per

980 629 1091 687 beatum
1117 631 1281 688 silvestrum
1301 649 1398 715 papam
1424 649 1440 689 a
1463 634 1538 715 lepra
1565 633 1705 717 mundari.
1758 652 1784 694 ic

980 702 1123 758 ecclesiam
1138 711 1260 760 sanctam
1275 703 1405 760 maximis
1424 704 1586 760 muneribus
1600 705 1720 775 dotavit,
1735 716 1783 765 at-

980 789 1033 847 que
1056 776 1160 831 clerum
1180 775 1338 833 bonoravit.
1366 775 1500 846 Lugduiic
1520 775 1627 845 Galliae,
1643 776 1782 852 depositio

980 853 1138 902 sanctornm
1152 846 1222 903 Justi
1237 855 1265 903 et
1279 847 1370 903 Amici
1385 847 1576 920 episcoporum
1591 855 1620 904 et
1634 850 1783 908 confesso-

979 932 1051 973 rum.
1074 919 1135 991 lpso
1158 918 1213 988 die,
1237 918 1329 975 Focati
1352 918 1474 1000 episcopi
1497 926 1524 1001 et
1547 919 1726 1002 confessoris.
1750 923 1783 981 ln

980 988 1244 1058 BritanniaMiiiori,
1257 990 1329 1046 beati
1340 991 1452 1045 Turrim
1462 1006 1595 1063 episcopi,
1606 999 1632 1046 et
1643 993 1783 1051 confesso

980 1060 1027 1116 ris.
1045 1085 1054 1109 ·
1072 1061 1150 1118 Haud
1164 1061 1247 1118 dubie
1259 1078 1308 1134 pro
1326 1061 1447 1118 Turiam.
1468 1062 1669 1143 ‹Aleuandraa
1691 1065 1784 1124 sancti

979 1131 1082 1189 Eraclii
1097 1133 1231 1189 antistitis
1245 1141 1272 1189 et
1286 1132 1630 1206 contessoris,obcn1us,»
1651 1143 1706 1193 etc.
1720 1163 1740 1219 ,ι
1749 1139 1783 1195 In

979 1203 1140 1271 Deventria,
1156 1204 1246 1260 natale
1257 1204 1330 1260 beati
1339 1204 1493 1261 Marcellini
1507 1206 1684 1275 confessoris,
1697 1207 1784 1266 disci·

998 1274 1038 1329 uli
1051 1274 1139 1332 sancti
1148 1275 1263 1332 Lebuini
1277 1276 1440 1348 presbyteri.
1453 1277 1484 1332 ln
1499 1277 1603 1347 Africa,
1620 1288 1783 1338 sanctorum

980 1290 1054 1401 Eetri
1067 1355 1095 1402 et
1108 1347 1219 1403 Donati.
1230 1348 1261 1402 ln
1273 1347 1414 1404 territerio
1426 1347 1548 1405 Cliveusi
1562 1349 1676 1408 civitate
1683 1352 1783 1422 neec,

980 1417 1117 1488 depositio
1131 1418 1219 1474 sancti
1234 1418 1357 1475 Dentlini
1368 1417 1456 1490 pueri.
1467 1420 1534 1477 Item
1547 1420 1615 1478 feria
1623 1421 1707 1479 tertia
1720 1439 1784 1497 pro·

980 1489 1057 1544 xima
1081 1496 1142 1562 post
1167 1490 1266 1545 festum
1290 1499 1390 1546 sauctae
1416 1490 1573 1565 Margaretai
1595 1493 1725 1568 virginis,
1740 1503 1784 1554 ost

979 1561 1206 1617 commemoratio
1220 1568 1320 1618 sanctae
1335 1561 1454 1634 Brigidae
1468 1563 1595 1636 virginis.
1611 1590 1621 1614 »

1014 1631 1112 1688 Bromi
1125 1632 1211 1690 editio
1227 1634 1313 1689 altera
1325 1633 1355 1689 in
1370 1637 1425 1691 llne
1437 1633 1581 1717 adjungit:
1606 1661 1615 1685 ι
1630 1635 1661 1694 bi
1672 1636 1780 1711 Africa,

980 1702 1067 1759 sancti
1073 1704 1189 1772 ‚Donati
1204 1704 1308 1761 Eodem
1318 1705 1374 1775 die,
1387 1711 1475 1763 sancti
1486 1706 1598 1765 Vedasti
1612 1709 1783 1770 confessoris

162 1791 193 1847 ln
208 1787 368 1843 Aaronem.
384 1780 461 1837 deest
475 1778 613 1846 Heraclas,
628 1784 726 1833 caetera
739 1775 802 1832 aliis
825 1775 925 1832 similis
939 1777 962 1837 B
980 1781 1008 1830 et
1031 1773 1152 1848 episcopi
1170 1776 1370 1833 Atrebatensis.
1391 1803 1400 1826 ι
1423 1778 1504 1835 Forte
1518 1778 1574 1852 agit
1587 1781 1621 1837 de
1644 1782 1783 1840 relatione,

126 1867 178 1918 est.
197 1860 320 1915 binicus
334 1852 449 1910 omnino
471 1850 612 1917 convenit,
628 1848 718 1904 sedin
734 1846 855 1930 margine
870 1847 924 1902 ba-

125 1931 173 1988 bet
187 1930 220 1986 de
230 1929 435 1991 Bonaventura,
451 1937 535 1976 manu
550 1920 639 1976 multo
653 1927 819 2000 recentiori:
842 1920 925 2000 «Lu-

127 2003 219 2075 gduno
229 2000 337 2064 Galllae,
348 1991 633 2065 depositioSerapbici
644 1991 766 2047 doctoris
776 1999 863 2072 sancti
874 1990 925 2072 Bo·

126 2078 297 2136 narenturac,
313 2086 327 2125 e
348 2065 447 2136 iscopi,
457 2064 605 2120 cardinalis
620 2070 647 2118 et
660 2062 837 2130 confessoris,
852 2062 925 2118 ordi-

126 2145 170 2202 nis
184 2145 310 2199 Fratrum
329 2085 510 2195 Glinorumn
702 2205 707 2216 ¹
819 2205 824 2216 Ι

160 2216 341 2272 Bnuxniisu.
353 2207 466 2281 incipit:
490 2231 499 2255 ‹
513 2205 595 2279 Apud
609 2205 740 2288 Senogias
756 2202 856 2287 [potius
870 2204 925 2260 So-

125 2288 231 2361 negias]
239 2283 328 2341 sancti
339 2278 481 2337 Vincentii
493 2278 658 2358 confessoris
667 2286 695 2334 et
705 2293 830 2348 coniugis
839 2277 924 2358 beatae

126 2355 315 2418 waldetrudis
337 2351 556 2418 castrilocensis,
583 2358 675 2431 ¹nepus
701 2349 786 2429 heatae
805 2347 923 2405 Guditae.

125 2431 179 2500 Qui
196 2438 354 2486 sanctorum
369 2423 498 2479 Autberti
512 2431 540 2478 et
556 2420 661 2477 Gisleni
676 2419 783 2501 abbatis
793 2420 925 2503 'exhorta-

124 2505 211 2570 tione‚
226 2501 314 2557 lactus
329 2512 364 2553 ex
378 2496 480 2551 comite
494 2492 655 2560 monachus,
672 2491 822 2549 Christum
836 2507 925 2547 omni·

125 2576 177 2631 bus
189 2573 248 2628 suis
263 2570 369 2627 actibus
379 2568 482 2622 servire
492 2565 652 2621 studebat.»
673 2564 712 2618 De
727 2562 818 2620 Phoca
832 2562 923 2645 babet,

125 2655 157 2702 ut
171 2646 304 2701 Aurunca
318 2640 403 2694 Max.
415 2635 639 2703 intermiscendo,
660 2642 705 2689 ‹et
738 2634 925 2690 ralectoAiri·

125 2732 208 2784 cane:
233 2738 242 2761 .
265 2710 367 2785 quibui
388 2709 417 2763 in
441 2708 496 2762 sine
518 2708 601 2762 etiam
625 2721 660 2760 ex
674 2651 785 2786 'AGone
807 2705 921 2776 adjicit:

133 2785 242 2858 «Cujus
266 2781 390 2855 reliquia
414 2779 529 2835 Viennae
556 2778 585 2832 in
600 2775 714 2832 basilica
728 2777 923 2848 Apostolorum

126 2858 294 2914 habentur·
312 2855 342 2908 lii
357 2851 471 2906 llcrocla
485 2865 571 2921 purus
586 2859 636 2916 est,
654 2848 706 2903 nisi
722 2849 796 2929 quod
811 2848 923 2931 scribat,

127 2928 245 2985 Ercclei'.
263 2928 293 2981 ln
309 2925 380 2978 sine:
405 2923 459 2976 ιΕῑ
476 2921 503 2975 in
517 2920 652 2990 Lugdnno
667 2919 773 2986 Gallim,
788 2919 924 2990 depositio

125 3008 282 3057 sanctorum
306 2993 376 3049 lusti
404 3000 431 3047 et
453 2990 579 3047 Aniaiicii
602 2992 802 3072 episcoporum:
819 2992 922 3074 Eodem

125 3071 180 3140 die,
190 3069 277 3126 sancti
290 3064 384 3123 Focati
394 3063 525 3136 episcopi.
542 3062 609 3118 Item
620 3062 750 3144 Germani
760 3078 890 3145 episcopi.
907 3088 916 3110 ι

125 3144 157 3199 ln
177 3142 301 3214 margine
319 3147 421 3205 autem,
447 3151 531 3191 maiiu
550 3134 631 3191 valde
645 3141 920 3216 recentuascriptuni

124 3223 183 3272 est:
205 3238 214 3261 ι
232 3211 320 3270 sancti
335 3207 457 3277 Maurici,
473 3205 591 3264 Romani
615 3208 789 3280 imperatoris
804 3213 831 3262 et
851 3223 923 3263 con-

124 3286 275 3345 sessoris.»

161 3349 922 3434 llieurioraii.inPbocaconvenitsumamma-Mra3

124 3438 176 3490 etc.
198 3433 285 3487 Tum:
308 3452 317 3475 ι
332 3428 364 3483 ln
379 3426 483 3492 Africa,
495 3434 652 3481 sanctorum
664 3431 790 3496 martyrii
806 3422 923 3504 Eugenii

124 3503 257 3576 abrupi,
280 3500 335 3555 side
366 3506 393 3552 et
426 3497 578 3552 virtutibus
605 3495 716 3578 gloriosi
737 3503 772 3577 'et
799 3495 924 3576 universi

123 3519 191 3631 cfeii
224 3598 234 3621 ι
265 3581 317 3628 etc.
343 3570 431 3624 Item:
464 3568 528 3622 «ln
544 3567 687 3622 Britannia
706 3582 819 3634 minori,
835 3575 924 3621 sancti

125 3619 271 3709 Turiinist
289 3649 354 3706 etc,
366 3655 426 3711 quae
442 3654 477 3692 ex
487 3637 615 3693 hesterno
629 3644 708 3692 textu
723 3636 778 3692 liuc
793 3636 925 3692 translata

125 3723 200 3773 sunt.
232 3740 241 3761 ι
264 3709 452 3777 Alexandria,
472 3707 560 3763 sancti
583 3707 767 3775 Heraclitae,·
794 3714 858 3775 etc,
874 3724 923 3780 pro

164 3786 253 3841 recle.

125 3789 364 3914 Hellespontian:
388 3848 551 3917 «pictaviae,
568 3851 654 3906 sancti
670 3847 803 3922 Cypriani
820 3857 922 3922 marty·

124 3931 199 3988 ris..
221 3928 293 3986 Vide
308 3923 417 3981 codices
431 3923 501 3977 alios
519 3921 564 3976 die
578 3922 752 4004 praecedenti.
821 3992 838 4004 ..
915 3993 921 4004 .

160 4004 319 4059 Auertitur.
333 4012 338 4049 :
362 4019 371 4043 ‹
385 3994 491 4051 Eodem
505 3992 560 4048 die.
576 3992 715 4049 dedicatio
725 4000 839 4074 oratorii
849 3991 923 4050 beati

125 4073 202 4130 Pauli
225 4067 353 4142 apostoli.
373 4067 404 4121 ln
429 4065 482 4121 ista
503 4064 620 4120 ecclesia
642 4064 695 4121 bac
716 4065 761 4121 die
775 4073 923 4148 veneratur

144 4141 286 4215 rincipalis
312 4145 413 4194 sancta
441 4135 491 4192 llei
514 4135 656 4208 genitricis
673 4137 765 4194 Maria
788 4145 816 4192 et
834 4147 921 4220 sancti

123 4161 241 4274 pirmini
256 4210 373 4269 senioris
387 4208 473 4265 nostri
485 4210 721 4278 commemoratio,
735 4208 880 4282 prebella,
892 4227 921 4265 in

124 4286 209 4360 hujus
222 4283 345 4342 civitatis
359 4280 493 4338 suburbio
514 4279 646 4337 nobiliter
661 4289 780 4355 peracto,
799 4297 873 4338 anno
887 4282 921 4338 ab

123 4356 314 4416 incarnatione
328 4353 440 4411 Domini
453 4368 604 4409 uccucnvu.
619 4377 629 4401 ι

160 4431 304 4487 Bicoririn.
320 4426 408 4483 codex
417 4425 541 4498 signatus
554 4424 616 4481 Pb:
640 4449 649 4473 ‹
664 4424 799 4497 Lugduno
812 4425 919 4494 Galliae,

123 4576 160 4631 Et
173 4574 251 4642 alibi,
266 4570 354 4628 sancti
368 4569 462 4627 Focati
472 4568 603 4641 episcopi.
619 4594 629 4620 i
885 4641 889 4652 1

160 4646 256 4702 Coonx
269 4644 303 4698 D.
316 4644 359 4698 llo
372 4642 496 4698 Currit..
512 4641 637 4713 signatus
654 4642 694 4697 B:
719 4666 728 4689 ι
744 4642 848 4698 Eodem
863 4642 919 4708 die,

124 4716 211 4772 sancti
226 4713 340 4769 Phocati
354 4711 485 4784 episcopi.
499 4736 508 4758 ι
525 4714 562 4766 Et
577 4713 606 4766 in
620 4711 676 4768 alio
689 4712 784 4770 codice
798 4711 919 4784 ejusdem

124 4787 230 4861 signato
245 4783 281 4840 C:
305 4806 314 4829 ‹
333 4784 364 4837 ln
382 4783 485 4850 Africa,
501 4782 611 4838 Donati.
629 4807 638 4832 i

159 4877 328 4933 Fiennrrruv.
343 4889 348 4928 :
372 4869 523 4952 «Lugduni
542 4868 649 4938 Galliae,
663 4870 800 4943 depositio
814 4879 921 4929 saucto-

123 4964 185 5006 rum
205 4953 358 5027 martqrum
379 4942 462 5010 lusti,
482 4941 575 4997 Amati
599 4949 624 4997 et
647 4941 776 4998 Fecsti.»
801 4941 920 5024 Seduqui

124 5020 236 5078 Feratus
259 5017 306 5074 bic
327 5014 409 5072 toties
435 5014 578 5085 repetitus,
605 5029 667 5069 euni
690 5013 921 5086 Lugdunensibus

124 5098 314 5160 connectatur,
330 5103 386 5144 nou
400 5085 536 5158 intelligo.
552 5083 624 5141 Vide
637 5083 698 5142 cod.
715 5100 774 5158 seq.

160 5183 335 5241 Luxovium:
365 5203 374 5229 ι
398 5176 480 5250 Apud
499 5177 629 5245 Pontum,
655 5177 742 5234 sancti
757 5176 855 5236 Pbocae
864 5222 919 5238 .....

125 5252 210 5325 Cujus
223 5255 273 5310 reli
294 5253 347 5311 uias
362 5251 392 5307 iu
405 5250 519 5307 basilica
533 5249 729 5331 Apostolorum
748 5250 783 5307 ad
801 5251 920 5309 Galliam

125 5324 265 5381 civitatem
311 5325 420 5381 ienuam
435 5322 582 5378 habentur.
598 5346 606 5368 ·
628 5321 774 5378 Adamana
790 5331 864 5380 sunt.

160 5410 290 5468 Sanisera.
303 5431 308 5468 ε
328 5411 602 5495 gLugdunoGalliae,
612 5410 748 5484 depositio
761 5421 919 5470 sauctorum

125 5481 196 5538 insti
210 5491 237 5538 et
254 5485 347 5537 Amati
359 5499 559 5556 episcopcrum.
577 5507 586 5532 ι

160 5573 260 5629 Ennio
273 5572 499 5643 Lenaeo-,Cois
519 5600 527 5621 ι
541 5575 571 5631 lu
586 5573 680 5643 Dacia,
696 5575 840 5631 translatio
853 5574 919 5630 due·

125 5660 186 5701 rum
201 5644 322 5716 capitum
335 5651 491 5701 sanctarum
504 5645 654 5718 virginum,
668 5647 701 5703 de
718 5647 848 5729 societate
862 5662 920 5702 un-

124 5715 214 5774 decim
230 5712 361 5771 millium.
376 5717 401 5769 A
420 5715 458 5772 ud
478 5716 607 5786 Pontum,
631 5719 722 5775 natale
748 5727 836 5775 sancti
860 5718 918 5774 Fo-

124 5806 196 5861 re„
218 5794 362 5856 etc.,·cum
384 5731 580 5843 additamentis
599 5805 635 5845 ex
648 5789 757 5860 Adone,
772 5797 804 5846 nt
826 5805 918 5863 supra.

981 1845 1122 1929 corporis,
1131 1845 1165 1904 de
1182 1848 1296 1921 quadie
1313 1851 1440 1923 sequenti
1454 1849 1484 1906 iii
1498 1850 1637 1910 Auctariis
1651 1851 1685 1910 tii
1698 1870 1781 1913 com-

981 1926 1152 1975 memoratio.

1017 1989 1158 2047 Gnsvsir.:
1180 1991 1228 2048 «lii
1239 1991 1342 2062 Africa,
1354 2002 1510 2052 sanctorum
1525 1992 1600 2053 Petri
1614 2005 1641 2055 et
1653 1995 1780 2058 Donati..

980 2059 1112 2118 Lubberti
1136 2061 1243 2119 abbatis
1262 2073 1288 2121 et
1301 2068 1442 2138 martyris.
1460 2064 1600 2139 Lugduni,
1618 2077 1779 2129 sanctoruni

980 2131 1051 2188 lusti
1065 2141 1092 2187 et
1106 2134 1196 2190 Amici
1211 2135 1400 2208 episcoporum
1416 2146 1444 2193 et
1460 2139 1659 2197 confessorum.
1683 2140 1779 2201 Footti

981 2204 1101 2276 episcopi
1123 2213 1149 2260 et
1177 2206 1351 2264 confessoris.
1382 2210 1411 2264 ln
1437 2211 1595 2280 Daventria,
1624 2211 1780 2270 Marcellini

981 2274 1134 2347 presbyteri
1148 2284 1175 2332 et
1189 2278 1364 2347 contessoris,
1380 2280 1543 2339 sociisancti
1555 2282 1684 2352 Lebnini,
1696 2284 1778 2342 disci·

981 2346 1038 2418 puli
1053 2355 1144 2403 autem
1159 2350 1246 2406 sancti
1262 2351 1442 2408 Willebrordi
1456 2353 1587 2426 episcopi.
1602 2356 1666 2428 Ipso
1680 2355 1727 2413 dic
1738 2373 1779 2415 io·

980 2417 1101 2474 cundum
1117 2421 1249 2492 quosdam
1284 2422 1459 2481 Constantini
1479 2426 1570 2499 Magni
1592 2426 1631 2484 im
1667 2428 1776 2487 ratoris.

981 2489 1032 2545 Sed
1048 2491 1141 2547 verius
1158 2463 1311 2550 secundum
1334 2495 1441 2552 aliosxi
1455 2496 1515 2553 Kal.
1532 2496 1619 2556 lunii.
1661 2499 1777 2558 incentii

980 2561 1090 2617 comitis
1110 2563 1242 2620 llanoniae
1261 2567 1528 2624 etconiessoris.1n
1554 2571 1696 2627 territorio
1710 2571 1777 2630 Cle-

980 2633 1058 2688 vensi
1073 2634 1186 2691 civitate
1205 2637 1299 2705 Maesa,
1324 2639 1412 2695 sancti
1432 2640 1557 2696 Dentlini
1579 2642 1657 2714 pueri
1673 2653 1776 2717 septem

979 2719 1115 2760 annorum
1141 2714 1168 2762 et
1190 2708 1367 2766 confessoris.
1398 2711 1475 2768 Focae
1503 2711 1631 2785 virginis.
1658 2713 1689 2772 ln
1717 2715 1776 2773 lla-

980 2774 1032 2840 cia‚
1060 2777 1203 2833 translatio
1225 2779 1343 2837 duorum
1367 2783 1488 2855 capitum
1510 2793 1669 2842 sanctarum
1693 2786 1777 2861 virgi·

979 2862 1057 2914 num,
1075 2873 1083 2893 ι
1105 2857 1170 2918 etc,
1187 2857 1218 2906 ut
1232 2868 1314 2925 supra
1328 2854 1357 2908 in
1372 2854 1493 2913 editione
1506 2856 1691 2917 Lusco-Cot.

1015 2927 1124 2984 Morari.
1148 2929 1230 2987 etiarn
1248 2932 1348 3000 textui,
1374 2934 1420 2991 sed
1435 2935 1497 2992 aliis
1518 2936 1628 3007 litteris,
1654 2940 1774 2999 inserit:

988 3023 1003 3080 ‘.
1015 2997 1100 3080 Cujus
1114 3002 1237 3084 reliquiae
1247 3005 1275 3059 in
1289 3005 1403 3062 basilica
1412 3008 1609 3135 apostolorum,
1624 3009 1657 3067 iii
1669 3012 1777 3096 Vienria

979 3077 1092 3127 civitate
1115 3072 1210 3130 Galliae
1230 3075 1401 3135 habentur.»
1437 3079 1538 3138 nilne:
1560 3106 1570 3128 ‹
1592 3082 1697 3141 Eodem
1720 3085 1775 3154 die,

942 3133 1105 3198 Cinventio
1132 3145 1219 3203 sancti
1245 3146 1350 3206 Liberti
1379 3152 1520 3224 martyris,
1550 3153 1609 3210 vita
1622 3161 1651 3212 et
1670 3156 1776 3215 meritis

978 3213 1100 3282 gloriosi.
1117 3215 1203 3284 Quem
1217 3217 1340 3291 inclytus
1355 3230 1460 3295 martyr
1473 3222 1650 3284 beatissimus
1664 3228 1776 3287 Rumol·

977 3284 1030 3340 dus
1043 3285 1136 3343 triduo
1151 3289 1304 3347 extinctum
1321 3292 1488 3367 submergio,
1510 3295 1607 3353 divina
1629 3301 1776 3358 suscitavit

978 3356 1091 3425 virtute,
1108 3357 1218 3432 fideque
1232 3361 1333 3419 imbuit
1346 3375 1373 3421 et
1384 3365 1519 3424 doctrine.
1533 3368 1585 3425 lllo
1600 3379 1693 3429 autem
1708 3381 1776 3430 terii·

977 3444 1043 3500 pore
1063 3445 1119 3503 quo
1133 3432 1308 3503 Nortmanni,
1328 3436 1398 3492 Dani
1418 3445 1445 3493 et
1461 3437 1536 3495 lluni
1556 3440 1736 3501 brabantiam
1749 3452 1776 3503 et

977 3498 1133 3570 adjacentes
1160 3505 1297 3563 revincias
1312 3507 1374 3579 igne
1388 3511 1542 3581 vastabant,
1552 3521 1580 3569 et
1593 3514 1697 3585 gladio,
1712 3525 1775 3574 ante

977 3571 1065 3627 sancti
1080 3520 1218 3653 [drugonis
1232 3593 1318 3643 aram,
1334 3579 1420 3637 vitam
1435 3582 1554 3653 glorioso
1569 3587 1775 3647 consummarit

977 3650 1112 3715 martyrio
1138 3648 1218 3719 Apud
1233 3648 1372 3721 Sonegias,
1394 3652 1530 3734 depositio
1544 3653 1615 3712 beati
1633 3658 1773 3718 vincentii

978 3713 1143 3772 confessoris
1171 3718 1276 3775 Christi
1297 3729 1324 3776 et
1345 3721 1461 3792 abbatis,
1486 3726 1534 3799 qui
1555 3728 1660 3787 struxit
1678 3731 1772 3788 Altum

977 3785 1108 3843 Mentem.
1133 3789 1165 3843 lu
1184 3790 1306 3860 Aicuria,
1335 3802 1436 3851 sanctae
1462 3798 1617 3868 Ragenullae
1645 3801 1771 3875 virginis.

976 3856 1080 3912 Eodem
1109 3857 1165 3925 die,
1191 3863 1277 3918 sancti
1300 3864 1410 3921 ilenrici
1434 3869 1559 3938 secundi,
1585 3871 1772 3931 Romanorum

977 3928 1150 4000 imperatoris
1173 3941 1200 3988 et
1219 3934 1397 4004 confessoris3
1419 3939 1466 4012 qui
1487 3940 1557 3996 obiit
1571 3958 1646 3999 anno
1662 3945 1772 4004 Domini

976 4016 1058 4055 uixi.
1074 4001 1167 4058 Passio
1181 4007 1268 4063 sancti
1284 4007 1377 4064 basini
1389 4011 1460 4082 regis
1471 4019 1498 4067 et
1513 4014 1655 4087 martyris.
1671 4042 1681 4066 ι
1702 4018 1771 4075 Dein

976 4071 1040 4127 aliis
1055 4075 1147 4201 typis:
1169 4077 1246 4144 «Qui
1261 4078 1379 4152 quiescit
1393 4081 1422 4136 in
1437 4082 1588 4142 Truncinio
1603 4089 1772 4147 monasterio

976 4150 1055 4200 extra
1106 4145 1254 4204 andavum.
1283 4151 1314 4205 lii
1345 4151 1502 4223 Darentria,
1531 4158 1620 4215 sancti
1653 4161 1772 4221 Marcel-

976 4214 1037 4277 lini,
1054 4240 1064 4263 »
1085 4224 1149 4287 etc,
1165 4228 1196 4276 ut
1215 4219 1341 4278 Gnsvsu.
1361 4247 1370 4270 ι
1386 4224 1417 4281 ln
1433 4227 1571 4285 territorio
1585 4228 1722 4302 Clivensi,
1736 4231 1771 4292 ci·

975 4287 1061 4343 vitate
1075 4288 1169 4358 Reesa,
1181 4291 1269 4348 sancti
1283 4295 1408 4351 Dentlini
1424 4299 1501 4368 pueri
1515 4309 1619 4373 septem
1634 4319 1771 4363 antrorum

975 4364 1003 4415 et
1017 4359 1199 4431 consessoris;
1225 4373 1387 4422 nontamen
1408 4370 1597 4429 canonizati.»
1626 4373 1772 4435 Editionos

975 4430 1036 4486 aliae
1049 4433 1168 4490 cursivis
1182 4434 1338 4508 incipiunt:
1354 4438 1491 4511 Lugduni,
1520 4442 1554 4499 de
1575 4445 1658 4502 ositio
1683 4448 1772 4507 saiicb

123 4501 259 4576 depositio
281 4505 439 4556 sanctornm
464 4496 535 4553 lusti
558 4503 584 4552 et
604 4496 694 4555 Amici
713 4498 916 4572 episcoporum.
931 4500 957 4562 D
974 4502 1184 4572 bonaventura,
1199 4508 1346 4565 cardinalis
1362 4518 1389 4567 et
1402 4511 1522 4586 episcopi
1537 4461 1717 4587 Aibaneusii,
1730 4536 1773 4578 or·

974 4573 1220 4635 dinisMinorum.›
1237 4580 1267 4636 ln
1281 4588 1369 4649 textu,
1387 4582 1458 4638 idem
1474 4585 1650 4668 quodsupra.
1662 4591 1769 4651 latine:

981 4669 991 4692 ‹
1010 4646 1090 4718 Apud
1106 4649 1288 4724 Babenberge,
1304 4653 1391 4709 sancti
1407 4655 1518 4712 Mennci
1532 4661 1658 4730 secundi,
1674 4663 1773 4722 Roma·

974 4732 1073 4772 nerum
1088 4719 1262 4792 imperatoris
1281 4732 1308 4780 et
1331 4724 1516 4796 confessoris;
1542 4729 1590 4811 qui
1614 4733 1688 4791 obiit
1698 4750 1772 4792 anno

975 4788 1086 4844 Domini
1102 4807 1202 4849 uxxrv.
1218 4794 1299 4866 Apud
1310 4794 1380 4852 Soue
1400 4797 1449 4868 ias,
1466 4799 1602 4873 depositio
1614 4803 1689 4863 basii
1705 4807 1772 4866 vm·

974 4860 1058 4915 centii
1073 4862 1237 4921 contessoris
1252 4866 1366 4924 Christi.
1382 4814 1435 4936 Gai
1450 4870 1480 4927 in
1502 4875 1682 4945 monasterio,
1697 4876 1772 4952 quod

975 4931 1055 5012 Altus
1070 4932 1147 4990 Mons
1161 4935 1275 5007 dicitur,
1288 4946 1369 4997 tonso
1383 4942 1480 5014 capite,
1492 4942 1566 5000 visit
1580 4946 1709 5017 plurimis
1723 4965 1770 5007 aii·

975 5018 1018 5058 nis
1042 5003 1092 5060 sub
1111 5016 1205 5064 sancta
1230 5010 1333 5081 regula,
1354 5023 1461 5070 servata
1480 5014 1615 5074 charitate
1628 5027 1771 5092 separatus

975 5091 990 5130 a
1004 5084 1098 5132 sancta
1116 5078 1295 5160 waldetrude
1309 5082 1426 5166 conjuge
1439 5102 1498 5143 sua.
1514 5089 1545 5143 ln
1561 5089 1702 5148 Hasbauia
1719 5108 1771 5150 eo-

974 5146 1036 5202 dem
1053 5149 1109 5216 die,
1126 5152 1249 5208 inventio
1269 5154 1355 5210 sancti
1377 5156 1489 5227 Liberii,
1512 5183 1521 5207 ι
1544 5167 1608 5231 etc,
1630 5169 1663 5218 ut
1676 5179 1769 5237 supra

982 5242 991 5265 ‹
1009 5220 1175 5291 Daventria,
1191 5226 1277 5281 sancti
1289 5225 1442 5284 Marcellini
1455 5229 1609 5313 presbyteri
1623 5242 1650 5291 et
1664 5234 1772 5295 conseo

974 5290 1052 5359 soris,
1069 5291 1197 5367 discipuli
1212 5297 1297 5354 sancti
1314 5298 1488 5356 Willihrordi
1501 5318 1593 5374 episco
1614 5303 1633 5362 i.
1647 5305 1703 5375 Qui
1711 5322 1771 5380 par·

973 5369 1015 5418 tos
1042 5364 1253 5437 L'ransiselanas,
1280 5369 1370 5426 locum
1395 5371 1560 5442 Oudenzeel,
1607 5385 1716 5435 tentam
1739 5394 1772 5438 ac

974 5433 1118 5504 Tirentam,
1141 5438 1304 5496 Covordiam
1333 5456 1364 5498 ac
1381 5442 1558 5502 [laventriam
1578 5446 1772 5519 rexit,et1lei

974 5507 1249 5577 providentiatotum
1273 5512 1357 5568 terme
1373 5515 1505 5587 populum
1530 5517 1640 5577 Christo
1664 5520 1772 5595 pradi-

973 5579 1061 5633 candc
1082 5587 1122 5636 est
1144 5582 1275 5640 lucratus.
1296 5583 1447 5642 Truncinio
1471 5590 1649 5661 monasterio,
1680 5593 1771 5666 pastio

974 5649 1060 5704 sancti
1076 5648 1255 5738 Basininregip
1270 5664 1298 5713 et
1311 5656 1451 5730 martyris.
1469 5658 1500 5715 ln
1520 5661 1643 5733 Aicuria,
1668 5672 1772 5724 macta

973 5720 1127 5792 Ragenullai
1151 5740 1276 5800 virginis.
1303 5727 1383 5802 Apud
1409 5729 1560 5803 Treverim,
1589 5736 1679 5794 sancti
1698 5734 1772 5795 iusti

973 5791 1149 5854 confessoris.
1163 5821 1173 5845 »
