3834 6136
121 255 179 330 m.

814 265 968 322 USUARDl
987 261 1147 320 MONACHl

1727 254 1783 313 536

125 393 274 454 versemur
288 392 317 447 in
331 405 361 447 rs
374 390 419 446 val
431 388 604 445 eruditorum
625 391 709 462 vulgo
723 389 877 457 notissima,
895 388 925 444 in
939 392 964 450 A
978 389 1049 446 sima
1070 386 1263 461 blartyrologis
1286 387 1423 444 Romana:
1444 398 1500 439 non
1514 381 1674 440 existimem
1687 382 1782 440 ullum

126 462 290 547 quapasiim
305 460 424 517 Baiouio
439 458 650 529 contradicitur,
675 462 722 587 qui
745 470 772 516 et
794 462 822 516 in
843 463 924 517 Nota·

128 534 253 594 tionibus
266 540 293 588 et
305 533 335 589 in
349 531 503 588 Annalibus
517 531 550 587 ad
563 548 667 587 annum
696 532 742 598 09,
755 549 771 587 a
785 549 862 588 num.
878 532 923 599 38,

126 605 258 664 llilduino
268 603 414 660 adhaesisse
429 603 547 659 videtur.
557 603 671 659 Gratum
687 603 812 659 futurum
826 603 924 675 opinor

126 678 150 735 si
165 675 313 747 llosveydi
324 674 602 742 animadversionem,
616 675 645 730 in
655 675 771 746 epistola
785 691 837 730 ms.
855 690 925 746 saepe

125 747 192 806 alibi
207 747 301 814 citata,
317 747 454 812 ultimam,
469 746 515 803 bic
529 746 637 803 curioso
651 747 748 802 lectori
762 762 923 818 proponam,

126 835 161 876 ex
177 835 231 891 qua
246 825 337 890 pateat
348 818 539 875 doctissimum
554 818 645 873 virum
663 818 689 874 id
704 818 810 891 pridem
827 818 925 873 obser-

127 906 205 947 vasse
220 890 293 963 quoil
313 891 408 945 eodem
432 890 532 946 seculo
560 897 601 945 tot
629 889 677 945 alii
704 890 762 946 suis
788 889 925 958 suffragiis

126 961 335 1020 confirmarunt.
369 961 462 1018 Refert
486 961 605 1032 primum
630 960 747 1017 Usuardi
771 976 805 1016 er
827 961 925 1015 Belino

126 1033 326 1100 verbaomnia,
342 1032 388 1089 hic
402 1033 432 1088 in
452 1040 531 1088 testu
556 1048 694 1104 expressa,
720 1032 754 1088 ad
778 1048 838 1104 quas
862 1032 924 1087 sub·

128 1104 237 1176 ‘ungit:
274 1104 381 1160 «Miror
395 1103 453 1160 haic
476 1103 576 1159 omissa
599 1119 657 1158 esse
681 1103 709 1158 in
730 1103 926 1176 Martyrologio

124 1122 250 1234 itomsno
265 1175 386 1242 Daronii,
403 1191 466 1231 cum
482 1182 545 1230 ante
559 1183 670 1231 centum
686 1175 809 1231 annosiu
823 1176 925 1246 Marty-

127 1246 232 1317 rologio
247 1247 337 1302 Belini
355 1247 414 1303 bsao
424 1245 548 1301 exhibita
560 1245 682 1301 fuerunt.
692 1246 763 1313 Quid
799 1246 926 1302 undante

127 1318 203 1374 mille
216 1333 304 1374 annos
316 1318 354 1372 ita
369 1316 620 1374 crediditEcolesis
630 1318 776 1374 Romana?
815 1333 858 1371 ain
874 1333 927 1372 ve-

127 1396 172 1446 tus
186 1389 412 1460 Martyroloqium
425 1389 591 1458 Romanum,
604 1386 678 1459 quod
703 1388 809 1445 Adonis
823 1389 926 1460 blarty·

127 1462 186 1517 solo
206 1461 233 1516 io
246 1477 282 1515 ex
298 1459 419 1516 editione
427 1460 578 1515 Moretiana
587 1461 655 1515 olim
681 1460 800 1530 premisl
825 1459 885 1530 (ubi
901 1467 927 1514 at

127 1531 173 1659 eiu
206 1548 248 1587 em
262 1531 409 1603 llosvieydi
433 1531 539 1587 notatio
563 1530 652 1587 videri
668 1539 758 1603 potest
773 1547 832 1602 pag.
849 1530 926 1601 sis),

126 1617 200 1661 otre
218 1603 257 1658 ita
268 1609 463 1675 repraesentat:
478 1603 597 1669 Athenis,
611 1602 733 1673 Dio-riysii
750 1602 926 1672 Areopeqitie,

127 1675 174 1731 sub
188 1675 311 1732 Adriano
325 1674 437 1729 diuersis
451 1674 587 1728 tormentis
604 1674 688 1744 possi,
707 1679 736 1727 iit
747 1673 878 1728 Aristides
893 1679 926 1727 te·

980 460 1100 516 inveniri
1111 466 1261 531 posseante
1276 465 1330 512 tem
1370 472 1399 512 rs
1419 454 1546 512 Hilduini
1561 453 1680 523 abbatis,
1726 454 1783 512 uod

981 529 1316 601 ichtobrisDionysium
1349 543 1396 583 reo
1432 527 1711 598 gitamreprsisentet.
1737 542 1784 583 ors

980 603 1125 671 Daronius,
1141 602 1164 657 si
1180 609 1259 656 vetus
1273 601 1396 682 Martyro
1408 599 1502 670 egium
1518 597 1783 664 Romanum,Adoni

981 673 1164 747 premissum,
1188 672 1266 744 cujus
1295 670 1432 727 desiderio
1456 675 1598 741 tantopere
1624 669 1783 738 tenebatur,

981 745 1105 813 vidisset,
1114 745 1142 799 iii
1158 744 1239 800 aliam
1251 742 1414 799 sententiam
1428 741 1600 798 declinasset.
1613 766 1622 790 ι
1643 741 1785 797 Hactenus

980 815 1159 888 liosweydus.
1181 815 1305 872 Videiida
1330 814 1412 869 etiam
1441 811 1614 879 brevissima,
1638 812 1688 867 sed
1703 828 1783 869 vero·

981 888 1134 956 simillima,
1150 886 1298 944 Castaliam
1315 885 1343 940 in
1359 885 1557 955 Martyrologio
1567 883 1723 940 universali
1738 885 1784 941 ob·

981 960 1110 1026 servatio,
1139 975 1174 1014 eii
1197 958 1299 1031 quilius
1319 955 1449 1012 omuibus
1472 961 1563 1026 pateat
1588 962 1743 1011 astructam
1770 973 1786 1012 a

981 1030 1124 1086 monachis
1142 1029 1332 1100 Dionysianis‚
1348 1027 1395 1084 sed
1412 1043 1563 1098 perperam,
1580 1026 1783 1099 Dionysiorum

1000 1101 1104 1157 luriuin
1123 1099 1313 1158 confusionem
1335 1098 1436 1166 dicam,
1458 1114 1493 1153 sn
1518 1098 1742 1164 distinctionem,
1771 1116 1787 1155 a

981 1119 1105 1230 Romano
1119 1188 1212 1244 parvo,
1228 1171 1334 1238 Adone,
1351 1169 1475 1227 Usuardo
1488 1178 1515 1225 et
1535 1169 1659 1226 Nntliero
1673 1168 1787 1227 abunde

981 1243 1088 1317 pridem
1103 1243 1283 1300 confutatam.
1299 1242 1352 1309 Qui
1372 1242 1451 1313 plura
1464 1241 1552 1312 cupit,
1569 1241 1651 1298 adest
1663 1241 1787 1314 Respon-

982 1316 1074 1372 siones
1087 1313 1340 1385 Papebiocbii,art.
1360 1329 1400 1374 xi.
1416 1319 1475 1368 toto
1490 1310 1504 1383 fi
1519 1312 1546 1368 li.
1665 1381 1671 1392 ¹

1019 1388 1057 1442 De
1070 1387 1202 1453 Dwetdis,
1217 1385 1361 1451 Danaidis,
1384 1399 1432 1439 seu
1455 1383 1587 1455 Eqnelilit
1608 1382 1786 1455 <hujusmodi

983 1457 1128 1513 nominum
1143 1456 1338 1529 etymologiam
1351 1463 1379 1511 et
1393 1455 1546 1511 litterarum
1566 1472 1590 1511 ni
1607 1455 1636 1512 iu
1658 1472 1676 1526 p
1697 1462 1786 1510 muts·

982 1529 1086 1584 tionem
1101 1529 1167 1584 satis
1180 1528 1247 1584 alibi
1262 1526 1474 1600 explicavimus)
1490 1527 1564 1582 clare
1576 1526 1706 1599 loquitur
1715 1525 1788 1583 neos

983 1599 1013 1654 in
1035 1600 1244 1672 Martyrologio,
1268 1615 1349 1670 quern
1374 1614 1403 1654 se
1424 1604 1527 1653 uuntur
1549 1604 1576 1653 et
1596 1597 1788 1664 transcribunt

982 1670 1120 1738 Rabanus,
1135 1671 1207 1738 Ado,
1222 1670 1361 1727 Usuardus
1373 1678 1400 1726 et
1436 1669 1560 1736 otkerus,
1586 1668 1626 1724 ita
1646 1677 1742 1724 tamen
1757 1676 1787 1725 ut

128 1749 176 1802 stis
190 1753 229 1802 est
246 1747 275 1800 in
289 1745 443 1817 operequod
457 1745 489 1799 dc
504 1745 659 1800 Christiana
679 1744 807 1816 reliqisne
819 1750 966 1814 conspe-B
983 1742 1114 1814 postremi
1143 1742 1198 1798 duo
1227 1744 1308 1812 paulo
1331 1740 1500 1798 contractius
1523 1739 1671 1796 historiam
1696 1741 1786 1812 expri-

127 1817 190 1879 iiii't,
207 1817 262 1872 llos
296 1832 362 1886 opes
387 1815 459 1895 opud
483 1816 651 1870 Athenienses
670 1815 738 1869 inter
755 1815 929 1885 antiquorum
983 1822 1070 1871 mant.
1098 1813 1179 1885 Apud
1203 1813 1419 1884 Hieronyniiana
1442 1819 1470 1893 ct
1492 1812 1648 1892 Romanum
1669 1827 1785 1886 parvum

128 1886 477 1942 nnumies‘elerisnineni
504 1892 613 1942 emtor.
641 1884 717 1941 idem
745 1885 827 1941 habet
856 1886 929 1942 Beda
983 1883 1193 1941 notinonsunt.
1213 1884 1428 1943 wandalbertus
1443 1892 1481 1941 ita
1495 1892 1589 1947 canit:

127 1956 333 2028 supposititius,
350 1955 500 2023 Usuardus,
516 1956 577 2012 Ado
591 1964 618 2012 et
633 1957 779 2024 Notlierus,
790 1957 929 2012 utinerito

127 2027 157 2083 in
176 2026 425 2082 considerationem
433 2027 527 2082 venire
533 2026 630 2083 debeat
641 2043 707 2082 num
721 2027 768 2084 bic
779 2028 930 2100 Dionysius

127 2097 294 2169 Areopagita
316 2113 366 2153 suo
391 2098 450 2152 loco
472 2104 513 2154 tot
535 2098 683 2155 comitatus
705 2098 823 2155 testibus
847 2100 929 2155 relin-

127 2168 254 2242 quendus
264 2169 312 2237 sit,
323 2170 443 2224 maxime
452 2185 515 2225 oum
531 2177 558 2225 et
582 2169 769 2241 blenologium
791 2170 930 2243 Graeoum,

1045 1998 1155 2065 unates,
1169 2001 1276 2057 meritis,
1295 2009 1374 2064 gente
1385 2009 1411 2049 et
1423 1999 1614 2062 cognominant
1624 2012 1681 2057 ara,

1046 2061 1221 2125 Doctrinaque
1238 2077 1323 2127 pares,
1338 2064 1457 2126 quintum
1473 2062 1522 2112 sibi
1536 2070 1617 2115 morte
1625 2058 1756 2129 dicarunt.

1020 2171 1153 2227 Actomm
1168 2171 1252 2227 series
1266 2188 1300 2227 eii
1315 2172 1390 2229 Beda
1403 2170 1599 2229 elucidabitur.
1614 2169 1715 2228 Videri
1739 2169 1787 2227 ia-

128 2239 250 2314 itemque
262 2241 375 2306 Menae,
399 2240 590 2311 Areopagitam
616 2240 782 2313 Dionysium
810 2241 863 2297 boc
885 2241 931 2298 die
985 2242 1067 2299 terim
1081 2250 1202 2298 meretur
1215 2241 1308 2299 brevis
1323 2243 1471 2301 Castellaui
1485 2242 1692 2311 notatiuncula,
1703 2258 1786 2315 quam

985 2329 1020 2370 eii
1037 2321 1113 2385 parte
1128 2319 1245 2385 tangunt
1262 2315 1391 2372 nonnulli
1413 2315 1522 2371 codioes
1546 2314 1620 2370 inter
1643 2314 1785 2371 Auctaris.

128 2383 294 2456 Dionysium
306 2382 484 2438 Parisiensem
495 2382 612 2451 aliodie,
621 2383 927 2452 videlicetDOctobris,
984 2385 1044 2440 Huc
1063 2401 1149 2457 usque
1165 2384 1264 2441 iterum
1313 2384 1509 2443 tetUsuardini
1524 2393 1620 2441 tentus
1634 2385 1786 2458 scaturigo.

128 2454 340 2527 reponant,quis
352 2453 479 2510 dubitare
490 2461 580 2535 potest
590 2454 657 2527 quin
669 2455 834 2527 Dionysium
844 2455 928 2511 Areo·
983 2456 1020 2512 At
1034 2454 1107 2512 unde
1123 2456 1278 2513 Candidusi
1292 2458 1317 2513 le
1331 2457 1365 2513 ad
1383 2459 1477 2515 Ursum
1486 2458 1635 2529 pilentum?
1644 2456 1786 2530 Nusquam

128 2526 247 2653 flagitem
273 2525 455 2581 sParisiensi
470 2524 672 2582 distinxerint?
694 2528 784 2593 Quare
806 2526 835 2581 iu
852 2533 930 2582 textu
983 2526 1099 2600 reperio.
1125 2529 1176 2584 Est
1237 2528 1307 2584 'dem
1337 2529 1366 2584 in
1391 2527 1618 2656 Hieronymisnis
1644 2528 1682 2584 ali
1724 2528 1786 2585 ibus

131 2318 337 2385 repraesentent.
355 2311 415 2366 lani
430 2327 497 2366 vero
507 2328 571 2368 cum
583 2310 666 2367 iidem
676 2312 705 2367 bi
716 2319 841 2369 auctores
850 2312 928 2369 citati

150 2596 241 2652 aronii
260 2596 429 2660 90ctobris,
445 2597 493 2652 ubi
508 2596 541 2652 de
555 2596 689 2669 Dionysio
713 2597 889 2653 Parisiensia
909 2597 929 2652 i·
986 2598 1114 2656 Ciindidus
1132 2600 1176 2655 vel
1225 2600 1319 2656 oitdidi
1340 2601 1472 2656 memoris
1516 2617 1548 2656 oo
1571 2599 1626 2668 die,
1650 2617 1679 2656 se
1713 2599 1787 2656 unde

129 2682 186 2761 tur,
200 2675 232 2721 ut
248 2665 430 2722 conformitas
444 2667 553 2722 ineatur
574 2668 647 2748 inter
662 2676 754 2723 vetera
768 2614 930 2740 Martyroi·
984 2670 1125 2726 Usuardus
1148 2670 1313 2797 positionem
1328 2671 1363 2728 ad
1380 2673 1476 2729 &sein
1487 2671 1617 2744 mustum
1636 2671 1784 2747 acceperit,

147 2737 183 2804 ia,
201 2738 355 2793 Romanum
371 2738 632 2810 temporeGregorii
651 2739 693 2794 lla
732 2739 930 2803 i,liomanuu1
984 2757 1045 2797 cum
1063 2742 1139 2797 nulla
1171 2742 1235 2815 ujus
1253 2744 1342 2799 sancti
1364 2743 1433 2799 Acta
1452 2743 1620 2811 noverimus,
1648 2743 1785 2799 incertum

131 2807 218 2864 eelini
247 2814 311 2863 ante
337 2816 448 2863 centum
475 2824 572 2876 annos,
600 2810 674 2865 Usua
709 2826 766 2878 um,
792 2810 928 2877 Adonem,
983 2820 1034 2868 est.
1051 2813 1117 2879 Quae
1132 2814 1221 2870 Adoni
1242 2830 1257 2869 a
1279 2814 1473 2870 Mossndroex
1489 2814 1785 2886 llieronymisnissn-

128 2878 295 2944 Bostarem,
309 2877 420 2932 videtur
439 2877 586 2934 delendum
609 2882 784 2960 Areopepitie,
810 2882 931 2954 itemque
985 2883 1139 2955 peradjecta
1153 2885 1408 2959 sunt,ltosvcydus
1422 2884 1785 2945 verosimiliussbAdonia·

126 2950 152 3007 N
164 2950 198 3005 B.
216 2949 351 3029 Clemente.
377 2965 444 3030 cum,
464 2949 552 3005 haeoa
576 2952 774 3033 posterioribus
789 2952 932 3034 inserta-et
985 2971 1022 3010 no
1036 2961 1115 3014 textu
1129 2955 1310 3016 discemendis
1323 2959 1441 3037 putavit.

127 3027 242 3090 (intrusa
255 3026 320 3077 sint.
332 3018 445 3077 Consuli
460 3024 691 3095 poteruntliomae
700 3039 793 3080 omnia
803 3031 931 3080 vetustis·

839 3157 1032 3218 AUCTARIA.

162 3258 320 3331 Tonnscnri.
336 3256 456 3314 Primam
472 3257 555 3314 refert
566 3274 653 3331 usque
665 3257 700 3314 ad
720 3265 860 3314 coronatus
874 3265 920 3327 est,
937 3260 959 3320 C
973 3276 1072 3333 scopus
1086 3262 1239 3334 ordinatus,
1254 3272 1315 3337 post
1329 3264 1491 3339 gravissime
1504 3273 1714 3324 tormentorum
1727 3284 1779 3341 ge-

125 3329 201 3388 dcest
216 3346 278 3402 pars
291 3330 386 3386 alteia.
402 3329 555 3387 Secundam
571 3331 651 3402 plane
662 3330 775 3395 omittit,
788 3347 873 3403 purus
882 3338 923 3386 est
978 3349 1044 3390 nera
1058 3334 1109 3391 sub
1119 3336 1240 3392 Adriano
1251 3337 1414 3409 imperatore
1424 3338 1542 3420 glorioso
1551 3340 1712 3412 martyrio,·
1730 3347 1781 3398 eto.

126 3400 154 3456 in
169 3403 259 3458 tertia.
274 3403 305 3458 ln
322 3401 376 3457 fine
390 3401 549 3474 subjungit:
572 3425 581 3448 ‹
601 3402 632 3458 ln
648 3419 716 3475 pago
734 3403 922 3471 Dulcoineusi,
978 3406 1069 3462 Tum:
1092 3409 1211 3464 «Romae
1227 3409 1261 3464 ad
1285 3410 1383 3466 Ursum
1424 3410 1558 3474 illeatum,
1583 3411 1676 3467 natale
1695 3411 1782 3468 sancti

126 3474 215 3530 sancti
230 3473 326 3529 luvini
340 3473 536 3555 confessoris.3
978 3476 1096 3535 Candidi
1115 3480 1256 3552 martyris.
1280 3481 1384 3536 Eodem
1396 3425 1452 3548 dis,
1467 3481 1586 3537 elevatio
1599 3482 1689 3540 sancti
1705 3481 1784 3538 bud-

162 3545 322 3609 lioswuvn,
339 3561 368 3600 in
379 3561 468 3626 prima
483 3553 548 3600 satis
559 3561 655 3627 purus,
668 3548 699 3602 in
709 3546 830 3603 secunda
844 3546 924 3604 Dedae
979 3549 1056 3676 §iberi
1068 3551 1199 3631 episcopi,
1214 3552 1366 3609 virtutibus
1377 3554 1455 3609 clari.
1465 3554 1501 3611 Et
1516 3552 1657 3624 depositio
1669 3553 1784 3621 Domini

127 3631 208 3688 qnam
225 3615 348 3672 Usuardo
374 3617 494 3671 siiiiiliur
513 3622 565 3680 est,
589 3632 712 3672 inserens
736 3617 795 3673 baso
816 3617 922 3673 verba:
1007 3622 1104 3679 aduliti
1123 3623 1472 3700 Verduneusisepiscopi.·
1496 3623 1577 3703 Apud
1592 3622 1783 3683 Castellianum

134 3685 222 3744 «Cum
238 3692 333 3741 sancto
348 3685 535 3741 willebrordo
545 3687 687 3742 venientes
698 3687 726 3741 iii
736 3687 923 3755 Germaniam,
980 3700 1020 3748 est
1036 3694 1166 3749 Medeloes'
1184 3694 1228 3750 die
1242 3696 1378 3767 sequenti.

127 3755 282 3813 Senonibus
296 3756 445 3836 praedicare
467 3754 619 3827 coeperunt,
645 3757 889 3831 comprehensique
910 3774 925 3813 a
1016 3765 1209 3832 Hicin-orma,
1226 3766 1255 3820 in
1278 3765 1367 3847 prima
1393 3766 1460 3823 satis
1479 3782 1574 3839 purus,
1595 3767 1625 3823 in
1651 3767 1782 3837 wanda,

126 3825 239 3955 payanis
257 3827 409 3907 etoocisi‚·
430 3834 484 3907 etc.
532 3899 551 3953 t·
693 3899 699 3910 .
828 3901 846 3956 d
979 3844 1041 3963 gost
1057 3838 1184 3902 Senones,
1200 3837 1308 3906 inserit,
1323 3837 1371 3920 qui
1392 3854 1466 3895 nuno
1487 3847 1622 3896 vocantur
1636 3840 1782 3920 qusones.

127 3913 925 4039 ...inlisisinlisisinimisitnti.
979 3907 1784 4055 ,tliunl‘iillltltmniltlillinit:

127 4041 260 4095 dolorum.
277 4041 358 4095 Deest
368 4040 450 4095 etiam
467 4042 557 4097 tertia.

162 4112 322 4166 Asianeis.
339 4112 428 4166 textui
441 4111 507 4167 satis
520 4129 588 4184 puro
603 4115 746 4185 praemittit
761 4135 767 4173 :
798 4145 806 4166 ι
822 4120 853 4174 ln
872 4134 925 4174 ooe·

128 4181 212 4237 nnbio
227 4181 413 4250 Werdiuensi,
428 4185 571 4240 translatio
584 4185 672 4242 sancti
693 4186 821 4261 liudgeri,
841 4188 924 4262 primi

127 4253 351 4309 Monasteriensis
365 4255 485 4336 episcopi
499 4264 527 4311 et
549 4256 723 4314 confessoris.
740 4261 819 4327 Quod
834 4276 924 4317 cinno·

127 4324 204 4380 bium
220 4324 278 4396 ipse
302 4325 417 4397 primus,
438 4326 574 4383 divinitus
597 4327 717 4400 adjutus,
738 4331 875 4388 fundavit.
893 4332 924 4387 ln

127 4402 234 4476 quolet,
252 4397 371 4452 Domino
385 4398 534 4480 revelante,
559 4398 632 4455 diem
652 4418 681 4458 se
701 4411 923 4475 exspectaturum

127 4482 310 4524 novissimum
326 4478 525 4541 praecognovit.
546 4494 556 4518 ι

980 4050 1098 4109 cedenti.
1115 4051 1245 4122 Sequitur
1260 4052 1476 4122 longahistoria.
1487 4052 1586 4109 Nicetii
1601 4053 1783 4109 'l'rei'erensis

979 4122 1013 4179 de
1027 4140 1081 4196 quo
1095 4123 1153 4178 adl
1170 4122 1295 4179 Octobris
1311 4123 1378 4178 satis
1392 4124 1498 4180 ilicium
1512 4132 1563 4182 est.
1579 4126 1699 4183 Domum
1712 4142 1738 4180 τι
1751 4125 1782 4189 ln

979 4195 1090 4263 Anglia,
1106 4194 1193 4248 sancti
1209 4193 1320 4250 Thomas
1332 4195 1453 4269 episcopi
1472 4202 1499 4251 et
1518 4194 1696 4262 confessoris,
1712 4219 1722 4243 ·
1743 4196 1783 4253 De

980 4282 1034 4338 quo
1047 4263 1131 4320 etiam
1146 4265 1193 4321 die
1208 4265 1384 4336 precedenti.

1015 4336 1474 4393 Minnio:Cauros-Uirunum.:
1509 4339 1653 4395 «Duorum
1678 4338 1781 4395 Eunal·

979 4408 1078 4465 dorum
1102 4414 1266 4479 martyrum.
1294 4408 1420 4477 Cerardi,
1445 4409 1535 4480 primo
1555 4409 1663 4480 militis,
1689 4418 1783 4485 postea

979 4479 1095 4536 abbatis.
1111 4478 1239 4550 Dionysii
1254 4479 1374 4551 episcopi
1388 4486 1416 4535 et
1429 4481 1568 4562 martyris.
1585 4504 1595 4528 ι
1665 4531 1668 4535 .

162 4536 338 4619 Caniniam:
362 4540 480 4597 ‹Natale
502 4544 588 4599 sancti
612 4542 740 4617 Dionysii
762 4544 883 4618 episcopi
898 4553 926 4602 et
1016 4554 1156 4607 nocens:
1176 4551 1225 4606 ‹ln
1236 4567 1304 4623 pago
1312 4552 1596 4619 Dulcomensi,sancti
1607 4552 1707 4610 Vivini
1717 4571 1781 4614 con·

127 4616 266 4680 martyris.
283 4611 363 4680 Apud
387 4612 515 4684 antiquos
537 4613 669 4683 Saxones,
685 4626 842 4673 sanctorum
856 4618 923 4674 duo·
940 4622 964 4680 D
980 4622 1120 4679 fossoris.»
1139 4622 1297 4678 Tonuscsn.
1310 4621 1392 4678 babet
1402 4623 1505 4689 lemni,
1521 4623 1589 4681 alibi
1604 4624 1707 4681 tensi.

127 4695 188 4734 runi
211 4679 291 4750 presb
314 4690 434 4737 terorum
460 4691 622 4756 martyrum,
638 4687 685 4768 qui
709 4689 789 4744 ambo
810 4689 922 4744 fuerunt
1013 4697 1080 4751 Res.
1100 4693 1192 4759 Sunu,
1209 4693 1332 4765 signatus
1346 4709 1423 4750 num.
1437 4694 1506 4751 4²8:
1539 4696 1632 4752 ‹ltein
1647 4695 1710 4768 ipso
1724 4697 1781 4766 die,

126 4749 261 4829 nominati
301 4751 429 4831 unaldus,
446 4753 493 4825 qui
510 4771 557 4824 pro
568 4756 765 4880 predicatione
780 4759 858 4816 verbi
871 4760 921 4816 Dei

125 4835 267 4946 apiagams
281 4836 365 4876 oooisi
380 4831 454 4879 sunt.
472 4848 481 4871 ι
500 4826 533 4881 ln
547 4842 565 4880 u
579 4826 645 4882 tima
659 4845 744 4899 purus
754 4837 804 4885 est.

185 4907 340 4958 suanensis,
356 4892 477 4964 incipit:
510 4897 615 4968 «Apud
638 4900 766 4971 antiquos
789 4901 921 4970 Saxones,

124 4962 409 5034 sauctorumduorum
423 4965 600 5023 Evaldorum
615 4970 847 5042 presbyterorum,
856 4990 920 5054 quo·

125 5050 186 5090 rum
211 5050 284 5090 unus
305 5035 435 5092 Eivaldus
458 5037 536 5093 albus
560 5047 588 5095 et
609 5041 678 5096 alter
692 5042 823 5099 Ewsldus
844 5061 922 5116 niger

123 5104 279 5186 dicti‘sunt.
296 5105 349 5187 Qui
363 5123 426 5162 cum
438 5107 517 5163 beato
537 5111 725 5168 Willebrordo
745 5114 873 5186 episcopo
887 5117 920 5172 de

124 5175 225 5246 Anglia
239 5184 381 5234 venientes
397 5180 426 5234 in
442 5179 629 5248 Germaniam,
645 5185 814 5241 transierunt
828 5186 862 5242 ad
876 5188 921 5244 Sa·

124 5260 221 5328 sones,
237 5255 264 5303 et
278 5265 342 5305 cum
356 5248 394 5305 ibi
410 5249 552 5308 Christum
576 5254 723 5326 praedicare
738 5257 893 5328 coepissent,
906 5276 922 5314 a

125 5330 237 5386 paganis
251 5321 334 5376 occisi
349 5329 423 5377 sunt.
440 5321 527 5394 Super
560 5341 659 5381 uorum
682 5343 797 5398 corpora
819 5330 923 5386 colum·

124 5387 263 5466 puellucis
277 5400 366 5473 noctu¹
375 5408 517 5474 apparens,
529 5339 576 5451 uisi
592 5405 692 5464 essent,
705 5405 732 5453 et
742 5399 821 5472 cujus
832 5409 922 5456 essem

125 5463 217 5536 meriti
232 5457 381 5517 declaravit
397 5482 404 5530 ;
420 5481 514 5537 sicque
533 5467 650 5539 Pippino
662 5467 777 5540 jubente
798 5469 921 5529 Coloniae

125 5525 305 5606 sepeliuntur.
316 5533 382 5611 ¹lpse
397 5534 453 5601 dia,
470 5540 560 5594 natale
575 5539 648 5595 beati
664 5541 789 5612 Dyonisii
807 5542 920 5624 Ariopa-

124 5599 188 5662 gitis
203 5609 364 5682 episcopilst
375 5607 513 5684 martyris.
529 5608 582 5675 Qui
592 5610 627 5665 ab
641 5612 765 5682 apostolo
780 5613 865 5669 Paulo
879 5631 920 5670 in·

124 5670 244 5743 structus
257 5669 374 5727 eredidit
389 5673 538 5743 Cliristo,et
548 5679 653 5750 primus
667 5682 740 5754 apud
752 5681 919 5756 [habitatin

124 5748 153 5786 Μ
165 5732 259 5802 fatur.
272 5737 404 5804 Athenas,
419 5746 464 5800 sed
475 5763 554 5819 snper
567 5767 598 5807 ee
611 5755 830 5820 incerniculis
839 5773 921 5812 niune

124 5810 253 5877 scriptioni
274 5808 324 5884 est]
347 5808 533 5874 Cborintbum
556 5819 590 5877 ab
611 5822 708 5886 eodeni
726 5827 850 5905 apostolo
864 5828 919 5901 epi·

976 4765 1064 4822 sancti
1077 4764 1216 4821 Francisci
1228 4765 1426 4821 confessoris·
1460 4764 1531 4822 Vide
1545 4766 1590 4823 die
1604 4769 1745 4841 sequenti.

1011 4854 1179 4909 Fioiinnriis.
1198 4871 1204 4909 ;
1229 4877 1238 4899 ι
1254 4855 1320 4911 Item
1336 4861 1493 4911 sanctorum
1507 4863 1661 4929 martyrum
1677 4858 1782 4919 Victo-

975 4925 1015 4981 ris
1029 4931 1056 4979 et
1071 4923 1198 5049 Spargi.»
1216 4925 1286 5007 Vide
1299 4924 1332 5008 de
1352 4924 1396 4981 bis
1414 4925 1524 4984 codices
1543 4927 1782 5002 Hieronymianos

976 5003 1003 5052 et
1017 5002 1142 5052 uoluam
1159 4996 1325 5053 Florentius.

1011 5087 1156 5143 Luxovium
1179 5106 1185 5144 :
1218 5088 1381 5161 ‹Depositio
1405 5090 1493 5146 sancti
1507 5089 1645 5148 Madalnei
1664 5090 1782 5147 Verdu-

976 5159 1068 5214 nensis
1080 5158 1201 5231 episcopi
1212 5167 1239 5215 et
1253 5161 1428 5216 confessoris.
1444 5185 1453 5207 ι
1476 5162 1537 5217 lain
1551 5160 1613 5216 diiii
1623 5178 1657 5217 ex
1675 5160 1780 5218 Castel-

976 5230 1050 5297 lano,
1061 5230 1160 5286 melius
1168 5232 1262 5286 vocari
1270 5232 1444 5299 Modeloeuin,
1456 5233 1564 5305 colique
1579 5231 1624 5288 die
1638 5233 1779 5306 sequenti.

977 5301 1041 5359 Haeo
1056 5301 1169 5373 proprio
1183 5303 1244 5358 loco
1255 5301 1367 5359 uberius
1382 5303 1578 5361 discutientur.

1012 5387 1201 5445 Carovicus:
1221 5390 1321 5461 «Apud
1336 5400 1460 5448 sanetum
1483 5392 1622 5449 Andream
1638 5393 1673 5451 de
1688 5394 1781 5452 Ulmis

976 5459 1111 5515 adtentus
1135 5461 1221 5517 sancti
1242 5462 1408 5533 Ragnoberti
1433 5463 1530 5520 militis
1553 5471 1581 5520 et
1602 5466 1773 5539 martyris·

975 5529 1091 5586 Ponitur
1105 5547 1120 5586 a
1137 5531 1291 5589 Castellauo
1302 5533 1335 5589 {3
1344 5534 1421 5590 Juuii
1438 5541 1521 5607 atque
1534 5535 1618 5591 etiam
1633 5534 1709 5594 inter
1723 5537 1780 5595 Au·

975 5600 1060 5658 otaria
1074 5611 1168 5659 nostra
1183 5603 1243 5675 ipso
1261 5603 1323 5661 die:
1339 5604 1368 5660 in
1382 5605 1462 5662 Actis
1481 5615 1574 5663 amau
1593 5609 1782 5667 remissuscst

974 5671 1008 5727 ad
1025 5674 1059 5729 lb
1072 5673 1151 5730 Julii.
1167 5675 1247 5733 ilatio
1258 5682 1352 5747 postea
1364 5676 1487 5734 dabitur.

1009 5761 1161 5840 Divionsn.
1178 5779 1184 5817 :
1215 5764 1332 5823 ‹Natale
1345 5764 1432 5832 saneti
1447 5765 1520 5826 Dion
1541 5764 1577 5824 sii
1590 5764 1780 5843 Areopagitae,

974 5846 1022 5903 qui
1036 5831 1070 5889 sb
1084 5833 1210 5905 apostole
1220 5835 1307 5895 Paulo
1321 5834 1473 5897 instructus
1554 5835 1607 5898 'dit
1619 5836 1745 5901 cbristo.
1761 5863 1773 5888 ν
