3840 6136
56 245 116 303 869

795 241 978 299 eelsuutn

1626 338 1632 351 ι
1666 251 1723 308 870

57 389 288 458 Fatemurenim,
300 390 323 444 si
338 389 377 444 ita
387 390 472 446 vitam
489 390 568 446 illius
588 388 795 461 cognovissetis,
812 406 864 447 ve·
878 395 903 454 Α
918 394 1004 464 piens,
1022 401 1053 448 ut
1067 392 1231 450 affectuosus
1246 402 1332 467 pater,
1348 408 1411 450 cum
1426 394 1489 478 aliis
1503 400 1652 470 aggregatis
1667 416 1721 456 va.

58 483 115 540 luti
131 480 272 547 nevimus,
287 478 338 534 etsi
367 479 415 534 ille
429 480 526 547 nollet,
544 496 560 535 a
583 478 663 534 vobis
691 476 725 535 a'd
740 479 864 535 ordinem

58 574 236 646 episcopatus
265 568 429 625 traheretur.
459 571 494 625 Et
513 569 577 642 quia
606 570 689 624 talem
718 570 798 625 illum
818 585 865 625 uo-

58 667 165 732 vimus,
200 662 247 719 ubi
282 661 402 717 maxima
423 661 569 717 necessitas
596 660 672 732 regni
701 661 789 716 nostri
808 660 866 715 im-

59 760 162 824 minet,
191 755 361 814 constituere
382 752 522 822 volumus,
543 754 600 809 imo
622 752 796 825 providentia
817 750 866 807 di-

59 851 137 917 vina,
158 848 219 904 siue
239 844 319 916 cujus
337 852 408 899 nutu
427 860 501 901 nunc
524 844 602 898 nullo
624 843 708 898 niodo
727 841 866 898 credimus

59 937 247 1004 accidissent
261 932 325 988 talis
341 933 425 987 hemo
439 933 486 988 tali
503 939 708 1004 preponeretur
724 930 793 997 leco,
814 929 864 1002 qui

59 1028 213 1084 secundum
234 1024 321 1079 Deum
342 1037 434 1091 regere
465 1031 555 1093 posset
574 1029 601 1076 et
619 1020 716 1084 sciret,
744 1019 865 1075 maxima

61 1127 155 1175 tamen
168 1116 335 1173 strenuitate
351 1115 451 1170 laboris
465 1123 569 1185 agente.
586 1116 655 1171 Nam
670 1115 692 1170 si
709 1114 782 1169 inter
796 1114 866 1169 bar-

60 1212 140 1266 baras
153 1206 280 1264 nauoues
292 1204 372 1260 illum
390 1204 570 1272 mitteremus,
582 1221 633 1260 nec
647 1204 778 1275 majorem
790 1203 864 1260 labe·

60 1313 131 1364 rsm,
149 1309 202 1350 uec
221 1290 354 1363 majorem
370 1290 491 1345 fructum
512 1291 647 1347 mercedis
666 1290 863 1362 acquivereilli

62 1387 227 1442 valeremus.
238 1381 274 1436 Et
287 1378 342 1435 nisi
357 1380 415 1434 zelo
425 1378 522 1435 divino
539 1380 614 1447 tacti,
627 1387 653 1434 et
668 1395 715 1451 spe
727 1378 863 1434 fructuosi

60 1475 104 1531 sui
120 1471 225 1529 laboris
239 1470 365 1538 animati,
380 1469 459 1525 nuile
472 1469 554 1525 modo
569 1486 585 1525 a
608 1469 755 1542 presentia
769 1479 863 1525 nostra

59 1576 191 1633 separare
208 1559 399 1626 voluissemus,
425 1559 544 1614 scientes
571 1559 673 1615 nostris
696 1555 863 1613 utilitatibus

62 1650 148 1704 illum
168 1647 317 1721 proficuum
336 1663 405 1714 esse,
425 1654 507 1719 atque
526 1646 718 1718 supplemento
737 1642 863 1716 obsequii

920 483 1090 538 nerabilibus
1105 484 1249 555 episcopis,
1262 501 1357 539 eorum
1369 500 1479 540 causam
1496 485 1642 542 mitissima
1653 488 1721 545 deii·

920 571 1060 627 beratione
1079 570 1216 639 definivit,
1234 570 1417 629 libentissime
1436 574 1658 631 mansuetudinis
1675 593 1720 633 ve·

920 672 982 719 stre
996 662 1127 719 obediens
1141 665 1308 721 omnimodis
1323 665 1517 738 epistolaribus
1531 667 1677 725 affatibus:
1694 679 1722 727 et

920 771 987 827 quos
1020 762 1086 811 veto
1106 756 1215 826 pietatis
1235 755 1407 812 excellentiae
1439 763 1538 812 vestras
1567 765 1720 830 perspecto,

919 845 1080 918 tranquillo,
1092 846 1216 918 pacifico,
1228 853 1309 919 atque
1319 847 1440 918 benigno
1455 863 1542 920 usque
1552 849 1585 903 ad
1596 864 1722 920 presen-

920 933 986 988 tiam
999 932 1121 1004 ejusdem
1137 935 1247 1007 synodi,
1265 944 1294 991 ut
1305 935 1449 990 evidenter
1458 936 1655 1007 corriperimus,
1666 946 1720 994 tra·

919 1022 1005 1078 ctavit
1019 1023 1123 1089 animo,
1137 1023 1166 1076 in
1183 1023 1290 1079 cunctis
1307 1023 1446 1094 deinceps,
1466 1023 1553 1079 fretus
1563 1026 1646 1080 vestri
1662 1041 1720 1081 mo·

919 1111 1069 1168 deraminis
1105 1112 1237 1179 concilio,
1272 1113 1447 1184 praescriptos
1477 1112 1576 1169 fratres
1608 1115 1720 1184 fulcire,

919 1204 1019 1276 pioque
1038 1204 1159 1260 solatiari
1180 1221 1235 1260 non
1269 1205 1376 1262 destitit
1395 1207 1512 1263 auxilio.
1539 1209 1606 1274 Quae
1628 1211 1721 1265 omnia

918 1299 1118 1364 cousequenter
1131 1310 1194 1350 cnm
1213 1294 1328 1365 reliquis
1346 1295 1590 1352 consacerdotibus
1605 1298 1721 1352 omnino

918 1381 1029 1452 explere
1044 1383 1217 1451 acceleraret,
1231 1386 1283 1441 nisi
1293 1385 1559 1460 juxtaprivilegium
1570 1390 1720 1446 decessoris

917 1471 1001 1525 vestri
1018 1471 1114 1528 domni
1128 1474 1282 1542 Benedicti,
1298 1492 1329 1532 ac
1343 1485 1476 1545 vestrum,
1488 1493 1624 1535 surrrmam
1642 1479 1721 1536 vobis

918 1562 1109 1619 reservandam
1125 1565 1207 1637 cepti
1223 1566 1257 1621 de
1271 1566 1447 1623 restitutione
1460 1566 1590 1625 docerent
1604 1570 1720 1642 negotii.

917 1652 986 1719 Quia
1001 1669 1066 1709 vere
1079 1655 1244 1728 sepedictus
1252 1656 1518 1714 antistesaltitudini
1529 1668 1627 1716 vestrae
1638 1659 1720 1717 devo·

61 1739 156 1810 ipsius
174 1752 224 1792 1¹0⁸
250 1752 284 1793 ⁶1
301 1744 376 1809 parte
403 1736 551 1808 quiesces&
569 1735 710 1807 Quidquid
730 1750 795 1789 lero
815 1749 900 1816 tlt-B
917 1740 1051 1809 tissimus,
1066 1750 1093 1798 et
1108 1745 1260 1815 apostolico
1270 1745 1480 1802 constitutionis
1491 1756 1588 1805 vestrae
1598 1747 1719 1818 decreto,

60 1835 128 1895 stat,
149 1833 237 1883 totum
256 1826 395 1899 sapientie
414 1824 569 1881 sanctitatis
588 1832 685 1880 vestre
704 1822 863 1879 committi-

920 1837 946 1885 et
973 1839 1070 1887 nostro
1084 1833 1167 1887 etiam
1184 1833 1317 1901 hortatui,
1334 1835 1504 1892 omnimodis
1518 1838 1723 1909 gratantissime

59 1932 124 1972 mus
137 1932 143 1970 :
154 1923 183 1971 et
198 1914 269 1971 sicut
279 1913 330 1970 sub
340 1915 438 1987 clypeo
453 1913 634 1986 protectionis
649 1919 751 1969 nostras
771 1913 861 1983 ipsum
919 1924 1020 1993 paruit,
1037 1941 1088 1981 nec
1103 1925 1131 1980 in
1146 1927 1240 1998 aliquo
1255 1943 1369 1984 renuere
1383 1931 1512 1998 tentavit,
1539 1939 1633 1988 nostra
1651 1948 1722 2004 sup-

58 2007 206 2078 sooiosqua
223 2004 283 2077 ejus
301 2003 489 2071 commisistis,
510 2003 549 2060 ita
569 2003 661 2074 ipsum
691 2003 864 2075 collegasque
919 2011 984 2082 plici
998 2014 1132 2084 petitione
1142 2015 1304 2086 ampliorem
1315 2018 1407 2088 gratiae
1419 2018 1637 2074 munificentiam
1649 2019 1722 2091 apud

60 2094 138 2150 illius
155 2102 256 2151 lem
274 2094 413 2152 &imiimi
430 2093 672 2161 ⁰0ffl111⁰sstl³¹¹¹usl
690 2110 724 2148 ¹¹⁰
738 2110 785 2165 spe
800 2093 865 2148 flu·
919 2118 968 2158 ves
982 2119 1010 2159 se
1024 2105 1178 2176 percepisse
1191 2106 1352 2176 gratuletur,
1376 2106 1547 2179 proindeque
1569 2107 1649 2162 vobis
1664 2123 1722 2163 sese

60 2185 712 2258 Sirmium0¹V0bi⁸³0⁰ellef11ssbaeieruam
732 2183 864 2256 preipeis
918 2192 1101 2262 acceptiorem
1117 2193 1232 2247 omnino
1251 2194 1410 2265 persentiat.
1427 2195 1561 2264 Postbaec,
1590 2196 1654 2268 quia
1669 2197 1721 2252 fra·

59 2275 136 2332 inter
146 2276 295 2333 innumera
309 2276 382 2332 bona
396 2273 536 2346 recipiatis
553 2273 718 2330 mercedem.

342 2404 513 2462 EPISTULA
533 2406 571 2462 IV

373 2530 409 2569 su
424 2531 553 2571 suueuia.

194 2640 233 2695 De
246 2640 286 2694 bis
300 2655 359 2710 que
369 2640 443 2710 i'octc
458 2641 568 2711 suerent
582 2643 610 2697 in
622 2643 731 2714 agrando.

314 2745 409 2819 [Apud
427 2747 523 2815 tabu,
535 2748 613 2822 ibid]

95 2841 226 2898 Laudans
245 2836 386 2900 iiiucmari
402 2844 596 2913 obedientiam,
615 2845 780 2902 clericorum
795 2844 864 2902 inte·

61 2947 137 3002 gram
157 2930 362 2987 restitutionem
382 2934 505 3004 pontifici
526 2951 541 2989 a
561 2933 667 3006 syuodo
687 2941 864 3003 reservatam,

61 3020 159 3076 scribit
173 3027 201 3076 et
214 3037 230 3076 a
243 3037 272 3078 se
287 3021 398 3077 interim
411 3023 563 3079 Ecclesiam
580 3023 779 3080 bituricensem
795 3023 865 3081 Vul-

60 3108 125 3164 fado
139 3109 370 3166 commendatam.

96 3200 205 3257 &notae
228 3201 401 3272 paternitatis
422 3213 520 3260 vestras
535 3213 692 3261 reverenter
705 3204 865 3276 excepimus

61 3290 164 3363 apices,
180 3290 281 3362 quibus
296 3290 376 3347 nobis
390 3292 524 3349 clamores
538 3303 564 3349 et
586 3296 705 3366 gemitus
720 3293 865 3365 deposito-

61 3395 124 3434 rum
139 3378 174 3434 ab
189 3378 338 3436 Hincmaro
352 3379 513 3438 honorando
528 3384 654 3456 presule,
671 3381 865 3440 Vulfadiscili·

61 3473 116 3532 cet,
129 3468 325 3542 sociorumque
339 3469 408 3541 ejus,
424 3487 503 3527 arares
523 3482 622 3529 vestra
637 3470 807 3543 dignationis
821 3486 865 3543 pe·

62 3563 185 3613 ummsse
193 3557 355 3630 aperuistis:
370 3559 438 3632 quin
449 3561 533 3616 etiam
549 3569 670 3616 nostram
688 3560 865 3628 filiolitatem,

62 3651 94 3701 ut
107 3643 237 3703 eumdem
256 3649 442 3705 venerandum
458 3648 610 3705 antistitem
627 3649 660 3705 ad
676 3648 729 3705 boc
743 3648 865 3705 hortare·

62 3751 137 3804 mur,
151 3743 180 3793 et
193 3737 339 3794 admonere
354 3756 403 3812 pro
424 3740 473 3795 Dei
495 3756 587 3795 amore
602 3754 772 3809 curaremus,
788 3755 865 3795 sum-

62 3840 176 3898 mopere
194 3826 345 3900 praedicare
370 3829 542 3897 decrevistis,
563 3827 668 3885 aientes
688 3838 718 3885 ut
737 3829 866 3886 eumdem

61 3914 97 3970 ad
108 3914 357 3991 obtemperandum
371 3920 563 3991 praecellentiae
577 3926 674 3975 vestrae
693 3920 804 3975 solertia
818 3935 866 3975 no·

61 4021 122 4070 stra
137 4011 287 4071 decertaret
309 4013 416 4071 flectere
433 4034 438 4070 :
456 4014 499 4071 siu
521 4023 612 4071 autem
628 4015 746 4072 sollicite
760 4033 867 4089 praeca-

62 4119 139 4172 vere,
155 4118 191 4159 ne
210 4102 380 4176 quibuslibet
399 4104 568 4176 argumentis
588 4105 616 4159 in
636 4120 691 4160 nen
712 4104 867 4162 obediendo

64 4189 144 4248 robis
162 4207 215 4249 uos
227 4193 361 4250 inclinare
375 4195 487 4250 valeret.
504 4194 618 4266 Egimus
641 4194 733 4267 itaque
758 4210 867 4251 summo

63 4287 170 4357 studio,
189 4287 343 4344 secundum
363 4290 536 4361 paternitatis
556 4296 654 4346 vestrae
684 4296 820 4360 rogatum,
841 4296 868 4344 et

65 4384 224 4433 reverenter
237 4386 419 4433 memoratum
435 4378 585 4434 antistitem
601 4376 696 4432 eodem
708 4377 741 4432 de
757 4376 868 4448 negotio

66 4465 250 4540 alloquentes,
279 4466 684 4538 sicutdevotuminreliquis,
709 4465 910 4540 itaquoquep
1095 4522 1101 4533 ,
1313 4519 1319 4528 ,
1390 4518 1420 4529 Η

489 4555 523 4612 ad
536 4553 721 4611 obediendum
749 4554 828 4610 vohis
842 4563 869 4610 9,
924 4526 958 4582 de
971 4541 1026 4597 quo
1041 4523 1195 4596 flagitamus
1219 4528 1355 4575 maturius
1368 4519 1504 4591 dirigatur
1521 4524 1619 4572 vestre
1633 4524 1728 4589 pater-

68 4554 274 4626 paratissimum
289 4555 319 4611 in
333 4555 387 4612 hoc
401 4556 460 4628 ipso

70 4642 148 4701 uehis
161 4644 359 4717 comperimus,
373 4645 411 4700 ita
426 4654 525 4701 utnon
547 4644 636 4700 solum
661 4658 717 4698 non
734 4643 870 4714 resistere,

71 4730 215 4789 sedetiam
235 4731 343 4805 primus
363 4749 458 4804 parere
476 4732 645 4805 apostolatus
664 4732 751 4788 uestri
772 4750 872 4806 prom-

72 4821 195 4892 ptissime
209 4820 441 4894 preceptionibus
456 4821 609 4878 festinaret.
627 4821 716 4890 Quare
730 4829 822 4878 autem
838 4821 871 4878 de

72 4910 249 4968 restitutione
268 4919 483 4969 memoratorum
504 4913 640 4979 virorum,
661 4911 813 4967 secundum
827 4928 871 4966 ve·

71 5006 154 5056 stram
174 5001 292 5057 adeum
325 5001 577 5070 denuntiationem,
598 5017 660 5056 cum
694 4999 873 5071 suffraganeis

72 5089 128 5148 suis
146 5107 204 5148 non
224 5091 381 5164 perfecerit,
410 5110 425 5148 a
445 5091 551 5165 synodo
581 5089 765 5162 praeceptione
783 5095 874 5143 vestra

72 5196 152 5253 super
172 5181 233 5253 ipso
259 5183 369 5254 negotio
387 5182 526 5238 Suessioni
552 5187 713 5251 congregata
738 5174 874 5232 destinata

73 5270 188 5343 epistola
197 5270 357 5326 evidentius
368 5270 526 5326 declarabit.
539 5269 617 5337 Quod
629 5266 703 5323 enim
714 5265 747 5320 de
757 5264 875 5321 tuitione

72 5375 167 5416 cerum
201 5358 360 5416 sanctitudo
393 5367 483 5415 vestre
508 5357 646 5432 quaesivit,
667 5364 694 5412 ct
718 5356 797 5411 nobis
816 5355 875 5412 filio

73 5459 164 5508 vestro
180 5451 361 5523 significavit,
382 5451 404 5506 si
426 5465 533 5506 necesse
553 5449 610 5504 fore
626 5447 807 5520 apparuisset,
821 5462 875 5501 ma·

72 5557 193 5615 gnoperc
206 5540 401 5597 effecissemus.
419 5541 471 5596 Sed
482 5541 590 5595 favente
603 5540 659 5594 Deo
673 5537 758 5605 idem,
774 5535 807 5592 de
821 5551 876 5607 quo

71 5632 193 5703 agimus,
213 5630 341 5702 pontifex
363 5630 480 5702 benigne
500 5635 633 5685 statutum
653 5635 775 5684 vestrum
795 5625 877 5681 exci-

919 2289 988 2336 trem
1005 2281 1083 2337 iilum
1100 2281 1262 2350 Vulfadum,
1279 2282 1313 2338 de
1328 2300 1382 2356 quo
1396 2284 1499 2356 agitur,
1515 2293 1722 2343 utvestraesan·

918 2370 1022 2426 ctitatis
1037 2370 1127 2442 apices
1142 2380 1296 2443 exponunt,
1314 2373 1438 2428 moribus
1453 2381 1480 2429 et
1498 2374 1614 2431 scientia
1639 2391 1723 2447 penes

919 2476 969 2514 nos
983 2459 1075 2530 vigere
1084 2459 1493 2531 comperimus.·Bituricensem
1505 2462 1722 2532 Ecclesiam,ceu

919 2556 1019 2604 sancte
1030 2548 1188 2621 paternitati
1200 2557 1296 2604 vestre
1306 2550 1368 2606 aliis
1380 2550 1480 2607 litteris
1490 2551 1721 2623 significavimus,

919 2640 984 2712 quia
998 2639 1062 2695 dare
1076 2639 1179 2712 absque
1193 2642 1363 2712 apostolatus
1378 2641 1462 2698 vestri
1490 2639 1723 2698 determinatione
1768 2651 1769 2654 ’

919 2728 1088 2798 distulimus,
1100 2730 1292 2786 commendare
1298 2730 1350 2787 sibi
1362 2731 1485 2785 eamdem
1495 2730 1646 2786 Ecclesiam
1657 2747 1722 2787 cum

919 2818 1001 2875 rebus
1015 2819 1067 2875 sibi
1079 2821 1281 2892 pertinentibus
1295 2820 1520 2888 acceleravimus,
1533 2820 1638 2875 scilicet
1652 2827 1683 2876 ut
1693 2822 1723 2876 in

919 2907 1106 2965 destructione
1120 2925 1213 2965 earum
1227 2926 1283 2965 non
1300 2915 1408 2965 tantum
1417 2908 1534 2964 seviens
1542 2910 1646 2964 valeret
1656 2925 1722 2982 quo-

920 2999 1050 3069 rumlibet
1065 3015 1211 3072 pravorum
1235 3001 1377 3068 irretentia,
1401 3001 1584 3074 quaerentium
1600 2999 1721 3073 diripere

882 3105 976 3179 cnon
995 3107 1054 3158 sua,
1074 3099 1101 3146 et
1120 3097 1225 3145 vastare
1244 3091 1393 3147 crudeliter
1415 3091 1515 3146 aliena.
1537 3090 1626 3156 Quare
1644 3092 1719 3148 utin

921 3176 1015 3232 ecdem
1033 3178 1092 3232 locu
1109 3177 1186 3232 iliius
1201 3178 1292 3232 valere
1304 3186 1330 3233 et
1345 3177 1438 3249 vigere
1453 3184 1534 3248 queat
1550 3176 1721 3246 studiositas,

919 3265 1003 3321 citius
1035 3265 1190 3319 reverentia
1222 3265 1396 3335 paternitatis
1416 3271 1514 3319 vestrae
1541 3265 1609 3336 quid
1628 3274 1724 3322 sancto

920 3355 1014 3409 animo
1033 3362 1125 3410 vestro
1145 3354 1179 3410 de
1204 3369 1237 3408 eo
1252 3354 1413 3425 caeterisque
1430 3353 1533 3408 sederit
1550 3355 1656 3426 aperire
1675 3355 1725 3412 di-

921 3451 1029 3516 gnetur,
1046 3443 1199 3515 efficiatque
1214 3443 1372 3499 sublimitas
1386 3449 1478 3498 vestra
1497 3442 1675 3499 festinantius
1689 3445 1724 3501 de

921 3537 991 3606 ipso,
1011 3531 1084 3605 qued
1113 3548 1162 3605 pre
1188 3548 1219 3588 eo
1235 3533 1270 3589 ad
1294 3548 1343 3588 vos
1369 3532 1469 3604 sepias
1489 3538 1582 3590 nestra
1600 3533 1724 3605 poposcit

921 3626 1037 3699 supplex
1052 3625 1204 3696 expetitio:
1221 3625 1352 3698 quoniam
1368 3638 1477 3680 summa
1492 3623 1654 3680 necessitate
1664 3623 1723 3680 illis

921 3723 1034 3788 urgente
1054 3713 1178 3768 melioris
1198 3713 1350 3769 voluntatis
1370 3711 1418 3785 qui
1438 3712 1467 3766 in
1487 3712 1537 3768 ilio
1556 3719 1622 3768 sunt
1639 3727 1724 3785 regno

922 3804 974 3861 boc
989 3804 1077 3876 ipsum
1093 3802 1203 3860 assidua
1220 3803 1416 3875 imprecatione
1440 3801 1602 3873 deposcunt.
1619 3801 1724 3859 Verum

922 3896 1071 3949 multarum
1087 3892 1325 3966 perturbationum
1340 3890 1549 3963 impedimenta,
1565 3906 1621 3945 non
1633 3891 1723 3946 solum

922 3984 1023 4040 nostris
1034 3982 1204 4055 temporibus
1219 3982 1359 4038 sedetiam
1372 3981 1604 4055 predecessorum
1619 3988 1726 4036 nostro·

922 4090 993 4141 ruris,
1006 4083 1053 4129 aut
1065 4073 1114 4127 vix
1125 4081 1172 4129 aut
1191 4088 1333 4144 nunquam
1342 4070 1431 4128 eidem
1448 4087 1532 4144 regno
1548 4071 1667 4128 defuisse
1679 4086 1726 4126 uo·

922 4171 1046 4220 scantur.
1057 4163 1148 4234 Atque
1163 4161 1225 4216 ideo
1237 4177 1345 4217 necesse
1355 4169 1396 4216 est
1407 4170 1439 4216 ut
1451 4161 1480 4214 in
1491 4160 1658 4232 adjutorium
1674 4160 1726 4217 iiiii

922 4253 1019 4320 nostri,
1036 4268 1101 4309 casu
1117 4249 1195 4306 vebis
1208 4250 1355 4305 notissimo
1371 4247 1515 4315 infirmati,
1531 4256 1558 4303 at
1569 4264 1664 4303 eorum
1675 4249 1723 4322 qui

923 4343 974 4398 sibi
988 4351 1052 4398 sunt
1068 4348 1163 4397 nostra
1176 4339 1309 4396 fidelitate
1322 4345 1349 4393 et
1363 4353 1412 4394 sua
1426 4335 1540 4405 adhaesi,
1557 4353 1611 4408 quo
1626 4339 1726 4393 valen-

923 4432 980 4487 tius
996 4431 1121 4487 resistere
1136 4427 1303 4486 adversariis
1322 4424 1493 4482 omnimodis
1511 4425 1629 4496 possint,
1652 4424 1726 4481 idem

925 4613 1021 4670 uitatis
1031 4607 1437 4685 provectibussuffragantibus,
1448 4605 1561 4663 domiue
1570 4605 1729 4663 beatissime

926 4713 953 4762 et
968 4703 1117 4761 admodum
1132 4699 1384 4759 desiderantissIme
1396 4704 1473 4772 pater
1487 4703 1514 4755 et
1528 4712 1608 4771 papa.

1221 4832 1394 4891 EPISTULA
1412 4830 1438 4888 V

1240 4946 1278 4986 an
1292 4945 1419 4986 success.

928 5043 968 5098 De
981 5042 1098 5098 Ebionis
1112 5057 1203 5108 consu,
1229 5045 1258 5093 ct
1274 5037 1399 5120 pontifex
1411 5055 1461 5109 per·
1484 5035 1641 5106 Anrepisum
1656 5048 1729 5088 man·

964 5114 1055 5176 durat,
1066 5110 1304 5167 uberrimescribst.
1322 5112 1444 5166 Excusat
1458 5108 1550 5163 deinde
1559 5107 1744 5174 ‹accelcrctttm¹

968 5183 1078 5252 Vulsudr'
1106 5183 1309 5254 provectionem,
1338 5187 1363 5236 ct
1386 5180 1503 5252 pellitam
1528 5195 1578 5250 pro
1608 5194 1636 5232 eo
1661 5176 1727 5248 peti.

965 5254 1112 5309 lietardum
1140 5255 1217 5310 etiem
1242 5253 1391 5324 episcopam
1420 5252 1533 5322 legatum
1553 5265 1630 5303 suurn
1656 5264 1731 5304 com-

966 5325 1080 5380 mendet.
1103 5349 1109 5362 ·

1183 5419 1277 5495 [apua
1292 5419 1390 5487 naua,
1400 5418 1481 5491 ibid]

967 5531 1087 5589 Domino
1101 5538 1127 5586 et
1137 5526 1367 5585 reverendissime
1378 5524 1732 5599 patrib'rcecso,catbolice

932 5633 959 5681 et
973 5621 1129 5695 apostolice
1156 5618 1228 5676 sedis
1249 5634 1357 5676 summo
1373 5601 1509 5690 pontifici,
1536 5623 1563 5675 et
1581 5616 1730 5675 universali
