3834 6136
605 220 921 284 Mauriuotnuiuii.
942 258 978 272 -
996 227 1102 289 Meus,
1123 227 1197 291 llll.

1683 228 1738 298 sit

820 379 1010 442 AUCVARIA.

106 521 229 578 Pniirrn.
256 515 317 571 lani
341 514 425 571 verba
442 514 579 587 dedimus,
605 519 652 576 ubi
668 537 717 593 pro
732 521 878 594 Castrensi,
894 529 919 588 Α
935 535 1069 585 vaterem.
1094 528 1233 603 Arnulphi
1248 530 1369 605 episcopi
1379 602 1384 614 Ι
1395 529 1573 600 Turonensis,
1589 536 1731 610 martyris.

75 593 179 651 notabis
191 587 343 656 Coslrinse,
359 595 386 644 et
400 596 499 660 preter
513 605 628 660 morem,
642 595 770 664 martyr-is
783 600 807 649 et
820 592 880 668 epi'-
936 598 1073 666 Gudenes,

75 683 114 722 seo
135 683 154 718 i.

104 682 262 792 lienium.
278 731 334 786 aiis
350 732 431 803 plane
445 733 538 815 phrasi
553 733 658 790 utitur:
678 759 687 783 «
703 738 764 809 Ipsa
777 737 832 805 die,
850 739 879 794 iu

74 809 152 874 silva,
168 821 231 879 quae
247 801 382 876 Bquilina
397 803 510 872 dicitur,
530 804 667 862 festivitas
680 807 753 865 beati
768 809 878 866 Arnulfi

73 877 215 955 pontificis
228 875 401 931 Turonensis
415 883 442 930 et
457 876 596 948 martyris,
608 877 655 949 qui
665 882 879 953 contemporalis

73 961 96 1009 et
110 947 270 1020 discipulus
286 944 374 1002 fuisse
397 947 523 1005 noscitur
539 948 610 1005 beati
627 950 755 1022 Remigii.
771 977 780 999 ι
803 952 879 1009 Silva

74 1025 131 1092 illa,
194 1037 217 1075 ae
232 1017 340 1074 dicitnr
360 1019 503 1089 Aquilino,
518 1026 634 1076 vocatur
648 1022 745 1094 gallice
763 1024 876 1081 Vaeliue.

75 1094 144 1153 Vide
179 1092 360 1148 astellannm.

89 1167 273 1222 <Turnacum
289 1161 389 1233 incipit
405 1179 411 1216 :
434 1162 599 1219 «Brnnonis
611 1161 694 1236 [alies
707 1165 806 1250 Bruni]
822 1167 878 1239 epi·

74 1238 147 1309 scopi
172 1243 201 1293 et
219 1232 398 1292 confessoris.
413 1234 444 1288 In
465 1250 536 1315 pago
551 1233 701 1300 Castrinse,
716 1247 803 1294 sancti
819 1240 877 1294 Ai-

73 1309 142 1367 nulfi
167 1305 291 1380 episcopi
313 1312 341 1361 et
356 1314 499 1378 martyris.
519 1331 527 1352 ·
550 1306 681 1379 Sequitur
701 1310 877 1367 annuntiatio

73 1383 174 1456 prima,
192 1380 270 1436 deest
284 1377 370 1432 altera
384 1376 418 1433 de
432 1377 595 1433 AEmiliano.

108 1449 338 1508 amman-iiii.
365 1448 463 1504 Textui
488 1466 557 1521 puro
576 1448 719 1521 adjungit:
747 1452 874 1510 «Eodem

75 1524 132 1591 die,
147 1522 237 1579 sancti
250 1519 356 1576 Ernulii
372 1521 532 1592 martyris.»
548 1521 599 1578 Ubi
610 1521 720 1579 adverte
735 1521 875 1581 diversum

76 1596 112 1652 ab
127 1594 194 1650 aliis
207 1591 326 1666 loquenti
347 1591 471 1647 modum.

114 1669 258 1722 emmae.
281 1670 307 1717 et
322 1662 515 1719 Mau-Lunna.
532 1670 559 1718 et
574 1664 758 1734 Uciiuuuisu,
774 1667 803 1722 in
820 1667 875 1726 fine

75 1747 139 1810 post
154 1744 263 1792 textum
278 1750 397 1807 purum:
421 1734 523 1816 «Apud
543 1735 684 1791 civitatem
698 1738 872 1809 Metensium,

971 670 1066 753 Copux
1089 603 1507 755 ppapprltutpptsippupplbinom
1517 677 1580 734 Ι).9
1597 695 1603 734 :
1627 679 1730 749 11lem,

935 749 1022 823 saneti
1038 741 1111 825 Clari
1128 745 1285 816 martyris.»
1301 746 1366 813 Qua
1376 746 1430 801 alia
1442 764 1525 803 manu
1538 747 1645 821 adjecta
1653 759 1730 809 sunt.

935 812 1043 894 Colitur
1057 814 1103 871 bic
1117 816 1198 872 hodie
1218 816 1340 886 Parisiis,
1356 816 1404 875 sed
1418 819 1482 875 alibi
1498 819 1543 876 die
1562 819 1648 877 natali
1666 838 1731 894 pro·

935 899 1004 955 prm,
1021 901 1050 940 iv
1063 886 1236 945 Novembris.

970 956 1037 1012 Buc.
1054 957 1135 1014 Suro.
1155 959 1225 1032 sign.
1242 975 1320 1016 uum.
1337 959 1407 1017 iao:
1429 962 1515 1035 «Ipso
1530 962 1623 1033 hodie,
1640 963 1730 1022 sancti

934 1026 1058 1083 Veterini
1073 1030 1247 1086 confessoris.
1264 1055 1273 1079 ι

969 1099 999 1155 ln
1015 1099 1169 1171 Varianu,
1185 1119 1262 1159 num.
1274 1102 1354 1170 ssia,
1367 1102 1443 1160 deest
1454 1105 1608 1162 AEmilieni.
1624 1105 1729 1178 Adjici-

933 1177 979 1225 tur
995 1172 1173 1243 symphorosa
1185 1192 1245 1230 cum
1257 1191 1298 1231 vii
1311 1175 1386 1245 Allis.
1409 1199 1419 1223 ι
1433 1176 1501 1233 Item
1515 1176 1604 1234 sancti
1617 1177 1727 1238 Aruuld

932 1241 1070 1311 Maiensis,
1085 1267 1094 1290 ι
1116 1253 1252 1318 utsupra.
1768 1246 1775 1255 '

968 1315 1153 1373 Passennus:
1185 1320 1235 1374 «ln
1245 1317 1352 1386 Tuscia,
1364 1319 1451 1375 sancti
1461 1318 1572 1391 Rapbili
1586 1319 1728 1394 arehiepi-

931 1386 1008 1513 {ipppei
1029 1387 1345 1517 ,ligissssnfimiffiqffwi
1370 1389 1482 1447 Boberti
1504 1390 1670 1449 confessoris
1693 1391 1727 1453 de

1006 1501 1013 1526 ‚
1177 1477 1400 1517 etesiarum·

967 1528 1063 1585 Conux
1086 1531 1192 1587 Mauris
1217 1531 1340 1588 Siseni:
1370 1555 1379 1581 ι
1398 1532 1551 1590 Translatio
1569 1533 1657 1590 sancti
1676 1534 1726 1591 Ar·

931 1600 1000 1656 nulii
1019 1601 1147 1657 Metensis
1156 1603 1288 1675 episcopi,
1299 1603 1346 1676 qui
1357 1602 1502 1662 sanctitate
1515 1605 1581 1661 vitas
1595 1613 1623 1662 et
1637 1605 1728 1662 mira-

929 1672 1056 1727 culorum
1072 1673 1190 1743 gratia',·
1210 1683 1263 1730 etc.

966 1742 1064 1797 Euirio
1081 1744 1261 1801 huneco-Col.
1277 1745 1387 1817 incipit:
1408 1748 1463 1803 «lu
1483 1748 1570 1819 Hoya,
1585 1748 1726 1805 territorio

66 1805 415 1891 sanctiitoruulliflepisoopi,
426 1822 473 1887 qui
483 1807 628 1888 sanctitate
636 1812 872 1890 etlmiraculorum
930 1813 1084 1882 leodiensi,
1096 1816 1239 1872 translatio
1251 1823 1352 1873 sanctas
1362 1815 1461 1873 Odiliai
1476 1818 1593 1890 virginis
1607 1827 1634 1874 et
1647 1836 1726 1875 uiar-

66 1888 151 1951 qratia
176 1880 309 1944 illustris,
330 1876 520 1934 heremiticam
536 1886 622 1933 vitam
645 1880 775 1952 diligens,
790 1881 870 1939 heato
885 1888 907 1948 Β
928 1885 998 1955 tyris
1012 1886 1045 1942 de
1061 1886 1173 1943 civitate
1187 1888 1311 1953 Colonia,
1323 1903 1357 1942 eir
1368 1887 1456 1944 nobili
1472 1889 1658 1948 illasoeietate
1675 1907 1725 1947 un·

66 1953 117 2009 tine
130 1950 253 2024 quierit.
270 1977 280 1998 ι
305 1949 372 2017 Quae
386 1951 481 2019 verba,
497 1965 532 2006 es
546 1950 644 2006 Adone
658 1961 770 2026 accepta
784 1954 868 2009 inve-

66 2026 121 2080 nies
136 2041 187 2079 xvi
200 2021 330 2094 Augusti.

97 2097 250 2152 Muniuiiar.
261 2093 345 2150 etiam
357 2092 385 2148 iii
396 2093 461 2160 fine,
472 2091 520 2148 sed
531 2093 642 2150 diversa
656 2112 751 2151 rursus
761 2095 865 2167 phrasi:

71 2190 79 2214 ι
93 2167 200 2223 Eodem
215 2166 272 2233 die,
284 2165 384 2220 natalis
393 2165 482 2220 sancti
494 2165 602 2220 Ariiulfi
614 2166 737 2240 episcopi
751 2174 776 2223 et
791 2185 869 2223 inar-

66 2239 144 2311 ipris.
160 2264 170 2285 ι
193 2237 265 2293 Vide
279 2237 406 2307 superius
418 2236 635 2293 observationes.

99 2311 228 2367 Gniivuiv.
248 2308 376 2380 proxime
407 2309 545 2363 Pnarsusi
560 2309 690 2365 accedit:
719 2337 728 2358 ι
752 2313 782 2367 lu
798 2327 866 2383 pago

66 2382 214 2448 Castrensi,
228 2380 317 2436 sancti
334 2379 443 2435 Arnulli
459 2379 551 2451 episco
572 2380 591 2447 i,
607 2388 635 2435 el
648 2383 789 2454 martyris.
806 2405 815 2428 ι

99 2452 349 2519 Aurorae-Mais,
361 2451 543 2519 Uiruaisor,
554 2397 689 2520 Cunnum,
700 2454 866 2524 novamen,

65 2526 190 2582 referunt
199 2532 309 2580 testum
321 2539 433 2593 purum,
444 2522 488 2578 cui
502 2523 685 2581 subnectunt:
705 2525 868 2582 «Civitatem

64 2597 242 2664 Metensium,
276 2593 365 2650 sancti
398 2593 507 2650 Arnulfi
528 2595 660 2666 episcopi,
694 2597 741 2669 qui
760 2598 868 2653 sancti-

66 2678 129 2737 tate,
146 2694 156 2715 s
178 2676 243 2735 ete,
269 2674 396 2737 utsupra
411 2683 446 2722 ex
469 2665 575 2722 Adone.
592 2668 622 2723 ln
639 2667 710 2722 line:
735 2692 744 2715 ι
763 2669 866 2725 Eodem

66 2741 119 2806 die,
135 2740 226 2797 sancti
242 2737 381 2796 Frederici
407 2736 590 2810 'l'rajectensis
605 2738 724 2812 episcopi
745 2749 772 2797 et
791 2757 869 2797 mar-

66 2813 175 2869 tris.»

79 2830 264 2941 yAuuuuoiin.
280 2889 308 2938 et
322 2884 420 2938 Bauio.
435 2879 527 2951 primo
538 2879 599 2934 loco
614 2889 720 2951 ponunt
733 2901 739 2939 :
764 2908 774 2932 ‹
787 2884 810 2939 A
830 2884 868 2940 ud

66 2956 245 3012 Tiburtinam
268 2954 363 3010 urbem
391 2952 488 3019 Italiae,
509 2951 599 3033 natale
614 2962 715 3010 sancte
734 2900 869 3026 Simpiio-

66 3045 135 3085 rosae
152 3043 220 3083 enin
242 3043 284 3081 vii
304 3025 403 3092 filiis,»
423 3031 488 3091 ete,
513 3030 544 3078 ut
567 3022 671 3080 videsis
684 3043 765 3083 xxvii
780 3027 866 3084 lunii.

64 3098 205 3171 Sequitur
227 3103 330 3164 textus,
354 3103 380 3152 et
392 3095 419 3151 in
437 3096 501 3162 tine,
519 3095 552 3151 de
566 3095 687 3152 Arnulfo
703 3099 867 3155 Metensium

65 3170 212 3244 episcopo,
230 3175 363 3239 utsupra.

925 1955 1016 2012 decim
1036 1958 1145 2013 milium
1166 1957 1318 2030 virginum.
1336 1959 1418 2030 Apud
1429 1961 1615 2031 Tyburtiuam
1626 1963 1723 2017 urbem

924 2028 1021 2096 ltaliae,
1036 2037 1137 2085 sancte
1147 2029 1370 2102 symphorosae·
1388 2038 1441 2088 etc.
1457 2031 1588 2103 Sequitur
1598 2031 1632 2089 de
1642 2032 1725 2088 Gud-

923 2100 1002 2165 dene,
1019 2115 1095 2167 pure.
1113 2101 1181 2157 Tum
1195 2118 1201 2155 :
1216 2127 1226 2149 ‹
1241 2101 1322 2173 Apud
1335 2101 1439 2158 Silvam
1449 2103 1622 2176 Aquilinum.
1634 2103 1723 2160 saneti

922 2170 1030 2251 Amulli
1047 2172 1168 2244 episcopi
1189 2173 1378 2229 'l'buroneusis
1402 2181 1430 2229 et
1445 2175 1585 2247 martyris.
1603 2174 1724 2233 Civitate

922 2242 1012 2322 Melis,
1026 2243 1112 2299 sancti
1124 2244 1232 2300 Amulli
1243 2245 1364 2316 episcopi
1374 2245 1585 2303 etoonfessnris.
1596 2245 1650 2314 Qui
1662 2261 1723 2303 san·

922 2321 1026 2381 ctitale,
1056 2322 1107 2370 etc.
1138 2315 1257 2372 Ciuitate
1281 2318 1440 2382 Borestoro,
1470 2318 1560 2373 sancti
1587 2316 1723 2373 Emiliani

922 2385 1096 2441 confessoris.
1108 2385 1234 2456 Treiecto
1246 2386 1381 2452 inferiori,
1393 2387 1483 2458 passis
1494 2387 1568 2444 beati
1578 2386 1720 2444 Frederici

922 2455 1042 2537 episcopi
1067 2465 1094 2512 et
1109 2457 1250 2528 martyris.
1267 2459 1298 2514 lu
1317 2458 1459 2514 territorio
1473 2458 1634 2524 iuliacensi,
1650 2459 1721 2514 villa

921 2527 1085 2595 Arnswilre‚
1112 2530 1202 2583 natale
1230 2528 1302 2584 beati
1328 2528 1445 2585 Arncldi
1468 2528 1604 2587 citharedi
1624 2529 1720 2586 Karoli

922 2599 1056 2681 magniet
1069 2599 1243 2656 confessoris.
1261 2599 1365 2656 Eodem
1379 2600 1435 2670 die,
1450 2609 1552 2658 sanctae
1566 2599 1721 2673 Eadburgae

922 2687 1074 2740 virginis.»

957 2742 1053 2796 Buiiii.
1067 2742 1193 2813 incipite
1206 2741 1402 2814 symphorosa,
1411 2749 1465 2798 etc.
1477 2742 1547 2798 Tum
1557 2741 1591 2798 de
1601 2741 1720 2798 Amulio

921 2812 1047 2870 Metensi,
1071 2814 1135 2869 Post
1158 2812 1192 2869 de
1207 2813 1369 2869 AEmiliano.
1390 2812 1483 2869 Bein:
1508 2808 1645 2869 «Eodem
1662 2812 1718 2879 die,
1820 2819 1828 2834 ⁸

922 2884 1009 2940 saneti
1033 2884 1158 2956 Aquilini
1173 2884 1304 2956 episcopi.
1329 2886 1391 2955 lpso
1413 2883 1468 2946 die,
1493 2884 1580 2940 sancti
1603 2881 1719 2939 Materni

922 2956 1043 3026 episcopi
1066 2964 1093 3011 et
1116 2955 1292 3012 confessoris.
1313 2955 1394 3028 Apud
1413 2955 1598 3028 Cartaginem,
1617 2961 1720 3011 sancte

924 3026 1063 3083 Gaudenis
1079 3036 1149 3083 mart
1171 3027 1241 3084 ris.»

952 3099 1105 3180 ‚Giiuvurnz
1128 3045 1268 3171 ‹Cugenii
1287 3115 1363 3170 papas
1382 3099 1407 3154 11
1427 3106 1455 3153 et
1474 3096 1613 3170 martyris.
1633 3096 1687 3166 Qui
1705 3112 1722 3151 a

923 3169 1001 3226 laicis
1024 3170 1155 3227 Romanis
1175 3177 1328 3227 eiicaecatus
1353 3180 1381 3227 et
1398 3169 1516 3236 occisus,
1537 3169 1661 3240 sepultus
1679 3173 1721 3224 est

101 3241 286 3299 Cannutius:
311 3240 363 3295 «ln
379 3238 503 3303 Francia,
527 3246 616 3294 castro
631 3238 765 3313 Crispeio,
778 3243 867 3298 natale
885 3243 907 3303 G
924 3241 997 3313 apud
1011 3249 1136 3297 sanetum
1151 3242 1272 3297 Petrum.
1294 3242 1325 3297 ln
1340 3239 1464 3310 Treiecto
1479 3240 1616 3307 inferiori,
1632 3238 1720 3295 saneti

66 3313 137 3370 beati
161 3309 285 3377 Arnulti,
311 3310 456 3365 Turouicae
470 3309 544 3365 sedis
562 3310 693 3392 episcopi,
710 3329 791 3385 queiu
806 3320 868 3369 tra·
925 3311 1063 3368 Frederici
1075 3312 1167 3382 episco
1188 3313 1195 3367 i
1208 3322 1235 3367 et
1245 3312 1385 3392 martyris.
1398 3310 1450 3377 Qui
1461 3327 1524 3367 cuin
1534 3311 1593 3366 zelo
1604 3309 1722 3382 justitie

68 3385 136 3441 dunt
157 3382 331 3454 discipulum
354 3381 439 3436 fnisse
462 3380 535 3436 beati
559 3382 675 3463 Remigii
692 3384 868 3440 {lensensium
923 3383 1036 3439 illicitas
1052 3383 1161 3453 nuptias
1198 3382 1309 3439 udovici
1321 3381 1494 3454 imperaturis
1506 3389 1642 3453 argueret,
1655 3380 1722 3436 alte·

68 3454 218 3530 pontilicis,
235 3470 251 3509 a
279 3470 315 3509 uo
329 3453 436 3510 scilicet
451 3467 584 3516 remeans,
601 3453 634 3508 ab
647 3454 741 3526 impiis
757 3471 870 3526 peiem-
923 3471 982 3509 ram
1009 3461 1139 3524 expertus
1167 3452 1351 3519 Herodiadeu,
1382 3452 1515 3525 martyrio
1533 3460 1715 3508 coronatur·

68 3535 129 3601 ptus
150 3533 203 3583 est.
221 3549 231 3574 ι
259 3471 331 3582 illue
345 3524 460 3606 citatum
481 3523 680 3604 Castellanum.
704 3549 712 3572 ι
737 3527 798 3598 lpse
812 3525 868 3595 die,
924 3524 994 3580 Vide
1008 3541 1069 3596 que
1083 3524 1207 3580 diximus
1221 3523 1438 3580 iuBuuiiiiiiiiii.
1458 3523 1604 3580 ‹Answeri
1619 3529 1723 3604 marty·

69 3607 164 3655 octava
176 3596 269 3654 sancti
284 3604 371 3668 patris
385 3594 527 3650 Benedicti
540 3594 658 3651 abbatis.
675 3619 684 3642 ι
924 3596 961 3651 ris
984 3602 1011 3651 et
1025 3595 1162 3651 sociorum
1177 3595 1246 3676 ejus.
1271 3594 1343 3652 Clari
1361 3593 1500 3667 martyris.
1516 3593 1646 3664 Aquilini
1658 3608 1722 3665 epi-

102 3671 285 3727 Bnuxiiuieis.
308 3665 448 3749 principio
467 3665 600 3738 anticipat
617 3666 718 3724 festum
733 3667 817 3725 Justae
842 3675 870 3724 et
922 3667 1009 3739 scopi.
1025 3666 1140 3722 Materni
1155 3666 1276 3739 episcopi
1286 3673 1314 3721 et
1330 3664 1505 3722 confessoris.
1520 3664 1610 3732 Motis,
1625 3672 1721 3722 trans-

70 3740 185 3808 llutinae,
211 3740 245 3796 de
266 3739 370 3812 quibus
390 3737 454 3793 vide
468 3736 513 3792 die
535 3739 670 3810 sequenti.
692 3739 822 3812 Sequitur
835 3739 869 3795 de
924 3738 991 3794 latio
1007 3737 1095 3793 sancti
1114 3737 1223 3793 Arnulti
1239 3737 1361 3810 episcopi
1380 3744 1409 3793 et
1426 3735 1603 3793 confessoris.
1621 3736 1652 3792 lii
1667 3744 1720 3792 ter-

72 3811 205 3870 Guddeue
224 3819 251 3866 et
273 3809 429 3867 AEmiliano
453 3810 519 3863 satis
541 3825 618 3880 pure.
639 3810 731 3866 Tum:
758 3811 869 3882 «Apud
923 3809 1021 3865 ritorio
1047 3808 1206 3876 iuliacensi,
1239 3825 1307 3881 pao
1334 3807 1497 3875 Arnswilre‚
1528 3807 1618 3862 natale
1647 3805 1720 3863 beati

71 3882 209 3941 silvamA
250 3882 358 3948 'linam,
371 3879 459 3937 sancti
474 3879 584 3936 Arnulli
594 3880 713 3953 episcopi
727 3888 754 3937 et
768 3891 869 3954 marty·
923 3825 1721 3951 Arnoldi,citbarediMarciimagnietcoufessoris,multae

71 3956 117 4012 ris.
131 3953 215 4027 Apud
245 3953 379 4026 rejectum
390 3951 519 4019 inferius,
531 3953 621 4007 natale
631 3953 718 4008 sancti
730 3953 869 4010 Frederici
923 3968 986 4023 erga
1024 3967 1138 4023 auperes
1161 3951 1271 4024 pietatis
1289 3950 1354 4006 viri.
1370 3949 1529 4006 Secundum
1551 3947 1659 4021 aliquos
1674 3947 1722 4005 hic

71 4026 191 4100 episcopi
225 4033 253 4081 et
276 4023 417 4097 martyris.
449 4022 502 4089 Qui
531 4023 661 4103 mandato
687 4023 870 4094 imperatricis
923 3968 1108 4105 Simpdorosae
1123 4040 1185 4080 cum
1203 4023 1268 4079 liliis
1282 4022 1350 4089 suis,
1365 4021 1513 4094 dequibus
1528 4019 1718 4091 snpravKal.

72 4099 170 4178 (polim
192 4097 227 4152 ob
249 4096 403 4151 incestuosis
424 4093 556 4149 insulanis
582 4096 804 4166 Welncrensibus)
821 4111 870 4167 pro
923 4095 1002 4150 lulii.
1017 4095 1048 4150 ln
1064 4093 1142 4176 Hoja,
1160 4094 1298 4149 territorio
1309 4092 1449 4160 Lodiensi,
1464 4090 1610 4149 translatio
1619 4098 1721 4148 sancte

70 4169 176 4242 lustitia
189 4168 260 4240 legis
271 4167 377 4223 divinae
386 4165 493 4222 occisus
504 4172 559 4232 est;
577 4167 673 4222 multis
687 4167 778 4223 clarus
788 4167 869 4223 niira·
923 4164 1022 4222 Odiiie
1041 4164 1157 4236 virginis
1171 4174 1199 4221 et
1217 4164 1357 4237 martyris,
1373 4179 1407 4217 eii
1421 4164 1551 4220 societate
1565 4179 1595 4218 xi
1611 4162 1720 4217 milium

72 4242 148 4298 culis.
170 4238 277 4321 hemis,
297 4237 442 4295 translatio
465 4236 553 4293 sancti
577 4238 687 4310 Nycasii
707 4238 828 4311 episcopi
843 4245 870 4295 et
923 4236 1075 4318 virgiuum.
1099 4235 1203 4291 Eodem
1232 4236 1288 4302 die,
1318 4240 1420 4290 sancta
1447 4232 1601 4305 Eadburgae
1629 4232 1721 4306 virgi-

74 4320 140 4369 niart
161 4327 213 4367 ris.
230 4335 240 4359 ι
924 4323 999 4363 nis·

104 4329 290 4440 Hayffltttom.
300 4383 356 4438 huc
365 4381 448 4438 refert
459 4380 574 4438 Esdram
588 4380 760 4452 prophetam,
771 4382 805 4437 de
815 4396 870 4453 quc
958 4379 1067 4436 Mouau.
1082 4394 1088 4433 :
1110 4399 1120 4425 ‹
1136 4377 1218 4449 Apud
1231 4375 1386 4448 'l'yburtnm
1399 4370 1540 4432 ciuitatem
1554 4373 1649 4441 ltalia,
1666 4380 1719 4452 etoz

72 4471 119 4512 noa
141 4470 231 4527 snpra
241 4470 294 4510 iiiii
307 4451 385 4520 tulii,
399 4453 444 4510 cui
456 4453 576 4523 elogium
587 4467 663 4507 more
677 4469 729 4508 suc
738 4468 773 4507 ex
785 4451 870 4508 sceris
923 4449 1004 4520 Apud
1017 4449 1160 4505 civitatem
1179 4447 1352 4514 Metensium,
1370 4453 1422 4503 etc.
1439 4444 1543 4501 Eodem
1559 4443 1615 4511 die,
1631 4448 1720 4524 sancti

120 4526 179 4582 inis
201 4533 368 4597 conceptum
386 4524 509 4581 ascribit.
535 4523 664 4596 Sequitur
677 4530 753 4579 totus
766 4530 868 4580 textus.
923 4518 1049 4592 Aquilini
1074 4518 1205 4589 episcopi.
1229 4517 1395 4582 Mediolano,
1420 4515 1508 4572 sancti
1527 4514 1643 4570 Materni
1658 4530 1722 4593 epi-

109 4596 177 4654 inde
202 4615 209 4653 :
240 4598 303 4652 clu
327 4594 442 4652 civitate
464 4595 589 4664 Metensi,
618 4594 754 4666 depositio
781 4593 869 4650 sancti
886 4590 1000 4662 Decepi
1026 4596 1053 4645 et
1075 4588 1248 4644 confessoris.
1270 4612 1279 4634 ›
1304 4586 1409 4643 Deinde
1429 4601 1465 4666 eu
1483 4584 1581 4641 Adone
1599 4584 1643 4639 vel
1662 4598 1722 4656 equs
1778 4647 1782 4653 ¹

73 4666 469 4740 Aruultiejnsdemeivitatise
489 4667 599 4739 iscopi‚›
612 4681 675 4723 cuni
687 4665 805 4737 longiori
815 4665 869 4723 elo·
924 4678 939 4716 a
959 4661 996 4717 ud
1011 4659 1193 4741 Bosweydum
1210 4657 1369 4740 appendice
1388 4656 1523 4738 «Brixiae,
1539 4654 1675 4739 depositio
1692 4654 1721 4712 S.

74 4741 125 4812 giu,
166 4739 224 4796 uod
244 4738 274 4794 in
293 4738 361 4811 ipsis
379 4738 457 4795 Actis
471 4683 524 4809 iegi
546 4738 685 4793 mavelim.
703 4736 792 4792 Tum:
817 4737 870 4792 «111
925 4679 1065 4790 Pisitastrii
1088 4731 1175 4813 ipsius
1189 4731 1312 4788 civitatis
1326 4745 1458 4802 episcopi.
1474 4727 1527 4796 Qui
1542 4744 1606 4811 cum
1622 4727 1722 4810 fuisset

73 4827 139 4884 pago
209 4811 307 4877 trensi,
321 4810 408 4866 sancti
427 4809 534 4865 Arnolh
553 4808 672 4880 episcopi
688 4814 715 4863 et
730 4807 868 4881 martyris.
927 4805 1068 4876 presbyter
1095 4803 1248 4872 ordinatus,
1282 4802 1381 4859 duetus
1412 4816 1505 4857 amore
1529 4802 1589 4868 Dei,
1619 4799 1723 4857 relictis

74 4883 152 4954 Apud
164 4881 335 4954 Traiectum,
356 4881 443 4937 sancti
461 4879 600 4936 Frederici
621 4879 743 4951 episcopi
761 4889 788 4936 et
807 4896 870 4935 ecn-
925 4876 1065 4946 omnibns,
1082 4876 1243 4931 universum
1259 4890 1327 4956 pene
1341 4872 1477 4929 ambitum
1493 4869 1721 4951 circuivitorbis,

74 4954 215 5010 sessoris·
237 4952 336 5009 Nescio
354 4968 404 5008 eur
423 4960 450 5008 et
469 4952 516 5009 hic
534 4968 587 5007 iion
608 4967 684 5024 aeque
702 4959 809 5023 martyr
826 4966 871 5022 ap·
926 4957 1061 5020 quatenus
1072 4954 1183 5004 seculus
1197 4947 1312 5017 vestigia
1324 4945 1403 5001 Pauli
1417 4944 1545 5017 apostoli,
1558 4936 1724 5014 persiugnla

927 5021 987 5076 loca
1001 5019 1108 5076 animas
1121 5017 1217 5075 fraude
1236 5017 1339 5073 diaboli
1351 5016 1488 5098 deceptas,
1499 5013 1542 5093 ,de
1555 5009 1724 5081 sempiterno

106 5098 270 5159 Aouioiisor.
290 5094 321 5150 in
339 5094 394 5150 line
415 5111 421 5149 :
450 5092 595 5152 «Castalio
614 5091 764 5164 Crispiaco,
785 5092 873 5148 sancti
927 5091 985 5147 suis
1005 5088 1248 5162 predicationibus
1273 5087 1402 5144 liberavit
1424 5092 1549 5141 interitu.
1575 5079 1653 5136 Uude
1666 5092 1724 5133 non

74 5026 200 5098 pelletur.

73 5168 182 5225 Arnnlli
192 5167 394 5239 archiepiscopi
405 5173 432 5221 et
443 5164 583 5237 martyris.
595 5190 605 5211 ι
617 5164 691 5220 ldein
703 5171 754 5231 est,
762 5164 873 5234 opinor,

74 5240 108 5297 de
158 5240 311 5297 oCuiiruu.
322 5255 328 5292 :
348 5262 357 5286 ι
368 5236 573 5294 Octavaesancti
584 5233 726 5291 Benedicti
737 5233 867 5290 abbatis·

136 5328 258 5367 icrosiu.
270 5330 276 5366 :
301 5309 441 5366 ‹Civitate
450 5308 575 5373 Metensi,
587 5306 674 5362 sancti
686 5305 795 5361 Amulli
810 5304 875 5377 epi-

73 5383 149 5455 scopi
171 5391 199 5439 et
213 5380 389 5439 confessoris.
407 5382 468 5452 Ipso
483 5379 539 5442 die,
553 5379 641 5435 sancti
662 5377 787 5433 Severini
802 5393 875 5433 cou-

74 5455 197 5511 fessoris.
209 5454 321 5511 Octavae
335 5452 422 5508 sancti
434 5449 574 5507 Benedicti
585 5448 702 5505 abbatis.
715 5473 724 5495 ι

109 5527 319 5583 Damnosus:
353 5547 362 5570 ι
384 5524 415 5578 lii
444 5539 512 5594 page
529 5520 678 5585 Castrensi,
699 5518 747 5592 qui
770 5518 876 5575 dicitur

73 5598 161 5670 Sylva
181 5596 327 5671 Aquilina,
347 5593 447 5650 natalis
466 5593 537 5649 beati
557 5590 697 5663 Arnulphi
711 5589 833 5664 episcopi
848 5597 875 5646 et

75 5669 217 5742 martyris,
233 5685 299 5726 curii
314 5682 401 5722 uxore
416 5681 465 5722 sua
478 5664 605 5722 Scariber
624 5680 648 5719 a.
663 5688 672 5711 »

109 5739 562 5799 Marinio.-Ciiirus-Uiriisiuor.:
582 5681 739 5792 «diederici
755 5733 876 5860 episcopi

74 5812 273 5887 lrajectensis,
288 5809 430 5883 martyris.
446 5807 604 5883 Requiescit
619 5807 653 5865 ad
665 5815 791 5864 sanctum
813 5805 848 5862 Sa
860 5834 878 5845 -

927 5163 1017 5218 solum
1042 5167 1138 5217 contra
1157 5160 1272 5233 gentiles
1290 5166 1371 5230 atque
1393 5154 1511 5235 ludens,
1526 5165 1623 5206 verum
1638 5149 1723 5231 etiam

927 5241 1023 5290 contra
1036 5246 1132 5288 omues
1145 5246 1214 5303 pene
1227 5230 1379 5286 hereseset
1393 5238 1513 5281 maxime
1526 5227 1623 5277 contra
1631 5222 1724 5301 Arria3

930 5320 992 5359 nam
1009 5301 1163 5375 perfidiam,
1186 5317 1247 5374 qnae
1261 5308 1329 5356 tuuc
1343 5297 1461 5354 nimium
1471 5291 1647 5375 prevalebat,
1660 5290 1725 5347 fidei

929 5376 1022 5446 vigore
1046 5374 1189 5446 pugnavit,
1204 5381 1231 5429 et
1251 5372 1286 5429 ob
1306 5370 1360 5426 hoo
1382 5364 1545 5422 verberibus
1565 5371 1725 5430 castratus,

929 5447 1056 5517 stigmata
1070 5443 1183 5500 Domini
1196 5442 1283 5499 nostri
1298 5441 1362 5496 lesu
1375 5436 1479 5496 Christi
1492 5450 1543 5492 suo
1552 5451 1589 5564 po
1652 5440 1681 5491 at
1698 5434 1728 5489 in

929 5533 1052 5591 corpore.
1068 5516 1136 5571 Nam
1151 5522 1179 5572 et
1193 5515 1222 5569 in
1234 5507 1432 5569 Mediolanensi
1447 5506 1525 5577 nube,
1541 5507 1550 5563 i
1572 5522 1658 5563 oriens
1674 5522 1730 5563 cu-

930 5597 987 5646 stos
1002 5586 1140 5645 Bominici
1156 5585 1244 5667 gregis
1256 5583 1322 5650 fuit,
1334 5588 1361 5638 et
1373 5578 1515 5637 Auxentio
1525 5578 1649 5660 Arrianae
1679 5646 1685 5659 ι
1699 5593 1732 5631 r-

931 5660 1003 5717 fidie
1023 5677 1037 5716 e
1059 5659 1161 5730 iscopo,
1177 5669 1336 5727 priusquam
1355 5652 1451 5709 beatus
1472 5649 1637 5707 Ambrosius
1650 5664 1664 5704 e
1679 5662 1733 5719 ige·

930 5742 1016 5799 retur,
1027 5677 1123 5787 divina
1132 5726 1321 5800 gratialultus,
1333 5723 1452 5780 nimium
1461 5720 1733 5794 repugnavitllomae

931 5805 1015 5862 etiarn
1045 5817 1102 5861 non
1128 5799 1228 5874 exiguo
1249 5806 1374 5875 ternpore
1392 5796 1565 5863 demoratus,
1587 5789 1691 5847 multos
1710 5792 1738 5841 et
