3834 6136
198 215 234 277 bi
849 208 1002 270 osonum
1020 210 1191 270 biOthCiss.
1812 204 1847 266 48

198 350 251 408 dni
265 348 447 407 transcribere
462 347 562 403 solitus
575 353 626 402 est.
641 343 778 402 Ceterum
792 343 827 400 de
852 359 885 401 ee
895 344 993 418 sepul·
1008 347 1034 407 Α
1047 341 1225 399 dissimulans
1250 339 1430 398 difficultates
1443 340 1565 408 subesse,
1580 340 1683 416 quibus
1696 345 1846 401 extrican-

199 420 239 481 οτι
255 421 439 494 qualicunque
451 416 647 485 controversie,
663 415 771 473 consuli
793 415 876 473 eliam
904 423 993 489 potest

201 491 422 554 Commentarius
435 488 471 546 ad
485 492 554 545 Aeta
563 487 699 561 pravius:
715 486 908 555 rerbodicam
920 494 993 544 utrc-

200 580 252 639 qne
269 563 339 628 loco,
354 561 429 617 saria
443 559 477 616 de
489 576 580 625 cansa,
595 567 752 615 sanctorum
763 559 874 615 illorum
890 559 993 615 festivi·

198 643 240 693 tes
253 633 390 690 celebrata
404 641 454 688 est.
470 630 514 687 Nil
532 631 643 688 interim
656 629 830 686 iriarriiestius
845 647 925 703 quum
939 632 993 686 elo·

217 706 273 760 iuni
291 703 319 758 in
335 712 413 759 textu
428 703 560 775 positum,
576 720 609 758 eri
625 700 722 759 Adone
736 718 794 758 esse
822 701 991 772 decerptum.

198 723 325 835 boeriis
345 775 422 846 ipsis,
438 774 552 830 undeet
567 773 711 830 Adoniana
729 780 756 828 et
775 772 929 829 Usuardina
943 789 994 828 ac-

198 854 275 917 cepts
296 856 369 909 sunt,
400 844 525 902 nihiiest
553 845 624 916 qnod
651 843 832 916 superaddam
868 844 901 898 iis
933 860 993 923 quas

198 917 325 989 superius
339 917 371 971 ad
388 934 425 972 ιιι
443 917 506 972 hlaii
522 916 595 972 dieta
612 924 686 972 sunt.
715 915 930 971 wandalbertus
953 931 992 969 sic

197 988 371 1046 Pencruiiuin
386 988 448 1044 aliis
469 988 614 1051 munisset,
630 1004 660 1042 ae
674 988 695 1040 si
712 986 746 1041 ad
761 986 853 1041 eodeni
872 995 993 1056 tempore

197 1061 359 1133 pertineret,
369 1076 430 1114 runi
441 1069 531 1115 tanuen
542 1059 649 1116 dnobus
661 1060 777 1114 omnino
787 1060 869 1114 saeeni
882 1074 895 1115 s
905 1067 992 1129 poste·

158 1154 163 1173 ·
197 1131 487 1188 riorsit.Siccarrit:

262 1219 344 1279 Virgo
358 1230 413 1267 iiius
423 1220 542 1275 colimus,
558 1219 678 1270 Demieili
688 1239 705 1279 r,
717 1218 849 1282 quaternis

258 1282 353 1336 Nerea,
368 1282 531 1330 Pninriuiunr
557 1296 614 1329 enin
629 1297 686 1343 quis
697 1295 721 1329 ei
736 1283 853 1331 Aciril'ee
864 1288 989 1329 ariusium.

259 1345 363 1394 Prinins
375 1350 516 1402 syriisiobcn
526 1343 611 1392 doridi
628 1345 753 1402 luxitque:
767 1343 805 1391 lai·
824 1356 867 1392 ero

259 1406 330 1466 Quos
345 1406 567 1464 Petro-,seperius
585 1406 674 1454 linium
688 1420 745 1453 cniii
769 1420 867 1457 inurin-
879 1406 990 1463 y'inictos.

231 1489 372 1546 Pcnriutii
388 1504 487 1544 nomen
498 1486 721 1557 hieronymianis
735 1494 758 1539 et
772 1485 894 1541 Romano
908 1499 992 1554 parvo

197 1560 374 1631 inscriptum,
388 1575 420 1613 eo
434 1556 560 1612 euronio
576 1573 591 1608 a
610 1556 682 1610 Beda
697 1563 724 1610 et
739 1555 849 1611 hebeno
866 1563 990 1619 ornetur,

195 1629 251 1686 duo
271 1629 317 1685 hic
332 1631 360 1683 iu
377 1638 470 1683 nostro
490 1627 641 1688 laterculo:
657 1635 738 1697 atque
754 1625 891 1697 ipsissima
909 1623 993 1679 rerba

1048 413 1091 471 dis
1104 413 1253 485 diligenter
1267 412 1386 469 insudat.
1408 412 1523 470 Easdem
1538 430 1633 471 numus
1661 417 1761 488 ingerit
1781 417 1846 472 Til-

1049 485 1197 542 lemontius
1210 493 1287 542 tomo
1301 484 1335 550 V,
1348 499 1365 539 a
1378 500 1438 557 pag.
1451 485 1504 542 259
1518 492 1546 541 et
1555 485 1617 549 689,
1629 487 1675 543 sed
1693 503 1749 543 non
1762 487 1845 544 video

1048 571 1250 628 pancosnrerns
1263 557 1333 612 tanti
1347 571 1415 623 esse,
1437 565 1467 613 ut
1477 558 1544 612 Acta
1557 555 1699 614 decutere
1708 560 1847 630 simplicia

1048 629 1175 699 etgraria
1185 626 1323 700 repudiari
1337 627 1434 682 merito
1442 630 1557 699 possint.
1569 629 1699 702 Sequitur
1710 629 1737 684 in
1750 630 1845 687 Adone

1048 714 1083 752 eri
1112 700 1251 770 praedicis
1266 699 1361 755 Actis:
1379 700 1429 755 Sei
1452 707 1476 754 et
1497 707 1557 754 tunc
1570 706 1693 771 teriipcrrs
1706 718 1787 771 peirn
1809 708 1847 757 est

1048 770 1121 838 oirqo
1136 772 1317 826 sairriitissnnu
1347 771 1455 833 Soteris,
1472 772 1578 826 nornine
1594 778 1618 826 et
1632 789 1723 841 qenere
1738 773 1843 841 nobilis,

1048 856 1128 913 quani
1139 841 1276 898 Notlierns
1292 844 1382 911 po-nit
1397 859 1403 896 :
1422 843 1560 898 isuardus
1574 844 1702 914 praeteriit
1717 863 1722 899 :
1741 852 1844 912 utrum,

1048 912 1120 983 quoii
1135 929 1194 968 enin
1209 931 1271 970 cuin
1286 913 1338 967 iibri
1354 917 1516 983 cognomine.
1531 915 1699 981 contuderit,
1714 932 1748 971 an
1761 916 1844 971 aliam

1048 983 1083 1038 ob
1097 1000 1217 1047 coirsnni,
1240 986 1374 1041 incertum
1390 992 1440 1040 est.
1465 986 1519 1041 Nec
1538 1003 1611 1041 enim
1628 988 1694 1042 satis
1713 1003 1844 1058 cuniper-

1047 1063 1117 1121 tnin,
1133 1058 1205 1110 sitne
1224 1072 1254 1111 ea
1271 1056 1397 1119 sotheris,
1414 1057 1513 1129 irrisio
1531 1057 1755 1130 ilieroiiynrianis
1768 1058 1843 1130 puni·

1048 1132 1093 1179 tur
1105 1126 1188 1182 sociis
1199 1128 1337 1183 eoniiisti.
1348 1143 1464 1198 syrrirrnm
1477 1130 1586 1183 numina
1604 1130 1629 1183 in
1647 1130 1722 1186 Actis
1733 1146 1843 1185 enume-

1047 1204 1162 1255 rantur:
1178 1215 1210 1252 au
1228 1198 1274 1252 itti
1285 1198 1318 1253 dc
1336 1214 1388 1270 qua
1402 1197 1526 1254 diiiinius
1541 1216 1556 1254 ι
1574 1199 1726 1268 Februarii,
1744 1210 1843 1256 uicen-

1047 1279 1105 1321 sent
1123 1268 1281 1324 liniunrlins
1297 1286 1355 1340 pig,
1375 1268 1436 1337 ibb,
1464 1277 1490 1324 et
1506 1270 1701 1327 Tilieinontins
1716 1281 1790 1326 ittttlo
1807 1271 1842 1338 V,

1047 1353 1136 1410 eyisg.
1153 1340 1215 1394 :toti
1234 1341 1314 1404 lieda,
1326 1352 1352 1395 et
1369 1340 1414 1409 qiu
1430 1357 1491 1395 eum
1509 1343 1606 1412 passim
1623 1342 1766 1409 desinon,
1784 1344 1842 1398 liii-

1047 1406 1146 1469 hanns.
1164 1412 1272 1481 legunt:
1284 1411 1373 1466 Siriicti
1388 1413 1569 1466 Piiiri'anostri
1582 1414 1727 1483 Epiplmnii
1737 1414 1842 1483 episeo-

1046 1496 1076 1549 pi
1092 1479 1185 1548 Cypri.
1198 1481 1259 1536 Ado
1269 1481 1442 1545 dictiiic'tins,
1459 1483 1492 1536 iis
1503 1483 1634 1537 niniirnni
1651 1485 1729 1553 plane
1740 1485 1842 1551 serbis,

1048 1551 1149 1618 quaeail
1160 1550 1264 1621 ayricein
1279 1553 1375 1607 Noster
1385 1552 1413 1605 in
1424 1569 1504 1606 sninn
1518 1553 1677 1607 iatercnlmu
1691 1556 1843 1620 transtulit,

1046 1621 1097 1686 sic,
1114 1631 1144 1679 nt
1159 1638 1208 1678 noc
1223 1621 1251 1676 in
1268 1622 1328 1688 hac,
1354 1638 1404 1677 nec
1419 1623 1446 1676 ιιι
1462 1622 1524 1678 aliis
1540 1624 1799 1678 anituutmtionibns
1810 1625 1844 1679 de

194 1699 290 1757 itidem
313 1699 340 1754 iu
362 1701 458 1755 Adone
474 1708 500 1754 et
515 1697 636 1754 Notkcro
652 1698 789 1767 leguntur,
806 1695 853 1751 sed
866 1695 929 1750 aliis
943 1696 991 1750 im·
1008 1697 1029 1758 Β
1048 1699 1140 1748 tentiis
1149 1692 1459 1749 Usuardniicinninioda
1468 1693 1645 1775 simplicitate
1655 1693 1776 1750 dubitari
1785 1711 1843 1765 pos·

194 1773 294 1828 mista.
310 1771 455 1842 Dionysius
471 1769 624 1826 llieronim.
646 1776 673 1824 et
685 1768 765 1824 Bedae
781 1769 900 1839 ignotus,
914 1783 928 1821 a
940 1767 991 1822 Ro·

193 1858 278 1900 mano
298 1859 392 1915 perro,
409 1842 473 1898 inde
485 1843 519 1898 ab
534 1842 631 1897 Adone
646 1840 768 1912 ponitur,
780 1854 861 1911 quein
872 1838 991 1893 demere

194 1915 320 1988 seqnitur
337 1915 446 1980 Noster,
462 1921 570 1969 serrata
588 1910 692 1984 phrasi,
715 1911 743 1965 in
759 1926 813 1983 qua
828 1909 989 1965 nonnullam

194 1986 348 2043 claritatem
363 1985 511 2042 desideres.
527 1983 667 2039 Perieratii
679 1989 704 2038 ct
716 1981 840 2052 Dionysii
860 1981 990 2037 ectasin·

193 2072 256 2117 cera
274 2057 383 2116 censuit
398 2055 544 2124 Baronius,
559 2053 668 2112 censuit
682 2061 708 2111 et
723 2051 922 2121 henschenius,
933 2068 990 2108 uon

1047 1769 1092 1818 sit.
1114 1764 1203 1820 Vitam
1227 1764 1384 1836 epiphanii,
1401 1764 1841 1837 suhdiscipulorumnornineoh·

1047 1839 1163 1901 trusam,
1183 1837 1288 1906 respuit
1301 1835 1514 1908 Papebrochius,
1536 1837 1673 1909 aliamque
1687 1853 1722 1892 eri
1738 1837 1842 1893 Histori

1046 1903 1087 1960 cis
1100 1906 1293 1964 ecelesiasticis
1308 1914 1465 1963 coirtextam
1481 1906 1634 1974 substituit,
1661 1924 1742 1980 quam
1772 1924 1845 1964 con·

1046 1973 1118 2034 terre
1130 1979 1264 2036 licetcnm
1270 1978 1376 2036 Gallice
1384 1979 1554 2036 Villcmoutii
1563 1979 1680 2047 tomuli,
1688 1997 1704 2036 a
1713 1979 1842 2053 pagidi.

921 2175 1112 2237 auertitis.

230 2289 388 2345 Tonnncun.
403 2286 514 2367 longius
531 2291 687 2341 sanctorum
711 2283 790 2340 Nerei
814 2291 842 2340 et
869 2280 989 2338 Achillei

194 2361 314 2431 elogium
333 2357 482 2424 contrahit,
498 2372 529 2413 ea
542 2355 673 2412 omittens
687 2372 747 2430 quae
761 2360 915 2428 sequuntur
929 2359 990 2426 post

193 2431 337 2495 attrectati,
352 2437 449 2486 caetera
463 2427 627 2501 purissimus
640 2435 690 2484 est.

230 2503 397 2566 Puusnnnu,
411 2498 548 2572 principio
560 2513 646 2570 puros
658 2506 685 2554 et
705 2498 820 2568 integer,
834 2502 905 2568 post,
916 2512 988 2551 runc·

195 2573 216 2628 ti
233 2571 373 2630 Penerctir'
388 2570 524 2640 martyris,
540 2568 645 2624 omittit
659 2569 765 2640 reliqua
778 2568 881 2623 crnnia.

231 2640 587 2701 tirrannum-Lorne.
603 2646 630 2694 et
640 2640 735 2697 Bsum.
750 2645 912 2709 expuynnut
926 2639 989 2693 elo-

214 2717 271 2771 'um
288 2710 513 2786 Dionysii.0uod
530 2711 611 2766 etiam
627 2709 733 2766 iaciunt
746 2711 887 2764 nuruum.
901 2709 987 2776 llus,

195 2732 518 2850 &eruissem-herniam,
538 2784 708 2847 hinniens,
734 2781 832 2835 Deme.
848 2789 875 2835 et
890 2780 988 2835 Enrrio

196 2858 412 2915 onisii-osii.
428 2855 458 2910 ln
486 2853 586 2927 quibus
601 2853 701 2910 desunt
718 2858 845 2920 praterea
860 2852 894 2906 de
917 2851 989 2921 Epi-

196 2929 300 3002 phanio
319 2928 362 2983 hae
387 2942 478 2994 rooes,
495 2924 579 2980 suncti
605 2924 693 2995 patris
710 2923 804 2979 nostri.
829 2923 871 2977 Ex
888 2922 989 2994 qnihns

195 3001 320 3071 colligas,
335 2999 471 3054 uariarum
486 2997 648 3068 religionum
669 2995 763 3050 inisse.
781 2993 827 3048 nbi
842 2993 989 3121 appellatio

196 3071 256 3137 ills,
274 3064 418 3142 'tamquam
447 3070 545 3129 aliena,
560 3067 679 3123 admissa
702 3082 756 3122 nou
771 3073 821 3120 est.
874 3065 987 3119 onienit

1043 2281 1083 2338 De
1089 2280 1211 2359 singulis
1224 2280 1259 2338 ad
1274 2282 1399 2355 proprios
1414 2278 1541 2341 disserit
1558 2279 1705 2411 ayendnm.
1718 2268 1757 2342 De
1767 2284 1842 2343 bian-

1043 2353 1113 2407 ricio
1128 2353 1191 2409 ride
1210 2353 1421 2421 Praetermissos,
1438 2355 1502 2412 item
1518 2355 1552 2411 de
1595 2357 1696 2413 artino.

1078 2423 1550 2482 Mennim-Cnnnus-Uirnsiser.z
1572 2451 1581 2473 ι
1604 2427 1695 2498 Nerei,
1721 2429 1842 2489 achillei

1043 2502 1071 2550 et
1084 2495 1221 2552 Pancratii
1237 2504 1399 2569 martyrum.
1417 2498 1496 2565 item,
1511 2497 1652 2570 Dionysii,
1669 2502 1758 2570 patrui
1770 2496 1852 2573 ejus,'

1044 2565 1195 2646 Epiphanii
1209 2567 1329 2640 episcopi
1344 2568 1502 2634 Salaminae,
1518 2567 1597 2642 cuijus
1608 2570 1734 2628 meminit
1746 2572 1843 2630 heatus

1043 2637 1239 2710 Hieronymus.
1253 2664 1262 2686 ι
1280 2639 1308 2694 1η
1322 2639 1453 2711 margine,
1466 2639 1561 2695 eadem
1575 2657 1657 2696 uranu
1672 2646 1840 2716 oppositum,

1050 2733 1059 2755 ι
1075 2707 1212 2764 Pancratii
1230 2710 1381 2779 martyris·
1404 2726 1462 2765 essa
1478 2710 1653 2783 requiescunt
1668 2714 1698 2769 in
1726 2716 1843 2773 ecclesia

1042 2780 1128 2836 sancti
1144 2780 1294 2835 Salvainris
1305 2781 1496 2853 Trajecteusis.
1513 2805 1522 2827 ι

1078 2849 1241 2908 lieo-Sum.
1256 2852 1379 2922 signatus
1395 2869 1472 2909 nuni.
1489 2852 1557 2909 tto:
1588 2879 1597 2901 ι
1612 2855 1674 2926 lpso
1688 2854 1743 2925 die,
1758 2874 1841 2915 coni-

1044 2923 1206 2978 memoratio
1226 2924 1296 2978 beati
1314 2924 1456 2997 Hippolyti
1484 2926 1627 2994 martyris,
1643 2928 1756 2997 ‹quando
1780 2929 1841 3001 ejus

1043 2993 1166 3066 piissimo
1183 3011 1297 3066 corpore
1311 2997 1455 3060 traiisisto,
1484 2997 1600 3052 sesessit
1618 3006 1701 3054 rasim
1718 3003 1840 3058 mortali-

1041 3065 1077 3121 tis
1093 3073 1247 3135 tempestas.
1264 3091 1272 3113 ι
1296 3067 1366 3122 Vide
1381 3068 1581 3122 Promissis
1595 3075 1623 3122 et
1637 3085 1688 3124 uni
1709 3072 1838 3144 Augusti.

196 3143 357 3200 etiamnum
376 3140 573 3213 posterioribus
588 3139 778 3194 bononiensis.
794 3136 849 3191 alio
875 3134 1024 3207 insupch
1074 3137 1104 3192 lu
1121 3138 1254 3195 Varium.
1275 3137 1382 3210 signato
1398 3154 1473 3193 niun.
1497 3138 1568 3195 sais
1585 3139 1660 3195 deest
1677 3141 1839 3216 Dionysius.

196 3213 267 3271 vitio
290 3212 425 3280 laborans,
457 3210 529 3285 quod
546 3211 674 3266 mutilum
702 3207 798 3266 reddat
830 3214 985 3263 sanctornm

103 3296 106 3311 '
196 3285 275 3343 b‘erei
291 3291 318 3340 et
332 3283 450 3340 Achillei
466 3283 596 3356 elogium.

231 3357 377 3413 lloswurn.
396 3354 512 3410 niiniinn
527 3369 554 3408 sa
576 3368 620 3409 ere
647 3350 766 3408 voluisse
780 3350 900 3419 ridetur,
920 3351 986 3407 dnm

194 3426 315 3504 phrasim
332 3426 504 3481 Adonianani
518 3432 546 3481 ct
558 3369 740 3481 ilsuardinani
754 3423 787 3480 de
802 3423 936 3503 Dionysio
950 3421 988 3476 ita

193 3496 324 3561 corrigit:
348 3519 357 3541 ι
373 3495 425 3561 Qui
441 3511 503 3550 cnm
521 3494 642 3565 praemiis
656 3493 813 3549 cmlestibns
836 3493 947 3564 dignus.
961 3499 989 3547 et

193 3585 274 3630 carus
290 3565 407 3623 Domino
422 3565 528 3621 inisset.
545 3589 554 3613 ι
580 3565 611 3620 ln
627 3564 682 3620 tine
695 3563 766 3619 nihil
778 3563 859 3619 habel
873 3563 987 3619 desanc·

193 3641 257 3700 tots
279 3636 402 3694 inienio.

230 3656 379 3769 Criniuunu
413 3730 422 3754 ι
441 3706 533 3764 Domae
544 3703 573 3760 iu
587 3703 733 3776 cymiterio
745 3703 989 3772 Praetextatisan-

195 3789 304 3840 ciorum
325 3778 403 3836 Nerei
431 3785 459 3832 et
477 3774 598 3833 Acirilici
622 3775 736 3831 fratrum
757 3783 920 3846 rrinrtyruin.
940 3774 988 3848 qni

195 3847 540 3910 fueriiutEunnchihcatae
555 3845 658 3902 Flavia
673 3846 832 3903 Domitillae.
848 3844 990 3902 Martianis

196 3922 333 3995 depositio
349 3918 511 3976 beatissima
526 3917 665 3975 lliotrudis
678 3917 835 3975 coinitissar.
855 3917 923 3973 lteui
938 3918 988 3975 iio·

197 4011 250 4051 mar
266 3993 311 4048 ria
331 3991 455 4057 Aurelia,
482 3988 553 4044 beati
581 3988 717 4045 Pancratii
739 3987 878 4059 martyris.
908 3990 988 4054 item,

196 4064 271 4122 beati
286 4061 413 4133 Dionysii
433 4061 523 4133 patrui
550 4060 637 4132 ipsius
650 4060 723 4117 beati
738 4059 884 4115 Pancratii.
907 4059 989 4141 Apud

198 4134 331 4208 Cyprum,
347 4133 435 4189 sancti
457 4130 543 4204 patris
565 4131 649 4186 nostri
669 4129 827 4205 Epiphanii,
842 4128 989 4187 Salamina

197 4205 329 4280 episcopi,
351 4203 367 4259 ii
384 4205 409 4260 le
422 4210 450 4260 et
463 4202 590 4258 doctriua
604 4203 685 4259 claris
700 4204 760 4259 iini.
777 4228 786 4251 ι

233 4276 539 4346 uilissimorum
569 4273 639 4328 texit
666 4273 810 4331 historiam
829 4275 863 4331 de
889 4273 990 4332 sanctis

197 4349 295 4410 Nereo,
312 4347 448 4411 Achilleo,
459 4343 603 4401 Douiitilla
617 4353 644 4400 et
655 4345 738 4402 sociis
754 4347 880 4414 Eudone,
899 4346 989 4402 Victo·

197 4421 261 4478 rino
276 4427 303 4475 et
317 4419 452 4476 Macrone.
470 4416 568 4471 Pnrius
581 4431 612 4470 ea
625 4415 654 4470 in
669 4416 745 4473 fonte
755 4418 842 4475 lector
855 4416 989 4474 inveniet.

1043 3207 1148 3336 Saeyius
1162 3208 1271 3267 deiectu
1285 3226 1365 3282 quain
1381 3225 1495 3267 excessu
1507 3209 1621 3267 laborat.

1103 3298 1212 3337 moun:
1235 3282 1325 3337 ‹Itein
1350 3290 1451 3338 sancta
1475 3281 1599 3339 Sotheris
1622 3283 1748 3355 virginis,
1778 3303 1840 3360 quar

1044 3351 1095 3409 sub
1111 3353 1279 3409 Diocletiano
1304 3354 1466 3424 imperatore
1487 3353 1564 3408 hassa
1578 3362 1650 3410 est·
1673 3357 1715 3411 Eu
1730 3357 1839 3415 Adone.

1081 3424 1307 3480 Anninusorius.
1321 3442 1327 3480 :
1350 3450 1359 3472 ι
1375 3425 1442 3482 Itein
1453 3426 1547 3481 Romae
1560 3426 1604 3480 ris
1618 3428 1737 3485 dure'ia.
1750 3430 1841 3486 sancti

1043 3494 1180 3551 Pence-itii
1199 3495 1338 3568 martyris,
1354 3512 1427 3552 anno
1442 3496 1529 3551 aetatis
1539 3512 1594 3551 sure
1609 3497 1840 3570 quartodecimo.

1044 3566 1096 3622 sub
1112 3567 1281 3622 Diocletiano
1294 3566 1503 3624 detruncnione
1517 3568 1615 3637 capitis
1642 3572 1839 3628 consummati.

1043 3636 1148 3693 Eodem
1164 3637 1219 3700 die,
1235 3637 1321 3694 sancti
1339 3637 1475 3709 Dionysii,
1502 3638 1590 3707 patrui
1609 3637 1731 3708 ejusdem
1751 3643 1842 3699 sancti

1044 3706 1193 3775 Pancratii,
1209 3706 1235 3762 di
1258 3724 1290 3762 ne
1310 3709 1366 3763 Deo
1390 3708 1418 3763 in
1440 3724 1503 3778 pace
1538 3708 1725 3766 sisciensis·
1752 3713 1842 3782 Patet,

1045 3777 1161 3858 Usuardi
1177 3778 1219 3833 tel
1236 3725 1341 3835 idoliis
1355 3778 1477 3852 phrasim
1554 3781 1648 3856 aliquo
1668 3783 1815 3856 levigatam
1833 3803 1840 3845 ;

1046 3848 1093 3906 sed
1111 3849 1155 3905 inc
1168 3848 1255 3907 codex
1271 3850 1360 3907 rarius
1375 3851 1500 3908 recurrit.

1081 3920 1180 3976 Enirio
1195 3921 1393 3980 huneco-Con.
1409 3923 1496 3979 innita
1512 3931 1604 3979 narrat
1618 3923 1653 3981 de
1665 3926 1843 3984 ordinatione

1045 3991 1132 4049 sancti
1148 3991 1272 4049 Severini
1298 3993 1472 4052 coloniensis
1485 3993 1695 4067 archiepiscopi,
1727 3998 1760 4055 de
1788 4015 1844 4071 qna

1045 4062 1074 4119 in
1094 4062 1167 4119 ictis
1184 4065 1318 4136 agendum
1334 4065 1387 4120 erit
1402 4065 1434 4119 ad
1450 4080 1521 4120 xxm
1538 4062 1674 4123 Octobris.
1688 4068 1758 4125 Vide
1769 4070 1843 4126 Gus-

1044 4150 1141 4190 rsucn
1156 4133 1237 4190 inira.
1250 4134 1381 4208 Sequitur
1395 4136 1475 4208 longa
1489 4135 1544 4190 alia
1560 4134 1676 4195 historia
1690 4140 1724 4196 de
1735 4141 1841 4197 sanctis

1044 4206 1142 4272 Nereo,
1158 4205 1294 4274 Achilleo,
1311 4216 1363 4263 etc.
1380 4205 1515 4263 Pancratii
1530 4206 1649 4288 elogium
1666 4211 1844 4268 etiarninter·

1046 4277 1168 4347 potatum
1206 4285 1255 4332 est.
1284 4277 1421 4348 Dionysii,
1450 4286 1675 4350 preteriiirssnni.
1704 4283 1735 4337 ln
1764 4283 1840 4339 sine:

1053 4371 1063 4395 ι
1082 4347 1218 4417 Treveris,
1234 4350 1321 4407 sancti
1340 4350 1504 4407 ldoilowaldi
1520 4348 1640 4423 episcopi
1654 4359 1681 4408 et
1695 4351 1844 4410 confesso-

1046 4419 1094 4475 ris.
1119 4418 1201 4490 Apud
1227 4420 1359 4493 Cyprmn,
1390 4422 1477 4479 sancti
1505 4420 1665 4492 Epiphanii‚
1694 4423 1844 4482 Salamiuar

197 4493 239 4550 De
253 4488 406 4556 Pancratio‚
423 4503 470 4559 per
485 4486 721 4558 anticipationem,
745 4494 801 4561 egit
832 4487 930 4562 pridie.
960 4488 991 4543 ln
1007 4488 1033 4548 D
1047 4490 1168 4563 episcopi
1183 4498 1211 4549 et
1226 4493 1398 4550 contessoris.
1415 4517 1425 4541 ι

198 4563 334 4641 Dionysio
348 4569 376 4617 et
388 4559 549 4640 Epiphanio
559 4559 644 4614 terme
659 4575 744 4632 purus
757 4570 808 4617 est.
829 4559 949 4617 Additur
962 4558 992 4614 in

198 4648 322 4701 margine
336 4647 420 4687 mann
449 4630 594 4686 recentiori
610 4647 615 4684 :
643 4653 652 4677 ι
668 4633 808 4703 Depositio
826 4631 914 4688 sancti
930 4631 994 4687 bio-

198 4702 290 4759 doaldi
302 4701 501 4772 archiepiscopi
517 4700 701 4768 ticinensis,
717 4703 763 4772 qni
780 4701 994 4757 luitaruncnius

198 4770 453 4901 heatnyzGertrudis.
470 4791 479 4815 r
503 4770 572 4826 Vide
589 4772 744 4842 progeniem
759 4771 818 4843 eJus
833 4770 861 4826 in
882 4771 960 4827 Actis
978 4787 994 4826 a

198 4859 429 4979 pailiirirnorrni,
444 4910 474 4967 in
489 4912 577 4984 prima
599 4911 810 4968 annuntiatione
823 4911 930 4970 modice
946 4912 994 4967 in-

200 4988 363 5059 terpolatus,
375 4985 453 5066 plura
463 4984 496 5038 ile
506 4983 561 5038 Pan
571 4983 886 5048 natiocnuminiscitur,
896 4984 994 5040 inelins

201 5058 231 5113 in
246 5060 323 5115 Actis
337 5057 403 5129 ipsis
420 5054 543 5126 legenda.
559 5054 589 5109 ln
606 5054 748 5126 ilyonysio
776 5058 831 5110 lure
846 5071 929 5127 pinus
941 5063 992 5112 est.

208 5151 217 5175 ι
234 5132 312 5200 Apud
324 5127 489 5184 Salarninaru
501 5125 640 5180 civitatem
655 5126 751 5197 Cypri,
761 5126 896 5207 depositio
907 5128 993 5184 sancti

202 5197 290 5254 Patris
302 5199 386 5254 nostri
403 5196 752 5270 Epiphiiirii.hlexandi·rni
766 5199 897 5269 episcopi,
909 5207 961 5254 etc.
977 5222 986 5245 ι

202 5268 253 5325 Ubi
274 5271 365 5324 etalii
385 5285 461 5342 nque
479 5278 584 5325 exacta.
615 5268 689 5323 lnior
704 5276 811 5338 crotera,
838 5270 873 5324 de
897 5278 993 5326 rnntno

202 5339 355 5410 Epiphanir
375 5348 402 5395 et
416 5339 606 5412 chrysostomi
622 5338 766 5394 uaticinio.

238 5414 413 5477 Aooicincr,
426 5421 487 5480 post
500 5413 606 5478 clausit,
621 5410 715 5466 addit:
740 5433 749 5456 ι
764 5410 923 5482 Marcianis,
939 5413 993 5469 de-

202 5483 303 5555 positio
313 5489 413 5536 soriche
426 5482 574 5538 bienniis.
590 5507 599 5529 ·

237 5554 473 5617 Direnossu.;·
502 5552 629 5620 Turonis,
654 5552 779 5626 exceptio
813 5553 993 5626 reliquiarum

201 5625 288 5681 sancti
306 5621 431 5679 ilenricii
462 5623 590 5702 martyris
629 5625 710 5691 ilem,
747 5624 882 5706 depositio
905 5627 994 5684 sancti

200 5694 313 5752 hiartini
330 5696 359 5750 iri
378 5708 489 5766 proprio
509 5694 645 5764 sepulcro,
676 5712 739 5753 curn
753 5697 816 5753 aliis
847 5697 992 5771 episcopis,

200 5766 314 5835 brictio,
335 5763 487 5824 Eustachio
500 5771 582 5837 atque
598 5764 729 5838 Gregorio
744 5767 960 5842 llartinopolim.
976 5793 986 5817 ν

1083 4561 1232 4619 Gaurus:
1267 4564 1400 4620 «Eodem
1425 4564 1480 4631 die,
1499 4573 1656 4622 sanctorum
1687 4575 1844 4639 martyrum

1047 4633 1161 4690 ioannis
1187 4633 1315 4701 Achillis,
1333 4634 1461 4692 notioni
1474 4653 1537 4693 cuin
1555 4637 1601 4692 alii
1612 4655 1658 4692 nv.
1671 4637 1751 4706 ltein,
1763 4654 1844 4695 sanc·

1048 4713 1139 4760 torum
1154 4676 1274 4770 (iniriani
1290 4714 1317 4760 et
1329 4705 1452 4762 Maximi.
1470 4730 1479 4753 ·
1497 4708 1582 4765 Solita
1597 4708 1723 4765 confusio
1734 4710 1777 4763 vei
1788 4711 1845 4766 ilis·

1048 4775 1157 4830 tinctio.
1176 4773 1244 4831 Vide
1259 4783 1342 4831 totam
1365 4777 1478 4833 classem
1496 4779 1522 4834 in
1540 4780 1624 4835 neiis.
1666 4805 1675 4827 ι
1704 4780 1843 4850 Treveris,

1048 4844 1184 4917 depositio
1199 4848 1284 4902 saicti
1301 4847 1465 4904 Modowaldi
1477 4851 1598 4922 episcopi
1622 4859 1649 4907 et
1664 4852 1843 4908 contessoris.

1048 4916 1130 4987 Apud
1141 4916 1281 4973 Coloniam
1308 4919 1496 4991 Agrippinam,
1512 4920 1650 4977 ordinatio
1667 4923 1738 4979 beati
1754 4923 1846 4979 Sere-

1048 4987 1113 5048 rini.
1126 4986 1184 5076 eyus
1194 4989 1247 5044 lem
1264 4989 1314 5045 urb
1327 5006 1340 5045 s
1353 4991 1472 5063 episcopi
1487 5001 1514 5047 et
1524 4993 1698 5049 confessoris.
1715 4994 1765 5049 Hic
1777 5010 1845 5051 cnm

1049 5066 1121 5114 esset
1136 5070 1274 5115 nenonuin
1289 5076 1433 5133 episcopus
1447 5073 1474 5118 et
1487 5064 1593 5134 synoio
1616 5071 1773 5119 sanctorum
1789 5066 1846 5120 Pa-

1050 5139 1134 5199 troni,
1150 5143 1260 5219 propter
1281 5132 1468 5201 blasphemum
1501 5135 1641 5191 Euirataiu
1670 5137 1844 5207 episcopum,

1049 5202 1119 5271 apud
1137 5203 1280 5258 boloniani
1296 5211 1521 5275 congregatorum
1551 5206 1711 5271 interesset;
1728 5207 1777 5260 ii¹o
1790 5206 1847 5261 de-

1049 5273 1152 5398 posito,
1164 5274 1289 5328 oninium
1306 5275 1428 5330 unanimi
1445 5292 1580 5331 ciiiiseusu
1595 5279 1627 5332 ail
1646 5278 1764 5349 regimen
1778 5293 1846 5348 prar-

1061 5351 1111 5399 ulae
1125 5345 1247 5400 ecclesiis
1266 5346 1424 5409 assiinritnr,
1447 5349 1627 5417 presentibus
1641 5348 1743 5405 sinclis
1757 5349 1845 5404 Putri-

1048 5414 1100 5472 hns
1114 5415 1266 5472 Matinium
1281 5417 1459 5473 'l'reieniruni
1476 5427 1503 5475 ei
1528 5420 1652 5475 serratio
1666 5420 1845 5490 Tungrorum

1049 5488 1193 5559 episcopis.
1212 5490 1240 5543 ln
1256 5488 1410 5545 Anderleeh
1424 5491 1445 5544 B
1461 5492 1589 5555 absentiae,
1603 5491 1691 5546 ssiicti
1707 5491 1847 5546 Gnidonis

1049 5559 1224 5615 c0.iiessoris.
1246 5583 1254 5605 ·
1277 5562 1385 5616 Colitur
1400 5561 1423 5616 is
1437 5579 1477 5617 rin
1493 5562 1670 5632 Seyitcnibris.
1696 5587 1705 5609 ι
1722 5562 1847 5618 liureio-

1049 5629 1093 5684 uis
1108 5629 1284 5699 monasterio,
1300 5640 1400 5689 sancte
1417 5632 1555 5690 Rictrudis
1573 5632 1701 5703 virgnis.
1718 5656 1728 5679 ι
1750 5634 1848 5691 Potius

1048 5700 1146 5766 cidem
1161 5700 1257 5758 Sermo
1268 5711 1309 5760 est
1321 5703 1356 5759 de
1370 5706 1537 5760 monasterio
1552 5703 1765 5761 biarchianensi.

1084 5771 1194 5832 Mones.
1209 5771 1244 5830 de
1256 5775 1411 5842 sincratio,
1443 5773 1491 5832 sed
1502 5775 1606 5833 litteris
1621 5775 1738 5845 italicis,
1764 5782 1846 5834 textu
