<?xml version="1.0" encoding="UTF-8"?>
<!DOCTYPE html PUBLIC "-//W3C//DTD XHTML 1.0 Transitional//EN"
    "http://www.w3.org/TR/xhtml1/DTD/xhtml1-transitional.dtd">
<html xmlns="http://www.w3.org/1999/xhtml" xml:lang="en" lang="en">
 <head>
  <title>
</title>
<meta http-equiv="Content-Type" content="text/html;charset=utf-8" />
  <meta name='ocr-system' content='tesseract 3.04.00' />
  <meta name='ocr-capabilities' content='ocr_page ocr_carea ocr_par ocr_line ocrx_word'/>
</head>
<body>
  <div class='ocr_page' id='page_1' title='image "./patrologiaecurs76unkngoog_0024.png"; bbox 0 0 3834 6136; ppageno 0'>
   <div class='ocr_carea' id='block_1_1' title="bbox 77 167 1733 245">
    <p class='ocr_par' dir='ltr' id='par_1_1' title="bbox 77 167 1733 245">
     <span class='ocr_line' id='line_1_1' title="bbox 77 167 1733 245; baseline 0.007 -11"><span class='ocrx_word' id='word_1_1' title='bbox 77 170 113 234; x_wconf 79' lang='grc'><strong>37</strong></span> <span class='ocrx_word' id='word_1_2' title='bbox 615 167 931 233; x_wconf 73' lang='lat' dir='ltr'><strong>iruult&#39;ttotoutttll.</strong></span> <span class='ocrx_word' id='word_1_3' title='bbox 952 207 987 217; x_wconf 92' lang='lat'>—</span> <span class='ocrx_word' id='word_1_4' title='bbox 1005 171 1108 234; x_wconf 72' lang='lat' dir='ltr'><strong>biENS.</strong></span> <span class='ocrx_word' id='word_1_5' title='bbox 1130 171 1204 234; x_wconf 85' lang='lat' dir='ltr'><strong>ttAl.</strong></span> <span class='ocrx_word' id='word_1_6' title='bbox 1698 187 1733 245; x_wconf 81' lang='lat'><strong>38</strong></span> 
     </span>
    </p>
   </div>
   <div class='ocr_carea' id='block_1_2' title="bbox 76 295 884 369">
    <p class='ocr_par' dir='ltr' id='par_1_2' title="bbox 76 295 884 369">
     <span class='ocr_line' id='line_1_2' title="bbox 76 295 884 369; baseline -0.002 -11"><span class='ocrx_word' id='word_1_7' title='bbox 76 315 191 364; x_wconf 80' lang='lat' dir='ltr'><strong>samus3</strong></span> <span class='ocrx_word' id='word_1_8' title='bbox 210 312 226 352; x_wconf 92' lang='lat' dir='ltr'><strong>a</strong></span> <span class='ocrx_word' id='word_1_9' title='bbox 239 312 305 369; x_wconf 90' lang='lat' dir='ltr'><strong>quo,</strong></span> <span class='ocrx_word' id='word_1_10' title='bbox 316 295 400 352; x_wconf 87' lang='lat' dir='ltr'><strong>otiam</strong></span> <span class='ocrx_word' id='word_1_11' title='bbox 410 305 529 364; x_wconf 86' lang='lat' dir='ltr'><strong>errante,</strong></span> <span class='ocrx_word' id='word_1_12' title='bbox 539 314 594 354; x_wconf 93' lang='lat' dir='ltr'><strong>non</strong></span> <span class='ocrx_word' id='word_1_13' title='bbox 606 299 783 357; x_wconf 79' lang='lat' dir='ltr'>discedimus.</span> <span class='ocrx_word' id='word_1_14' title='bbox 796 300 884 369; x_wconf 91' lang='lat' dir='ltr'><strong>Adde,</strong></span> 
     </span>
    </p>
   </div>
   <div class='ocr_carea' id='block_1_3' title="bbox 75 366 882 729">
    <p class='ocr_par' dir='ltr' id='par_1_3' title="bbox 75 366 882 729">
     <span class='ocr_line' id='line_1_3' title="bbox 75 366 882 447; baseline -0.001 -19"><span class='ocrx_word' id='word_1_15' title='bbox 75 371 154 447; x_wconf 91' lang='lat' dir='ltr'><strong>quod</strong></span> <span class='ocrx_word' id='word_1_16' title='bbox 172 368 281 425; x_wconf 91' lang='lat' dir='ltr'><strong>Adonis</strong></span> <span class='ocrx_word' id='word_1_17' title='bbox 295 366 416 424; x_wconf 79' lang='lat' dir='ltr'><strong>editores</strong></span> <span class='ocrx_word' id='word_1_18' title='bbox 429 369 496 424; x_wconf 86' lang='lat' dir='ltr'><strong>satis</strong></span> <span class='ocrx_word' id='word_1_19' title='bbox 514 368 599 426; x_wconf 88' lang='lat' dir='ltr'><strong>libere</strong></span> <span class='ocrx_word' id='word_1_20' title='bbox 613 387 725 426; x_wconf 89' lang='lat' dir='ltr'><strong>manum</strong></span> <span class='ocrx_word' id='word_1_21' title='bbox 740 372 882 428; x_wconf 88' lang='lat' dir='ltr'><strong>correctri-</strong></span> 
     </span>
     <span class='ocr_line' id='line_1_4' title="bbox 75 437 882 514; baseline 0 -16"><span class='ocrx_word' id='word_1_22' title='bbox 75 461 137 502; x_wconf 89' lang='lat' dir='ltr'><strong>cem</strong></span> <span class='ocrx_word' id='word_1_23' title='bbox 155 437 348 496; x_wconf 73' lang='lat' dir='ltr'>adhibuerint.</span> <span class='ocrx_word' id='word_1_24' title='bbox 363 439 460 495; x_wconf 88' lang='lat' dir='ltr'><strong>Nescio</strong></span> <span class='ocrx_word' id='word_1_25' title='bbox 476 456 557 512; x_wconf 89' lang='lat' dir='ltr'><strong>quam</strong></span> <span class='ocrx_word' id='word_1_26' title='bbox 568 442 731 514; x_wconf 77' lang='lat' dir='ltr'>elegantiam</span> <span class='ocrx_word' id='word_1_27' title='bbox 743 452 882 499; x_wconf 80' lang='lat' dir='ltr'><strong>sectentur</strong></span> 
     </span>
     <span class='ocr_line' id='line_1_5' title="bbox 75 510 881 584; baseline -0.004 -11"><span class='ocrx_word' id='word_1_28' title='bbox 75 517 200 573; x_wconf 88' lang='lat' dir='ltr'><strong>Greven.</strong></span> <span class='ocrx_word' id='word_1_29' title='bbox 216 519 244 566; x_wconf 93' lang='lat' dir='ltr'><strong>et</strong></span> <span class='ocrx_word' id='word_1_30' title='bbox 256 510 359 566; x_wconf 85' lang='lat' dir='ltr'><strong>idolan.</strong></span> <span class='ocrx_word' id='word_1_31' title='bbox 376 510 442 566; x_wconf 90' lang='lat' dir='ltr'><strong>dnm</strong></span> <span class='ocrx_word' id='word_1_32' title='bbox 457 510 495 566; x_wconf 90' lang='lat' dir='ltr'><strong>ita</strong></span> <span class='ocrx_word' id='word_1_33' title='bbox 519 520 625 568; x_wconf 87' lang='lat' dir='ltr'><strong>textum</strong></span> <span class='ocrx_word' id='word_1_34' title='bbox 650 515 778 571; x_wconf 91' lang='lat' dir='ltr'><strong>variant:</strong></span> <span class='ocrx_word' id='word_1_35' title='bbox 798 515 881 584; x_wconf 81' lang='lat' dir='ltr'><strong>Cujus</strong></span> 
     </span>
     <span class='ocr_line' id='line_1_6' title="bbox 76 581 878 658; baseline -0.002 -14"><span class='ocrx_word' id='word_1_36' title='bbox 76 585 225 658; x_wconf 82' lang='lat' dir='ltr'><strong>Apostolus</strong></span> <span class='ocrx_word' id='word_1_37' title='bbox 253 581 373 636; x_wconf 80' lang='lat' dir='ltr'><strong>meminit</strong></span> <span class='ocrx_word' id='word_1_38' title='bbox 396 582 500 637; x_wconf 83' lang='lat' dir='ltr'><strong>Penius</strong></span> <span class='ocrx_word' id='word_1_39' title='bbox 523 585 558 638; x_wconf 87' lang='lat' dir='ltr'><strong>ed</strong></span> <span class='ocrx_word' id='word_1_40' title='bbox 590 587 722 641; x_wconf 85' lang='lat' dir='ltr'><strong>Borriniios</strong></span> <span class='ocrx_word' id='word_1_41' title='bbox 755 589 878 642; x_wconf 87' lang='lat' dir='ltr'><strong>scriberis.</strong></span> 
     </span>
     <span class='ocr_line' id='line_1_7' title="bbox 77 651 879 729; baseline -0.004 -14"><span class='ocrx_word' id='word_1_42' title='bbox 77 651 295 728; x_wconf 84' lang='lat' dir='ltr'><strong>Antverp.·htaj.</strong></span> <span class='ocrx_word' id='word_1_43' title='bbox 307 651 410 709; x_wconf 90' lang='lat' dir='ltr'><strong>iterum</strong></span> <span class='ocrx_word' id='word_1_44' title='bbox 424 654 540 727; x_wconf 78' lang='lat' dir='ltr'><strong>negligit</strong></span> <span class='ocrx_word' id='word_1_45' title='bbox 554 656 717 728; x_wconf 83' lang='lat' dir='ltr'><strong>particulam</strong></span> <span class='ocrx_word' id='word_1_46' title='bbox 735 665 795 729; x_wconf 87' lang='lat' dir='ltr'><strong>post</strong></span> <span class='ocrx_word' id='word_1_47' title='bbox 810 675 879 714; x_wconf 85' lang='lat' dir='ltr'><strong>orce-</strong></span> 
     </span>
    </p>
   </div>
   <div class='ocr_carea' id='block_1_4' title="bbox 899 299 1731 392">
    <p class='ocr_par' dir='ltr' id='par_1_4' title="bbox 899 299 1731 392">
     <span class='ocr_line' id='line_1_8' title="bbox 899 299 1731 392; baseline 0.019 -39"><span class='ocrx_word' id='word_1_48' title='bbox 899 310 922 370; x_wconf 69' lang='lat' dir='ltr'>A</span> <span class='ocrx_word' id='word_1_49' title='bbox 935 299 1054 371; x_wconf 73' lang='lat' dir='ltr'><strong>piabilis.</strong></span> <span class='ocrx_word' id='word_1_50' title='bbox 1071 300 1176 356; x_wconf 81' lang='lat' dir='ltr'><strong>Rursus</strong></span> <span class='ocrx_word' id='word_1_51' title='bbox 1191 299 1296 372; x_wconf 79' lang='lat' dir='ltr'><strong>prelati</strong></span> <span class='ocrx_word' id='word_1_52' title='bbox 1311 299 1428 358; x_wconf 89' lang='lat' dir='ltr'><strong>Greven.</strong></span> <span class='ocrx_word' id='word_1_53' title='bbox 1447 312 1473 360; x_wconf 91' lang='lat' dir='ltr'><strong>et</strong></span> <span class='ocrx_word' id='word_1_54' title='bbox 1492 307 1593 365; x_wconf 88' lang='lat' dir='ltr'><strong>hiolan.</strong></span> <span class='ocrx_word' id='word_1_55' title='bbox 1605 325 1654 392; x_wconf 93' lang='lat' dir='ltr'><strong>pro</strong></span> <span class='ocrx_word' id='word_1_56' title='bbox 1669 314 1731 368; x_wconf 87' lang='lat' dir='ltr'><strong>oir-</strong></span> 
     </span>
    </p>
   </div>
   <div class='ocr_carea' id='block_1_5' title="bbox 935 370 1731 728">
    <p class='ocr_par' dir='ltr' id='par_1_5' title="bbox 935 370 1731 728">
     <span class='ocr_line' id='line_1_9' title="bbox 937 370 1731 448; baseline 0.02 -23"><span class='ocrx_word' id='word_1_57' title='bbox 937 371 1034 426; x_wconf 80' lang='lat' dir='ltr'><strong>tutibus</strong></span> <span class='ocrx_word' id='word_1_58' title='bbox 1045 371 1191 425; x_wconf 85' lang='lat' dir='ltr'><strong>clarissime</strong></span> <span class='ocrx_word' id='word_1_59' title='bbox 1214 370 1352 440; x_wconf 69' lang='lat' dir='ltr'><strong>fundatus,</strong></span> <span class='ocrx_word' id='word_1_60' title='bbox 1382 376 1451 430; x_wconf 88' lang='lat' dir='ltr'><strong>iiiale</strong></span> <span class='ocrx_word' id='word_1_61' title='bbox 1469 388 1574 448; x_wconf 87' lang='lat' dir='ltr'><strong>ponunt</strong></span> <span class='ocrx_word' id='word_1_62' title='bbox 1591 385 1731 441; x_wconf 83' lang='lat' dir='ltr'><strong>uirtutibus</strong></span> 
     </span>
     <span class='ocr_line' id='line_1_10' title="bbox 935 442 1731 529; baseline 0.019 -32"><span class='ocrx_word' id='word_1_63' title='bbox 935 443 1098 513; x_wconf 71' lang='lat' dir='ltr'><strong>chirificcns.</strong></span> <span class='ocrx_word' id='word_1_64' title='bbox 1116 442 1146 497; x_wconf 94' lang='lat' dir='ltr'><strong>ln</strong></span> <span class='ocrx_word' id='word_1_65' title='bbox 1162 445 1295 514; x_wconf 90' lang='lat' dir='ltr'><strong>Antverp.</strong></span> <span class='ocrx_word' id='word_1_66' title='bbox 1313 444 1416 516; x_wconf 88' lang='lat' dir='ltr'><strong>majore</strong></span> <span class='ocrx_word' id='word_1_67' title='bbox 1431 446 1529 516; x_wconf 84' lang='lat' dir='ltr'><strong>legitur</strong></span> <span class='ocrx_word' id='word_1_68' title='bbox 1543 451 1662 509; x_wconf 80' lang='lat' dir='ltr'><strong>Neznnci</strong></span> <span class='ocrx_word' id='word_1_69' title='bbox 1682 474 1731 529; x_wconf 90' lang='lat' dir='ltr'><strong>pro</strong></span> 
     </span>
     <span class='ocr_line' id='line_1_11' title="bbox 935 514 1731 586; baseline 0.019 -17"><span class='ocrx_word' id='word_1_70' title='bbox 935 514 1068 581; x_wconf 77' lang='lat' dir='ltr'><strong>Noznnii&#39;,</strong></span> <span class='ocrx_word' id='word_1_71' title='bbox 1084 514 1183 569; x_wconf 91' lang='lat' dir='ltr'><strong>melius</strong></span> <span class='ocrx_word' id='word_1_72' title='bbox 1198 515 1258 571; x_wconf 92' lang='lat' dir='ltr'><strong>Ado</strong></span> <span class='ocrx_word' id='word_1_73' title='bbox 1273 516 1416 572; x_wconf 79' lang='lat' dir='ltr'><strong>chziciisi&#39;.</strong></span> <span class='ocrx_word' id='word_1_74' title='bbox 1444 517 1511 573; x_wconf 90' lang='lat' dir='ltr'><strong>item</strong></span> <span class='ocrx_word' id='word_1_75' title='bbox 1538 522 1660 579; x_wconf 83' lang='lat' dir='ltr'><strong>Theodoti</strong></span> <span class='ocrx_word' id='word_1_76' title='bbox 1702 546 1731 586; x_wconf 90' lang='lat' dir='ltr'><strong>ro</strong></span> 
     </span>
     <span class='ocr_line' id='line_1_12' title="bbox 938 585 1729 669; baseline 0.016 -28"><span class='ocrx_word' id='word_1_77' title='bbox 938 587 1081 665; x_wconf 80' lang='lat' dir='ltr'><strong>Tlicoiogi,¹</strong></span> <span class='ocrx_word' id='word_1_78' title='bbox 1095 585 1194 654; x_wconf 83' lang='lat' dir='ltr'><strong>peribit</strong></span> <span class='ocrx_word' id='word_1_79' title='bbox 1217 603 1266 667; x_wconf 92' lang='lat' dir='ltr'><strong>pro</strong></span> <span class='ocrx_word' id='word_1_80' title='bbox 1291 588 1426 658; x_wconf 83' lang='lat' dir='ltr'><strong>perbibet.</strong></span> <span class='ocrx_word' id='word_1_81' title='bbox 1451 589 1555 663; x_wconf 79' lang='lat' dir='ltr'><strong>Scripsi</strong></span> <span class='ocrx_word' id='word_1_82' title='bbox 1583 593 1729 669; x_wconf 72' lang='lat' dir='ltr'><strong>Vindicius,</strong></span> 
     </span>
     <span class='ocr_line' id='line_1_13' title="bbox 935 657 1320 728; baseline 0.003 -15"><span class='ocrx_word' id='word_1_83' title='bbox 935 673 998 713; x_wconf 88' lang='lat' dir='ltr'><strong>cuin</strong></span> <span class='ocrx_word' id='word_1_84' title='bbox 1015 660 1151 728; x_wconf 74' lang='lat' dir='ltr'><strong>pictisque</strong></span> <span class='ocrx_word' id='word_1_85' title='bbox 1166 657 1320 714; x_wconf 83' lang='lat' dir='ltr'><strong>codicibus.</strong></span> 
     </span>
    </p>
   </div>
   <div class='ocr_carea' id='block_1_6' title="bbox 757 779 1058 838">
    <p class='ocr_par' dir='ltr' id='par_1_6' title="bbox 757 779 1058 838">
     <span class='ocr_line' id='line_1_14' title="bbox 757 779 1058 838; baseline -0.01 -1"><span class='ocrx_word' id='word_1_86' title='bbox 757 779 1058 838; x_wconf 80' lang='lat' dir='ltr'><strong>OBSERVATIONES.</strong></span> 
     </span>
    </p>
   </div>
   <div class='ocr_carea' id='block_1_7' title="bbox 78 876 882 1078">
    <p class='ocr_par' dir='ltr' id='par_1_7' title="bbox 78 876 882 1078">
     <span class='ocr_line' id='line_1_15' title="bbox 119 876 882 935; baseline -0.001 0"><span class='ocrx_word' id='word_1_87' title='bbox 119 876 627 935; x_wconf 87' lang='lat' dir='ltr'><strong>Primatextnsnostriannuntiatioita</strong></span> <span class='ocrx_word' id='word_1_88' title='bbox 642 877 752 934; x_wconf 90' lang='lat' dir='ltr'><strong>videtur</strong></span> <span class='ocrx_word' id='word_1_89' title='bbox 766 877 882 934; x_wconf 89' lang='lat' dir='ltr'><strong>Usuardi</strong></span> 
     </span>
     <span class='ocr_line' id='line_1_16' title="bbox 78 947 881 1078; baseline -0.002 -71"><span class='ocrx_word' id='word_1_90' title='bbox 78 953 236 1078; x_wconf 70' lang='lat' dir='ltr'><strong>propriant</strong></span> <span class='ocrx_word' id='word_1_91' title='bbox 247 950 321 1005; x_wconf 90' lang='lat' dir='ltr'><strong>unde</strong></span> <span class='ocrx_word' id='word_1_92' title='bbox 336 964 397 1004; x_wconf 88' lang='lat' dir='ltr'><strong>earn</strong></span> <span class='ocrx_word' id='word_1_93' title='bbox 410 948 554 1019; x_wconf 89' lang='lat' dir='ltr'><strong>acceperit,</strong></span> <span class='ocrx_word' id='word_1_94' title='bbox 565 947 699 1005; x_wconf 88' lang='lat' dir='ltr'><strong>hactenus</strong></span> <span class='ocrx_word' id='word_1_95' title='bbox 708 950 881 1022; x_wconf 85' lang='lat' dir='ltr'><strong>nequiverim</strong></span> 
     </span>
    </p>
   </div>
   <div class='ocr_carea' id='block_1_8' title="bbox 77 1019 882 2160">
    <p class='ocr_par' dir='ltr' id='par_1_8' title="bbox 77 1019 882 2160">
     <span class='ocr_line' id='line_1_17' title="bbox 99 1019 881 1094; baseline -0.001 -17"><span class='ocrx_word' id='word_1_96' title='bbox 99 1021 294 1094; x_wconf 88' lang='lat' dir='ltr'><strong>eprehendere.</strong></span> <span class='ocrx_word' id='word_1_97' title='bbox 314 1019 554 1090; x_wconf 82' lang='lat' dir='ltr'><strong>Constantinopoli,</strong></span> <span class='ocrx_word' id='word_1_98' title='bbox 571 1021 672 1076; x_wconf 81' lang='lat' dir='ltr'><strong>rietatis</strong></span> <span class='ocrx_word' id='word_1_99' title='bbox 685 1023 769 1076; x_wconf 79' lang='lat' dir='ltr'><strong>serviti</strong></span> <span class='ocrx_word' id='word_1_100' title='bbox 788 1025 881 1077; x_wconf 80' lang='lat' dir='ltr'><strong>Timo-</strong></span> 
     </span>
     <span class='ocr_line' id='line_1_18' title="bbox 77 1089 880 1164; baseline -0.001 -15"><span class='ocrx_word' id='word_1_101' title='bbox 77 1096 150 1161; x_wconf 79' lang='lat' dir='ltr'><strong>thei,</strong></span> <span class='ocrx_word' id='word_1_102' title='bbox 162 1092 295 1164; x_wconf 90' lang='lat' dir='ltr'><strong>inquiunt</strong></span> <span class='ocrx_word' id='word_1_103' title='bbox 312 1089 527 1161; x_wconf 79' lang='lat' dir='ltr'><strong>hieronymiana</strong></span> <span class='ocrx_word' id='word_1_104' title='bbox 543 1092 696 1163; x_wconf 87' lang='lat' dir='ltr'><strong>apographa</strong></span> <span class='ocrx_word' id='word_1_105' title='bbox 713 1111 718 1147; x_wconf 94' lang='lat'><strong>:</strong></span> <span class='ocrx_word' id='word_1_106' title='bbox 740 1094 828 1148; x_wconf 88' lang='lat' dir='ltr'><strong>lucem</strong></span> <span class='ocrx_word' id='word_1_107' title='bbox 842 1092 880 1148; x_wconf 84' lang='lat' dir='ltr'><strong>ai·</strong></span> 
     </span>
     <span class='ocr_line' id='line_1_19' title="bbox 77 1161 881 1234; baseline -0.002 -14"><span class='ocrx_word' id='word_1_108' title='bbox 77 1168 131 1221; x_wconf 90' lang='lat' dir='ltr'><strong>tert</strong></span> <span class='ocrx_word' id='word_1_109' title='bbox 147 1163 324 1228; x_wconf 81' lang='lat' dir='ltr'><strong>Viennensis,</strong></span> <span class='ocrx_word' id='word_1_110' title='bbox 336 1162 403 1217; x_wconf 90' lang='lat' dir='ltr'><strong>dum</strong></span> <span class='ocrx_word' id='word_1_111' title='bbox 419 1161 496 1217; x_wconf 88' lang='lat' dir='ltr'><strong>addit</strong></span> <span class='ocrx_word' id='word_1_112' title='bbox 512 1179 518 1216; x_wconf 77' lang='grc' dir='ltr'><em>ι</em></span> <span class='ocrx_word' id='word_1_113' title='bbox 536 1163 647 1229; x_wconf 79' lang='lat' dir='ltr'><strong>Quando</strong></span> <span class='ocrx_word' id='word_1_114' title='bbox 662 1164 694 1218; x_wconf 86' lang='lat' dir='ltr'><strong>ch</strong></span> <span class='ocrx_word' id='word_1_115' title='bbox 709 1165 812 1234; x_wconf 79' lang='lat' dir='ltr'><strong>Epheso</strong></span> <span class='ocrx_word' id='word_1_116' title='bbox 824 1163 881 1232; x_wconf 74' lang='lat' dir='ltr'><strong>eius</strong></span> 
     </span>
     <span class='ocr_line' id='line_1_20' title="bbox 79 1232 881 1291; baseline -0.001 0"><span class='ocrx_word' id='word_1_117' title='bbox 79 1254 158 1291; x_wconf 85' lang='lat' dir='ltr'><strong>socru</strong></span> <span class='ocrx_word' id='word_1_118' title='bbox 178 1253 239 1290; x_wconf 85' lang='lat' dir='ltr'><strong>ossa</strong></span> <span class='ocrx_word' id='word_1_119' title='bbox 254 1236 342 1289; x_wconf 84' lang='lat' dir='ltr'><strong>deictis</strong></span> <span class='ocrx_word' id='word_1_120' title='bbox 357 1239 428 1288; x_wconf 86' lang='lat' dir='ltr'><strong>simt.</strong></span> <span class='ocrx_word' id='word_1_121' title='bbox 454 1232 526 1288; x_wconf 90' lang='lat' dir='ltr'><strong>ilinc</strong></span> <span class='ocrx_word' id='word_1_122' title='bbox 548 1233 661 1290; x_wconf 83' lang='lat' dir='ltr'><strong>brevius</strong></span> <span class='ocrx_word' id='word_1_123' title='bbox 681 1237 881 1290; x_wconf 83' lang='lat' dir='ltr'><strong>translationem</strong></span> 
     </span>
     <span class='ocr_line' id='line_1_21' title="bbox 82 1304 880 1377; baseline -0.003 -13"><span class='ocrx_word' id='word_1_124' title='bbox 82 1307 222 1364; x_wconf 82' lang='lat' dir='ltr'><strong>Ti&#39;iuctiuei</strong></span> <span class='ocrx_word' id='word_1_125' title='bbox 235 1305 391 1372; x_wconf 87' lang='lat' dir='ltr'><strong>substituit,</strong></span> <span class='ocrx_word' id='word_1_126' title='bbox 401 1304 449 1377; x_wconf 90' lang='lat' dir='ltr'><strong>qui</strong></span> <span class='ocrx_word' id='word_1_127' title='bbox 461 1304 586 1360; x_wconf 83' lang='lat' dir='ltr'><strong>Adonem</strong></span> <span class='ocrx_word' id='word_1_128' title='bbox 597 1306 715 1375; x_wconf 88' lang='lat' dir='ltr'><strong>pressius</strong></span> <span class='ocrx_word' id='word_1_129' title='bbox 725 1323 831 1377; x_wconf 89' lang='lat' dir='ltr'><strong>semper</strong></span> <span class='ocrx_word' id='word_1_130' title='bbox 841 1323 880 1362; x_wconf 89' lang='lat' dir='ltr'><strong>se·</strong></span> 
     </span>
     <span class='ocr_line' id='line_1_22' title="bbox 78 1376 882 1453; baseline -0.002 -18"><span class='ocrx_word' id='word_1_131' title='bbox 78 1380 185 1453; x_wconf 89' lang='lat' dir='ltr'><strong>quitur,</strong></span> <span class='ocrx_word' id='word_1_132' title='bbox 197 1377 346 1434; x_wconf 82' lang='lat' dir='ltr'><strong>Notkerus.</strong></span> <span class='ocrx_word' id='word_1_133' title='bbox 363 1377 402 1431; x_wconf 91' lang='lat' dir='ltr'><strong>Be</strong></span> <span class='ocrx_word' id='word_1_134' title='bbox 418 1376 474 1448; x_wconf 88' lang='lat' dir='ltr'><strong>pari</strong></span> <span class='ocrx_word' id='word_1_135' title='bbox 490 1376 605 1431; x_wconf 76' lang='lat' dir='ltr'><strong>Andreae</strong></span> <span class='ocrx_word' id='word_1_136' title='bbox 618 1385 646 1432; x_wconf 91' lang='lat' dir='ltr'><strong>ct</strong></span> <span class='ocrx_word' id='word_1_137' title='bbox 669 1379 747 1433; x_wconf 81' lang='lat' dir='ltr'><strong>Luce</strong></span> <span class='ocrx_word' id='word_1_138' title='bbox 768 1378 882 1433; x_wconf 84' lang='lat' dir='ltr'><strong>festivi-</strong></span> 
     </span>
     <span class='ocr_line' id='line_1_23' title="bbox 79 1446 881 1519; baseline -0.001 -13"><span class='ocrx_word' id='word_1_139' title='bbox 79 1459 146 1518; x_wconf 89' lang='lat' dir='ltr'><strong>tate,</strong></span> <span class='ocrx_word' id='word_1_140' title='bbox 163 1450 258 1504; x_wconf 89' lang='lat' dir='ltr'><strong>nuilus</strong></span> <span class='ocrx_word' id='word_1_141' title='bbox 273 1455 336 1504; x_wconf 86' lang='lat' dir='ltr'><strong>ante</strong></span> <span class='ocrx_word' id='word_1_142' title='bbox 352 1446 516 1514; x_wconf 90' lang='lat' dir='ltr'><strong>Usuardum‚</strong></span> <span class='ocrx_word' id='word_1_143' title='bbox 539 1446 613 1519; x_wconf 91' lang='lat' dir='ltr'><strong>quod</strong></span> <span class='ocrx_word' id='word_1_144' title='bbox 640 1449 734 1517; x_wconf 90' lang='lat' dir='ltr'><strong>sciam,</strong></span> <span class='ocrx_word' id='word_1_145' title='bbox 759 1449 811 1505; x_wconf 85' lang='lat' dir='ltr'><strong>linc</strong></span> <span class='ocrx_word' id='word_1_146' title='bbox 836 1449 881 1506; x_wconf 90' lang='lat' dir='ltr'><strong>die</strong></span> 
     </span>
     <span class='ocr_line' id='line_1_24' title="bbox 78 1517 881 1589; baseline 0 -13"><span class='ocrx_word' id='word_1_147' title='bbox 78 1521 218 1576; x_wconf 89' lang='lat' dir='ltr'><strong>meminit.</strong></span> <span class='ocrx_word' id='word_1_148' title='bbox 245 1520 356 1575; x_wconf 91' lang='lat' dir='ltr'><strong>Utinam</strong></span> <span class='ocrx_word' id='word_1_149' title='bbox 382 1517 492 1574; x_wconf 81' lang='lat' dir='ltr'><strong>felicius</strong></span> <span class='ocrx_word' id='word_1_150' title='bbox 509 1518 535 1573; x_wconf 94' lang='lat' dir='ltr'><strong>id</strong></span> <span class='ocrx_word' id='word_1_151' title='bbox 552 1519 741 1589; x_wconf 76' lang='lat' dir='ltr'><strong>prestitissetl</strong></span> <span class='ocrx_word' id='word_1_152' title='bbox 768 1520 881 1576; x_wconf 84' lang='lat' dir='ltr'><strong>Constat</strong></span> 
     </span>
     <span class='ocr_line' id='line_1_25' title="bbox 81 1590 880 1660; baseline -0.003 -12"><span class='ocrx_word' id='word_1_153' title='bbox 81 1594 159 1648; x_wconf 91' lang='lat' dir='ltr'><strong>enim</strong></span> <span class='ocrx_word' id='word_1_154' title='bbox 172 1593 256 1647; x_wconf 89' lang='lat' dir='ltr'><strong>trium</strong></span> <span class='ocrx_word' id='word_1_155' title='bbox 269 1590 382 1645; x_wconf 88' lang='lat' dir='ltr'><strong>illorum</strong></span> <span class='ocrx_word' id='word_1_156' title='bbox 399 1590 584 1660; x_wconf 90' lang='lat' dir='ltr'><strong>apostolorum</strong></span> <span class='ocrx_word' id='word_1_157' title='bbox 600 1590 808 1646; x_wconf 81' lang='lat' dir='ltr'><strong>translationem</strong></span> <span class='ocrx_word' id='word_1_158' title='bbox 825 1607 880 1647; x_wconf 91' lang='lat' dir='ltr'><strong>non</strong></span> 
     </span>
     <span class='ocr_line' id='line_1_26' title="bbox 80 1659 880 1734; baseline -0.004 -15"><span class='ocrx_word' id='word_1_159' title='bbox 80 1664 154 1719; x_wconf 89' lang='lat' dir='ltr'><strong>hene</strong></span> <span class='ocrx_word' id='word_1_160' title='bbox 168 1661 302 1728; x_wconf 88' lang='lat' dir='ltr'><strong>connecti,</strong></span> <span class='ocrx_word' id='word_1_161' title='bbox 318 1659 398 1732; x_wconf 83' lang='lat' dir='ltr'><strong>pejus</strong></span> <span class='ocrx_word' id='word_1_162' title='bbox 422 1660 456 1716; x_wconf 91' lang='lat' dir='ltr'><strong>ab</strong></span> <span class='ocrx_word' id='word_1_163' title='bbox 479 1660 551 1716; x_wconf 88' lang='lat' dir='ltr'><strong>idcni</strong></span> <span class='ocrx_word' id='word_1_164' title='bbox 580 1668 697 1734; x_wconf 89' lang='lat' dir='ltr'><strong>tenipus,</strong></span> <span class='ocrx_word' id='word_1_165' title='bbox 717 1664 832 1733; x_wconf 90' lang='lat' dir='ltr'><strong>pessime</strong></span> <span class='ocrx_word' id='word_1_166' title='bbox 846 1662 880 1717; x_wconf 88' lang='lat' dir='ltr'><strong>ad</strong></span> 
     </span>
     <span class='ocr_line' id='line_1_27' title="bbox 80 1731 879 1803; baseline 0.001 -14"><span class='ocrx_word' id='word_1_167' title='bbox 80 1734 207 1790; x_wconf 78' lang='lat' dir='ltr'><strong>enuidens</strong></span> <span class='ocrx_word' id='word_1_168' title='bbox 220 1733 305 1800; x_wconf 91' lang='lat' dir='ltr'><strong>diem,</strong></span> <span class='ocrx_word' id='word_1_169' title='bbox 321 1739 349 1786; x_wconf 89' lang='lat' dir='ltr'><strong>et</strong></span> <span class='ocrx_word' id='word_1_170' title='bbox 361 1731 511 1803; x_wconf 86' lang='lat' dir='ltr'><strong>praesertim</strong></span> <span class='ocrx_word' id='word_1_171' title='bbox 527 1731 600 1788; x_wconf 90' lang='lat' dir='ltr'><strong>huno</strong></span> <span class='ocrx_word' id='word_1_172' title='bbox 615 1750 643 1787; x_wconf 86' lang='lat' dir='ltr'><strong>rx</strong></span> <span class='ocrx_word' id='word_1_173' title='bbox 667 1733 730 1788; x_wconf 86' lang='lat' dir='ltr'><strong>Maii</strong></span> <span class='ocrx_word' id='word_1_174' title='bbox 746 1733 879 1790; x_wconf 89' lang='lat' dir='ltr'><strong>revocari.</strong></span> 
     </span>
     <span class='ocr_line' id='line_1_28' title="bbox 78 1802 881 1875; baseline 0.001 -15"><span class='ocrx_word' id='word_1_175' title='bbox 78 1805 156 1873; x_wconf 84' lang='lat' dir='ltr'><strong>Quod</strong></span> <span class='ocrx_word' id='word_1_176' title='bbox 171 1812 263 1859; x_wconf 91' lang='lat' dir='ltr'><strong>autem</strong></span> <span class='ocrx_word' id='word_1_177' title='bbox 278 1818 353 1858; x_wconf 90' lang='lat' dir='ltr'><strong>anno</strong></span> <span class='ocrx_word' id='word_1_178' title='bbox 367 1819 456 1875; x_wconf 91' lang='lat' dir='ltr'><strong>quove</strong></span> <span class='ocrx_word' id='word_1_179' title='bbox 466 1802 511 1859; x_wconf 92' lang='lat' dir='ltr'><strong>die</strong></span> <span class='ocrx_word' id='word_1_180' title='bbox 520 1804 633 1858; x_wconf 83' lang='lat' dir='ltr'><strong>Andreie</strong></span> <span class='ocrx_word' id='word_1_181' title='bbox 643 1811 670 1858; x_wconf 94' lang='lat' dir='ltr'><strong>et</strong></span> <span class='ocrx_word' id='word_1_182' title='bbox 680 1805 758 1859; x_wconf 78' lang='lat' dir='ltr'><strong>Licere</strong></span> <span class='ocrx_word' id='word_1_183' title='bbox 767 1821 881 1875; x_wconf 84' lang='lat' dir='ltr'><strong>corpore</strong></span> 
     </span>
     <span class='ocr_line' id='line_1_29' title="bbox 79 1874 881 1948; baseline -0.004 -14"><span class='ocrx_word' id='word_1_184' title='bbox 79 1874 429 1946; x_wconf 87' lang='lat' dir='ltr'><strong>Constantinopolim,iude</strong></span> <span class='ocrx_word' id='word_1_185' title='bbox 437 1875 490 1929; x_wconf 85' lang='lat' dir='ltr'><strong>alio</strong></span> <span class='ocrx_word' id='word_1_186' title='bbox 498 1874 588 1930; x_wconf 88' lang='lat' dir='ltr'><strong>delata</strong></span> <span class='ocrx_word' id='word_1_187' title='bbox 607 1875 673 1942; x_wconf 88' lang='lat' dir='ltr'><strong>sint,</strong></span> <span class='ocrx_word' id='word_1_188' title='bbox 685 1877 802 1948; x_wconf 91' lang='lat' dir='ltr'><strong>propriis</strong></span> <span class='ocrx_word' id='word_1_189' title='bbox 813 1876 881 1932; x_wconf 91' lang='lat' dir='ltr'><strong>locis</strong></span> 
     </span>
     <span class='ocr_line' id='line_1_30' title="bbox 78 1945 882 2028; baseline 0 -25"><span class='ocrx_word' id='word_1_190' title='bbox 78 1947 286 2003; x_wconf 88' lang='lat' dir='ltr'><strong>discutiendum</strong></span> <span class='ocrx_word' id='word_1_191' title='bbox 303 1948 365 2002; x_wconf 89' lang='lat' dir='ltr'><strong>erit.</strong></span> <span class='ocrx_word' id='word_1_192' title='bbox 379 1945 478 2003; x_wconf 89' lang='lat' dir='ltr'><strong>Videat</strong></span> <span class='ocrx_word' id='word_1_193' title='bbox 493 1945 605 2001; x_wconf 89' lang='lat' dir='ltr'><strong>interim</strong></span> <span class='ocrx_word' id='word_1_194' title='bbox 619 1948 715 2014; x_wconf 91' lang='lat' dir='ltr'><strong>lector,</strong></span> <span class='ocrx_word' id='word_1_195' title='bbox 732 1963 792 2028; x_wconf 82' lang='lat' dir='ltr'><strong>quae</strong></span> <span class='ocrx_word' id='word_1_196' title='bbox 808 1948 882 2003; x_wconf 88' lang='lat' dir='ltr'><strong>dicta</strong></span> 
     </span>
     <span class='ocr_line' id='line_1_31' title="bbox 78 2016 881 2090; baseline -0.001 -15"><span class='ocrx_word' id='word_1_197' title='bbox 78 2027 143 2075; x_wconf 92' lang='lat' dir='ltr'><strong>sunt</strong></span> <span class='ocrx_word' id='word_1_198' title='bbox 159 2036 229 2074; x_wconf 78' lang='lat' dir='ltr'><strong>xxiv</strong></span> <span class='ocrx_word' id='word_1_199' title='bbox 243 2016 368 2074; x_wconf 82' lang='lat' dir='ltr'><strong>ianuarii</strong></span> <span class='ocrx_word' id='word_1_200' title='bbox 385 2016 414 2071; x_wconf 91' lang='lat' dir='ltr'><strong>in</strong></span> <span class='ocrx_word' id='word_1_201' title='bbox 430 2016 635 2074; x_wconf 84' lang='lat' dir='ltr'><strong>Commentario</strong></span> <span class='ocrx_word' id='word_1_202' title='bbox 661 2035 765 2090; x_wconf 71' lang='lat' dir='ltr'><strong>praevio</strong></span> <span class='ocrx_word' id='word_1_203' title='bbox 782 2017 795 2088; x_wconf 65' lang='grc' dir='ltr'>ξ</span> <span class='ocrx_word' id='word_1_204' title='bbox 810 2018 836 2084; x_wconf 84' lang='grc'><strong>3,</strong></span> <span class='ocrx_word' id='word_1_205' title='bbox 854 2025 881 2074; x_wconf 90' lang='lat' dir='ltr'><strong>et</strong></span> 
     </span>
     <span class='ocr_line' id='line_1_32' title="bbox 78 2088 880 2160; baseline -0.005 -11"><span class='ocrx_word' id='word_1_206' title='bbox 78 2091 268 2149; x_wconf 76' lang='lat' dir='ltr'><strong>Castellanum</strong></span> <span class='ocrx_word' id='word_1_207' title='bbox 291 2088 329 2144; x_wconf 93' lang='lat' dir='ltr'><strong>ibi</strong></span> <span class='ocrx_word' id='word_1_208' title='bbox 355 2105 415 2160; x_wconf 90' lang='lat' dir='ltr'><strong>pag.</strong></span> <span class='ocrx_word' id='word_1_209' title='bbox 441 2088 503 2156; x_wconf 79' lang='lat' dir='ltr'><strong>tel,</strong></span> <span class='ocrx_word' id='word_1_210' title='bbox 532 2090 597 2144; x_wconf 92' lang='lat' dir='ltr'><strong>item</strong></span> <span class='ocrx_word' id='word_1_211' title='bbox 612 2090 761 2144; x_wconf 83' lang='lat' dir='ltr'><strong>Beronium</strong></span> <span class='ocrx_word' id='word_1_212' title='bbox 777 2099 804 2145; x_wconf 90' lang='lat' dir='ltr'><strong>et</strong></span> <span class='ocrx_word' id='word_1_213' title='bbox 820 2091 880 2145; x_wconf 82' lang='lat' dir='ltr'><strong>tlo-</strong></span> 
     </span>
    </p>
   </div>
   <div class='ocr_carea' id='block_1_9' title="bbox 935 878 1734 2166">
    <p class='ocr_par' dir='ltr' id='par_1_9' title="bbox 935 878 1734 2166">
     <span class='ocr_line' id='line_1_33' title="bbox 937 878 1659 946; baseline 0.019 -14"><span class='ocrx_word' id='word_1_214' title='bbox 937 886 989 944; x_wconf 91' lang='lat' dir='ltr'><strong>tos,</strong></span> <span class='ocrx_word' id='word_1_215' title='bbox 1018 878 1142 933; x_wconf 86' lang='lat' dir='ltr'><strong>consulat</strong></span> <span class='ocrx_word' id='word_1_216' title='bbox 1166 879 1290 935; x_wconf 91' lang='lat' dir='ltr'><strong>curiosus</strong></span> <span class='ocrx_word' id='word_1_217' title='bbox 1304 881 1390 937; x_wconf 87' lang='lat' dir='ltr'><strong>lector</strong></span> <span class='ocrx_word' id='word_1_218' title='bbox 1415 882 1487 940; x_wconf 87' lang='lat' dir='ltr'><strong>Satis</strong></span> <span class='ocrx_word' id='word_1_219' title='bbox 1501 885 1535 941; x_wconf 87' lang='lat' dir='ltr'><strong>de</strong></span> <span class='ocrx_word' id='word_1_220' title='bbox 1550 888 1659 946; x_wconf 86' lang='lat' dir='ltr'><strong>Herma.</strong></span> 
     </span>
     <span class='ocr_line' id='line_1_34' title="bbox 972 949 1733 1023; baseline 0.025 -20"><span class='ocrx_word' id='word_1_221' title='bbox 972 949 1171 1004; x_wconf 76' lang='lat' dir='ltr'><strong>Niiziuuieriiun</strong></span> <span class='ocrx_word' id='word_1_222' title='bbox 1199 953 1356 1020; x_wconf 80' lang='lat' dir='ltr'><strong>Gregoriuui</strong></span> <span class='ocrx_word' id='word_1_223' title='bbox 1379 955 1461 1010; x_wconf 83' lang='lat' dir='ltr'><strong>variis</strong></span> <span class='ocrx_word' id='word_1_224' title='bbox 1485 957 1582 1014; x_wconf 88' lang='lat' dir='ltr'><strong>diebus</strong></span> <span class='ocrx_word' id='word_1_225' title='bbox 1600 977 1616 1016; x_wconf 88' lang='lat' dir='ltr'><strong>a</strong></span> <span class='ocrx_word' id='word_1_226' title='bbox 1631 963 1733 1023; x_wconf 76' lang='lat' dir='ltr'><strong>Graecis</strong></span> 
     </span>
     <span class='ocr_line' id='line_1_35' title="bbox 936 1020 1733 1096; baseline 0.021 -23"><span class='ocrx_word' id='word_1_227' title='bbox 936 1020 1052 1091; x_wconf 90' lang='lat' dir='ltr'><strong>aliisque</strong></span> <span class='ocrx_word' id='word_1_228' title='bbox 1070 1022 1196 1087; x_wconf 86' lang='lat' dir='ltr'><strong>relatum,</strong></span> <span class='ocrx_word' id='word_1_229' title='bbox 1209 1023 1425 1094; x_wconf 87' lang='lat' dir='ltr'><strong>primushocdic</strong></span> <span class='ocrx_word' id='word_1_230' title='bbox 1439 1027 1558 1096; x_wconf 86' lang='lat' dir='ltr'><strong>signavit</strong></span> <span class='ocrx_word' id='word_1_231' title='bbox 1569 1044 1664 1088; x_wconf 85' lang='lat' dir='ltr'><strong>auctor</strong></span> <span class='ocrx_word' id='word_1_232' title='bbox 1674 1037 1733 1092; x_wconf 90' lang='lat' dir='ltr'><strong>llo-</strong></span> 
     </span>
     <span class='ocr_line' id='line_1_36' title="bbox 936 1092 1731 1220; baseline 0.024 -76"><span class='ocrx_word' id='word_1_233' title='bbox 936 1092 1009 1144; x_wconf 85' lang='lat' dir='ltr'><strong>iuaui</strong></span> <span class='ocrx_word' id='word_1_234' title='bbox 1024 1093 1111 1163; x_wconf 86' lang='lat' dir='ltr'><strong>parvi,</strong></span> <span class='ocrx_word' id='word_1_235' title='bbox 1127 1103 1278 1220; x_wconf 79' lang='lat' dir='ltr'><strong>sumptum,</strong></span> <span class='ocrx_word' id='word_1_236' title='bbox 1298 1096 1350 1150; x_wconf 86' lang='lat' dir='ltr'><strong>nisi</strong></span> <span class='ocrx_word' id='word_1_237' title='bbox 1373 1096 1462 1166; x_wconf 82' lang='lat' dir='ltr'><strong>fallor,</strong></span> <span class='ocrx_word' id='word_1_238' title='bbox 1478 1116 1512 1154; x_wconf 84' lang='lat' dir='ltr'><strong>ex</strong></span> <span class='ocrx_word' id='word_1_239' title='bbox 1526 1102 1619 1157; x_wconf 85' lang='lat' dir='ltr'><strong>Ruliui</strong></span> <span class='ocrx_word' id='word_1_240' title='bbox 1629 1104 1677 1161; x_wconf 90' lang='lat' dir='ltr'><strong>lib.</strong></span> <span class='ocrx_word' id='word_1_241' title='bbox 1699 1123 1731 1176; x_wconf 91' lang='lat' dir='ltr'><strong>rt,</strong></span> 
     </span>
     <span class='ocr_line' id='line_1_37' title="bbox 936 1163 1731 1249; baseline 0.021 -33"><span class='ocrx_word' id='word_1_242' title='bbox 936 1179 995 1232; x_wconf 86' lang='lat' dir='ltr'><strong>cap.</strong></span> <span class='ocrx_word' id='word_1_243' title='bbox 1007 1163 1033 1218; x_wconf 86' lang='lat'><strong>9.</strong></span> <span class='ocrx_word' id='word_1_244' title='bbox 1051 1163 1111 1244; x_wconf 85' lang='lat' dir='ltr'><strong>Ado</strong></span> <span class='ocrx_word' id='word_1_245' title='bbox 1126 1180 1159 1218; x_wconf 91' lang='lat' dir='ltr'><strong>ex</strong></span> <span class='ocrx_word' id='word_1_246' title='bbox 1175 1165 1183 1219; x_wconf 94' lang='lat' dir='ltr'><strong>i</strong></span> <span class='ocrx_word' id='word_1_247' title='bbox 1198 1166 1224 1221; x_wconf 93' lang='lat' dir='ltr'><strong>lo</strong></span> <span class='ocrx_word' id='word_1_248' title='bbox 1239 1183 1339 1222; x_wconf 92' lang='lat' dir='ltr'><strong>nomen</strong></span> <span class='ocrx_word' id='word_1_249' title='bbox 1352 1170 1467 1240; x_wconf 89' lang='lat' dir='ltr'><strong>accepit,</strong></span> <span class='ocrx_word' id='word_1_250' title='bbox 1480 1188 1514 1226; x_wconf 88' lang='lat' dir='ltr'><strong>ex</strong></span> <span class='ocrx_word' id='word_1_251' title='bbox 1526 1172 1577 1229; x_wconf 91' lang='lat' dir='ltr'><strong>hoc</strong></span> <span class='ocrx_word' id='word_1_252' title='bbox 1592 1177 1731 1249; x_wconf 73' lang='lat' dir='ltr'><strong>aregium</strong></span> 
     </span>
     <span class='ocr_line' id='line_1_38' title="bbox 935 1193 1731 1306; baseline 0.02 -18"><span class='ocrx_word' id='word_1_253' title='bbox 935 1249 1016 1288; x_wconf 84' lang='lat' dir='ltr'><strong>strum</strong></span> <span class='ocrx_word' id='word_1_254' title='bbox 1031 1235 1151 1304; x_wconf 87' lang='lat' dir='ltr'><strong>elogium</strong></span> <span class='ocrx_word' id='word_1_255' title='bbox 1166 1239 1353 1306; x_wconf 86' lang='lat' dir='ltr'><strong>concinnavit,</strong></span> <span class='ocrx_word' id='word_1_256' title='bbox 1366 1240 1510 1297; x_wconf 83' lang='lat' dir='ltr'><strong>aNotltero</strong></span> <span class='ocrx_word' id='word_1_257' title='bbox 1524 1193 1652 1301; x_wconf 71' lang='lat' dir='ltr'><strong>noniiiiiil</strong></span> <span class='ocrx_word' id='word_1_258' title='bbox 1668 1265 1731 1303; x_wconf 89' lang='lat' dir='ltr'><strong>con·</strong></span> 
     </span>
     <span class='ocr_line' id='line_1_39' title="bbox 936 1310 1730 1388; baseline 0.02 -29"><span class='ocrx_word' id='word_1_259' title='bbox 936 1312 1064 1386; x_wconf 84' lang='lat' dir='ltr'><strong>tractum,</strong></span> <span class='ocrx_word' id='word_1_260' title='bbox 1080 1321 1179 1378; x_wconf 81' lang='lat' dir='ltr'><strong>exque</strong></span> <span class='ocrx_word' id='word_1_261' title='bbox 1195 1310 1311 1380; x_wconf 86' lang='lat' dir='ltr'><strong>paucula</strong></span> <span class='ocrx_word' id='word_1_262' title='bbox 1333 1311 1367 1366; x_wconf 86' lang='lat' dir='ltr'><strong>ab</strong></span> <span class='ocrx_word' id='word_1_263' title='bbox 1389 1311 1487 1367; x_wconf 84' lang='lat' dir='ltr'><strong>Nostro</strong></span> <span class='ocrx_word' id='word_1_264' title='bbox 1510 1315 1637 1388; x_wconf 87' lang='lat' dir='ltr'><strong>decerpta</strong></span> <span class='ocrx_word' id='word_1_265' title='bbox 1654 1327 1730 1386; x_wconf 90' lang='lat' dir='ltr'><strong>suut,</strong></span> 
     </span>
     <span class='ocr_line' id='line_1_40' title="bbox 936 1379 1732 1457; baseline 0.021 -28"><span class='ocrx_word' id='word_1_266' title='bbox 936 1392 996 1457; x_wconf 77' lang='lat' dir='ltr'><strong>qnae</strong></span> <span class='ocrx_word' id='word_1_267' title='bbox 1011 1392 1038 1430; x_wconf 93' lang='lat' dir='ltr'><strong>m</strong></span> <span class='ocrx_word' id='word_1_268' title='bbox 1052 1379 1183 1433; x_wconf 87' lang='lat' dir='ltr'><strong>laterculo</strong></span> <span class='ocrx_word' id='word_1_269' title='bbox 1209 1388 1359 1450; x_wconf 87' lang='lat' dir='ltr'><strong>ponuntur.</strong></span> <span class='ocrx_word' id='word_1_270' title='bbox 1382 1384 1421 1437; x_wconf 91' lang='lat' dir='ltr'><strong>De</strong></span> <span class='ocrx_word' id='word_1_271' title='bbox 1444 1385 1620 1457; x_wconf 83' lang='lat' dir='ltr'><strong>inclytissimi</strong></span> <span class='ocrx_word' id='word_1_272' title='bbox 1644 1390 1732 1446; x_wconf 90' lang='lat' dir='ltr'><strong>Patris</strong></span> 
     </span>
     <span class='ocr_line' id='line_1_41' title="bbox 936 1447 1732 1522; baseline 0.023 -22"><span class='ocrx_word' id='word_1_273' title='bbox 936 1454 993 1501; x_wconf 90' lang='lat' dir='ltr'><strong>vita</strong></span> <span class='ocrx_word' id='word_1_274' title='bbox 1008 1455 1034 1501; x_wconf 87' lang='lat' dir='ltr'><strong>et</strong></span> <span class='ocrx_word' id='word_1_275' title='bbox 1049 1447 1129 1502; x_wconf 90' lang='lat' dir='ltr'><strong>rebus</strong></span> <span class='ocrx_word' id='word_1_276' title='bbox 1142 1450 1233 1517; x_wconf 87' lang='lat' dir='ltr'><strong>gestis,</strong></span> <span class='ocrx_word' id='word_1_277' title='bbox 1250 1450 1309 1506; x_wconf 88' lang='lat' dir='ltr'><strong>inse</strong></span> <span class='ocrx_word' id='word_1_278' title='bbox 1325 1460 1383 1522; x_wconf 90' lang='lat' dir='ltr'><strong>post</strong></span> <span class='ocrx_word' id='word_1_279' title='bbox 1395 1454 1542 1511; x_wconf 89' lang='lat' dir='ltr'><strong>Baroninm</strong></span> <span class='ocrx_word' id='word_1_280' title='bbox 1558 1466 1585 1512; x_wconf 93' lang='lat' dir='ltr'><strong>et</strong></span> <span class='ocrx_word' id='word_1_281' title='bbox 1601 1460 1732 1518; x_wconf 86' lang='lat' dir='ltr'><strong>Herman-</strong></span> 
     </span>
     <span class='ocr_line' id='line_1_42' title="bbox 936 1518 1732 1604; baseline 0.021 -33"><span class='ocrx_word' id='word_1_282' title='bbox 936 1518 1033 1572; x_wconf 87' lang='lat' dir='ltr'><strong>tiunia</strong></span> <span class='ocrx_word' id='word_1_283' title='bbox 1052 1518 1237 1589; x_wconf 76' lang='lat' dir='ltr'><strong>papebrochio</strong></span> <span class='ocrx_word' id='word_1_284' title='bbox 1258 1528 1347 1576; x_wconf 90' lang='lat' dir='ltr'><strong>actum</strong></span> <span class='ocrx_word' id='word_1_285' title='bbox 1371 1531 1430 1588; x_wconf 89' lang='lat' dir='ltr'><strong>est;</strong></span> <span class='ocrx_word' id='word_1_286' title='bbox 1456 1541 1505 1581; x_wconf 89' lang='lat' dir='ltr'><strong>nec</strong></span> <span class='ocrx_word' id='word_1_287' title='bbox 1527 1531 1618 1584; x_wconf 91' lang='lat' dir='ltr'><strong>minus</strong></span> <span class='ocrx_word' id='word_1_288' title='bbox 1641 1532 1732 1604; x_wconf 86' lang='lat' dir='ltr'><strong>aiiipla</strong></span> 
     </span>
     <span class='ocr_line' id='line_1_43' title="bbox 935 1589 1733 1668; baseline 0.023 -27"><span class='ocrx_word' id='word_1_289' title='bbox 935 1596 1009 1654; x_wconf 89' lang='lat' dir='ltr'><strong>sunt,</strong></span> <span class='ocrx_word' id='word_1_290' title='bbox 1027 1604 1086 1660; x_wconf 86' lang='lat' dir='ltr'><strong>quae</strong></span> <span class='ocrx_word' id='word_1_291' title='bbox 1101 1589 1205 1644; x_wconf 86' lang='lat' dir='ltr'><strong>Gallice</strong></span> <span class='ocrx_word' id='word_1_292' title='bbox 1219 1589 1332 1660; x_wconf 82' lang='lat' dir='ltr'><strong>digessit</strong></span> <span class='ocrx_word' id='word_1_293' title='bbox 1352 1592 1546 1651; x_wconf 91' lang='lat' dir='ltr'><strong>Tillemontius</strong></span> <span class='ocrx_word' id='word_1_294' title='bbox 1561 1607 1636 1654; x_wconf 89' lang='lat' dir='ltr'><strong>tomo</strong></span> <span class='ocrx_word' id='word_1_295' title='bbox 1651 1603 1700 1668; x_wconf 84' lang='lat' dir='ltr'><strong>tx,</strong></span> <span class='ocrx_word' id='word_1_296' title='bbox 1716 1619 1733 1658; x_wconf 88' lang='lat' dir='ltr'><strong>a</strong></span> 
     </span>
     <span class='ocr_line' id='line_1_44' title="bbox 936 1659 1731 1786; baseline 0.021 -74"><span class='ocrx_word' id='word_1_297' title='bbox 936 1675 996 1786; x_wconf 74' lang='lat' dir='ltr'><strong>ppg.</strong></span> <span class='ocrx_word' id='word_1_298' title='bbox 1012 1659 1073 1714; x_wconf 77' lang='lat'><strong>305.</strong></span> <span class='ocrx_word' id='word_1_299' title='bbox 1089 1659 1144 1715; x_wconf 87' lang='lat' dir='ltr'><strong>Nec</strong></span> <span class='ocrx_word' id='word_1_300' title='bbox 1159 1661 1334 1715; x_wconf 83' lang='lat' dir='ltr'><strong>insalutatam</strong></span> <span class='ocrx_word' id='word_1_301' title='bbox 1360 1664 1423 1717; x_wconf 79' lang='lat' dir='ltr'><strong>solo</strong></span> <span class='ocrx_word' id='word_1_302' title='bbox 1438 1663 1585 1723; x_wconf 90' lang='lat' dir='ltr'><strong>Castellani</strong></span> <span class='ocrx_word' id='word_1_303' title='bbox 1607 1673 1731 1729; x_wconf 87' lang='lat' dir='ltr'><strong>notulam</strong></span> 
     </span>
     <span class='ocr_line' id='line_1_45' title="bbox 964 1730 1730 1812; baseline 0.02 -28"><span class='ocrx_word' id='word_1_304' title='bbox 964 1730 1133 1801; x_wconf 85' lang='lat' dir='ltr'><strong>artyrologio</strong></span> <span class='ocrx_word' id='word_1_305' title='bbox 1152 1731 1302 1786; x_wconf 88' lang='lat' dir='ltr'><strong>universali</strong></span> <span class='ocrx_word' id='word_1_306' title='bbox 1329 1731 1472 1802; x_wconf 83' lang='lat' dir='ltr'><strong>adjectam.</strong></span> <span class='ocrx_word' id='word_1_307' title='bbox 1496 1738 1629 1809; x_wconf 78' lang='lat' dir='ltr'><strong>Martyres</strong></span> <span class='ocrx_word' id='word_1_308' title='bbox 1652 1759 1730 1812; x_wconf 82' lang='lat' dir='ltr'><strong>cccx,</strong></span> 
     </span>
     <span class='ocr_line' id='line_1_46' title="bbox 936 1801 1733 1929; baseline 0.018 -73"><span class='ocrx_word' id='word_1_309' title='bbox 936 1801 1026 1929; x_wconf 68' lang='lat' dir='ltr'><strong>primo</strong></span> <span class='ocrx_word' id='word_1_310' title='bbox 1050 1801 1110 1856; x_wconf 92' lang='lat' dir='ltr'><strong>loco</strong></span> <span class='ocrx_word' id='word_1_311' title='bbox 1133 1801 1167 1856; x_wconf 87' lang='lat' dir='ltr'><strong>ab</strong></span> <span class='ocrx_word' id='word_1_312' title='bbox 1190 1802 1287 1858; x_wconf 93' lang='lat' dir='ltr'><strong>Adone</strong></span> <span class='ocrx_word' id='word_1_313' title='bbox 1312 1804 1403 1871; x_wconf 91' lang='lat' dir='ltr'><strong>relati,</strong></span> <span class='ocrx_word' id='word_1_314' title='bbox 1418 1821 1452 1859; x_wconf 88' lang='lat' dir='ltr'><strong>ex</strong></span> <span class='ocrx_word' id='word_1_315' title='bbox 1467 1806 1691 1881; x_wconf 86' lang='lat' dir='ltr'><strong>liicronymianis</strong></span> <span class='ocrx_word' id='word_1_316' title='bbox 1705 1821 1733 1870; x_wconf 89' lang='lat' dir='ltr'><strong>et</strong></span> 
     </span>
     <span class='ocr_line' id='line_1_47' title="bbox 960 1872 1733 1944; baseline 0.018 -18"><span class='ocrx_word' id='word_1_317' title='bbox 960 1888 1060 1926; x_wconf 84' lang='lat' dir='ltr'><strong>omimo</strong></span> <span class='ocrx_word' id='word_1_318' title='bbox 1083 1888 1168 1944; x_wconf 90' lang='lat' dir='ltr'><strong>parvo</strong></span> <span class='ocrx_word' id='word_1_319' title='bbox 1187 1872 1356 1930; x_wconf 87' lang='lat' dir='ltr'><strong>dirivantur.</strong></span> <span class='ocrx_word' id='word_1_320' title='bbox 1373 1875 1512 1933; x_wconf 89' lang='lat' dir='ltr'><strong>Usuardus</strong></span> <span class='ocrx_word' id='word_1_321' title='bbox 1539 1888 1566 1934; x_wconf 93' lang='lat' dir='ltr'><strong>et</strong></span> <span class='ocrx_word' id='word_1_322' title='bbox 1596 1882 1733 1940; x_wconf 82' lang='lat' dir='ltr'><strong>thlterus</strong></span> 
     </span>
     <span class='ocr_line' id='line_1_48' title="bbox 936 1942 1734 2015; baseline 0.016 -17"><span class='ocrx_word' id='word_1_323' title='bbox 936 1942 1043 1998; x_wconf 89' lang='lat' dir='ltr'><strong>Adonis</strong></span> <span class='ocrx_word' id='word_1_324' title='bbox 1058 1944 1141 2000; x_wconf 86' lang='lat' dir='ltr'><strong>verba</strong></span> <span class='ocrx_word' id='word_1_325' title='bbox 1156 1946 1360 2015; x_wconf 87' lang='lat' dir='ltr'><strong>transcripsere.</strong></span> <span class='ocrx_word' id='word_1_326' title='bbox 1377 1947 1416 2001; x_wconf 90' lang='lat' dir='ltr'><strong>Be</strong></span> <span class='ocrx_word' id='word_1_327' title='bbox 1431 1947 1476 2004; x_wconf 92' lang='lat' dir='ltr'><strong>bis</strong></span> <span class='ocrx_word' id='word_1_328' title='bbox 1496 1949 1553 2005; x_wconf 83' lang='lat' dir='ltr'><strong>haic</strong></span> <span class='ocrx_word' id='word_1_329' title='bbox 1575 1951 1734 2011; x_wconf 75' lang='lat' dir='ltr'><strong>observavit</strong></span> 
     </span>
     <span class='ocr_line' id='line_1_49' title="bbox 937 2014 1731 2096; baseline 0.015 -27"><span class='ocrx_word' id='word_1_330' title='bbox 937 2014 1127 2070; x_wconf 83' lang='lat' dir='ltr'><strong>Hensclienius</strong></span> <span class='ocrx_word' id='word_1_331' title='bbox 1144 2033 1150 2070; x_wconf 79' lang='grc' dir='ltr'><em>ι</em></span> <span class='ocrx_word' id='word_1_332' title='bbox 1169 2017 1225 2082; x_wconf 84' lang='lat' dir='ltr'><strong>Quo</strong></span> <span class='ocrx_word' id='word_1_333' title='bbox 1247 2034 1309 2071; x_wconf 89' lang='lat' dir='ltr'><strong>cero</strong></span> <span class='ocrx_word' id='word_1_334' title='bbox 1339 2024 1452 2089; x_wconf 85' lang='lat' dir='ltr'><strong>tempore</strong></span> <span class='ocrx_word' id='word_1_335' title='bbox 1476 2027 1501 2074; x_wconf 91' lang='lat' dir='ltr'><strong>et</strong></span> <span class='ocrx_word' id='word_1_336' title='bbox 1525 2023 1621 2077; x_wconf 86' lang='lat' dir='ltr'><strong>mortis</strong></span> <span class='ocrx_word' id='word_1_337' title='bbox 1640 2042 1731 2096; x_wconf 80' lang='lat' dir='ltr'><strong>genere</strong></span> 
     </span>
     <span class='ocr_line' id='line_1_50' title="bbox 937 2087 1732 2166; baseline 0.018 -27"><span class='ocrx_word' id='word_1_338' title='bbox 937 2087 1248 2157; x_wconf 77' lang='lat' dir='ltr'><strong>compleueri’ntcponem,</strong></span> <span class='ocrx_word' id='word_1_339' title='bbox 1265 2090 1356 2143; x_wconf 82' lang='lat' dir='ltr'><strong>cultris</strong></span> <span class='ocrx_word' id='word_1_340' title='bbox 1367 2090 1460 2160; x_wconf 86' lang='lat' dir='ltr'><strong>prodit</strong></span> <span class='ocrx_word' id='word_1_341' title='bbox 1479 2108 1485 2146; x_wconf 91' lang='lat'>:</span> <span class='ocrx_word' id='word_1_342' title='bbox 1502 2098 1526 2147; x_wconf 90' lang='lat' dir='ltr'><strong>et</strong></span> <span class='ocrx_word' id='word_1_343' title='bbox 1539 2097 1732 2166; x_wconf 81' lang='lat' dir='ltr'><strong>cumplurimae</strong></span> 
     </span>
    </p>
   </div>
   <div class='ocr_carea' id='block_1_10' title="bbox 79 2158 1734 2236">
    <p class='ocr_par' dir='ltr' id='par_1_10' title="bbox 79 2158 1734 2236">
     <span class='ocr_line' id='line_1_51' title="bbox 79 2158 1734 2236; baseline 0.003 -18"><span class='ocrx_word' id='word_1_344' title='bbox 79 2163 232 2218; x_wconf 88' lang='lat' dir='ltr'><strong>rentinium</strong></span> <span class='ocrx_word' id='word_1_345' title='bbox 247 2161 303 2216; x_wconf 90' lang='lat' dir='ltr'><strong>bic.</strong></span> <span class='ocrx_word' id='word_1_346' title='bbox 322 2160 429 2228; x_wconf 86' lang='lat' dir='ltr'><strong>Quibus</strong></span> <span class='ocrx_word' id='word_1_347' title='bbox 447 2159 575 2216; x_wconf 86' lang='lat' dir='ltr'><strong>accedere</strong></span> <span class='ocrx_word' id='word_1_348' title='bbox 592 2169 717 2231; x_wconf 87' lang='lat' dir='ltr'><strong>possunt,</strong></span> <span class='ocrx_word' id='word_1_349' title='bbox 736 2178 796 2233; x_wconf 79' lang='lat' dir='ltr'><strong>quai</strong></span> <span class='ocrx_word' id='word_1_350' title='bbox 810 2161 881 2217; x_wconf 89' lang='lat' dir='ltr'><strong>dili·</strong></span> <span class='ocrx_word' id='word_1_351' title='bbox 896 2160 920 2220; x_wconf 90' lang='lat' dir='ltr'><strong>B</strong></span> <span class='ocrx_word' id='word_1_352' title='bbox 933 2159 1005 2227; x_wconf 85' lang='lat' dir='ltr'><strong>apud</strong></span> <span class='ocrx_word' id='word_1_353' title='bbox 1021 2159 1116 2213; x_wconf 84' lang='lat' dir='ltr'><strong>Perses</strong></span> <span class='ocrx_word' id='word_1_354' title='bbox 1129 2158 1158 2211; x_wconf 87' lang='lat' dir='ltr'><strong>i&#39;ii</strong></span> <span class='ocrx_word' id='word_1_355' title='bbox 1175 2159 1341 2214; x_wconf 79' lang='lat' dir='ltr'><strong>Christianos</strong></span> <span class='ocrx_word' id='word_1_356' title='bbox 1360 2167 1436 2216; x_wconf 84' lang='lat' dir='ltr'><strong>mehe</strong></span> <span class='ocrx_word' id='word_1_357' title='bbox 1450 2160 1553 2232; x_wconf 70' lang='lat' dir='ltr'><strong>suerint</strong></span> <span class='ocrx_word' id='word_1_358' title='bbox 1568 2168 1734 2236; x_wconf 80' lang='lat' dir='ltr'><strong>persecutio-</strong></span> 
     </span>
    </p>
   </div>
   <div class='ocr_carea' id='block_1_11' title="bbox 78 2231 880 3517">
    <p class='ocr_par' dir='ltr' id='par_1_11' title="bbox 78 2231 805 2306">
     <span class='ocr_line' id='line_1_52' title="bbox 78 2231 805 2306; baseline -0.001 -17"><span class='ocrx_word' id='word_1_359' title='bbox 78 2242 175 2306; x_wconf 87' lang='lat' dir='ltr'><strong>genter</strong></span> <span class='ocrx_word' id='word_1_360' title='bbox 190 2233 317 2288; x_wconf 90' lang='lat' dir='ltr'><strong>observat</strong></span> <span class='ocrx_word' id='word_1_361' title='bbox 329 2231 526 2287; x_wconf 86' lang='lat' dir='ltr'><strong>Tilleuiontius</strong></span> <span class='ocrx_word' id='word_1_362' title='bbox 539 2240 614 2288; x_wconf 91' lang='lat' dir='ltr'><strong>tomo</strong></span> <span class='ocrx_word' id='word_1_363' title='bbox 629 2233 651 2300; x_wconf 94' lang='lat' dir='ltr'><strong>l,</strong></span> <span class='ocrx_word' id='word_1_364' title='bbox 666 2249 726 2305; x_wconf 88' lang='lat' dir='ltr'><strong>pag.</strong></span> <span class='ocrx_word' id='word_1_365' title='bbox 743 2232 805 2288; x_wconf 75' lang='lat'><strong>320.</strong></span> 
     </span>
    </p>

    <p class='ocr_par' dir='ltr' id='par_1_12' title="bbox 79 2302 880 2731">
     <span class='ocr_line' id='line_1_53' title="bbox 115 2302 879 2376; baseline -0.001 -16"><span class='ocrx_word' id='word_1_366' title='bbox 115 2307 156 2360; x_wconf 85' lang='lat' dir='ltr'><strong>De</strong></span> <span class='ocrx_word' id='word_1_367' title='bbox 171 2306 269 2360; x_wconf 83' lang='lat' dir='ltr'><strong>Hermo</strong></span> <span class='ocrx_word' id='word_1_368' title='bbox 283 2302 353 2358; x_wconf 91' lang='lat' dir='ltr'><strong>nibil</strong></span> <span class='ocrx_word' id='word_1_369' title='bbox 369 2302 452 2357; x_wconf 88' lang='lat' dir='ltr'><strong>hodie</strong></span> <span class='ocrx_word' id='word_1_370' title='bbox 464 2302 641 2374; x_wconf 85' lang='lat' dir='ltr'><strong>hiartyrologi</strong></span> <span class='ocrx_word' id='word_1_371' title='bbox 665 2303 790 2359; x_wconf 82' lang='lat' dir='ltr'><strong>Adonem</strong></span> <span class='ocrx_word' id='word_1_372' title='bbox 804 2321 879 2376; x_wconf 89' lang='lat' dir='ltr'><strong>prae-</strong></span> 
     </span>
     <span class='ocr_line' id='line_1_54' title="bbox 79 2372 878 2447; baseline 0.003 -18"><span class='ocrx_word' id='word_1_373' title='bbox 79 2376 178 2446; x_wconf 80' lang='lat' dir='ltr'><strong>gressi,</strong></span> <span class='ocrx_word' id='word_1_374' title='bbox 196 2375 252 2430; x_wconf 93' lang='lat' dir='ltr'><strong>imo</strong></span> <span class='ocrx_word' id='word_1_375' title='bbox 267 2391 316 2430; x_wconf 92' lang='lat' dir='ltr'><strong>nec</strong></span> <span class='ocrx_word' id='word_1_376' title='bbox 329 2372 390 2429; x_wconf 90' lang='lat' dir='ltr'><strong>Ado</strong></span> <span class='ocrx_word' id='word_1_377' title='bbox 408 2374 507 2445; x_wconf 90' lang='lat' dir='ltr'><strong>ipsein</strong></span> <span class='ocrx_word' id='word_1_378' title='bbox 523 2390 572 2428; x_wconf 90' lang='lat' dir='ltr'><strong>suo</strong></span> <span class='ocrx_word' id='word_1_379' title='bbox 583 2374 789 2447; x_wconf 84' lang='lat' dir='ltr'><strong>Martyrologio,</strong></span> <span class='ocrx_word' id='word_1_380' title='bbox 806 2375 878 2431; x_wconf 90' lang='lat' dir='ltr'><strong>unde</strong></span> 
     </span>
     <span class='ocr_line' id='line_1_55' title="bbox 79 2444 880 2526; baseline 0.001 -24"><span class='ocrx_word' id='word_1_381' title='bbox 79 2448 177 2502; x_wconf 91' lang='lat' dir='ltr'><strong>necin</strong></span> <span class='ocrx_word' id='word_1_382' title='bbox 196 2447 317 2502; x_wconf 84' lang='lat' dir='ltr'><strong>Notkero</strong></span> <span class='ocrx_word' id='word_1_383' title='bbox 332 2444 493 2526; x_wconf 85' lang='lat' dir='ltr'><strong>quidquam.</strong></span> <span class='ocrx_word' id='word_1_384' title='bbox 514 2445 613 2500; x_wconf 85' lang='lat' dir='ltr'><strong>Mirum</strong></span> <span class='ocrx_word' id='word_1_385' title='bbox 630 2446 682 2503; x_wconf 91' lang='lat' dir='ltr'><strong>hoc</strong></span> <span class='ocrx_word' id='word_1_386' title='bbox 698 2447 726 2501; x_wconf 92' lang='lat' dir='ltr'><strong>in</strong></span> <span class='ocrx_word' id='word_1_387' title='bbox 741 2447 837 2501; x_wconf 89' lang='lat' dir='ltr'><strong>Adone</strong></span> <span class='ocrx_word' id='word_1_388' title='bbox 852 2453 880 2503; x_wconf 92' lang='lat' dir='ltr'><strong>et</strong></span> 
     </span>
     <span class='ocr_line' id='line_1_56' title="bbox 79 2515 877 2589; baseline -0.001 -16"><span class='ocrx_word' id='word_1_389' title='bbox 79 2518 245 2583; x_wconf 75' lang='lat' dir='ltr'><strong>insolitum3</strong></span> <span class='ocrx_word' id='word_1_390' title='bbox 256 2524 399 2589; x_wconf 88' lang='lat' dir='ltr'><strong>postquam</strong></span> <span class='ocrx_word' id='word_1_391' title='bbox 410 2523 482 2571; x_wconf 88' lang='lat' dir='ltr'><strong>mter</strong></span> <span class='ocrx_word' id='word_1_392' title='bbox 496 2515 659 2573; x_wconf 83' lang='lat' dir='ltr'><strong>testivitates</strong></span> <span class='ocrx_word' id='word_1_393' title='bbox 671 2518 877 2588; x_wconf 83' lang='lat' dir='ltr'><strong>Apostolorum,</strong></span> 
     </span>
     <span class='ocr_line' id='line_1_57' title="bbox 81 2587 878 2660; baseline -0.001 -16"><span class='ocrx_word' id='word_1_394' title='bbox 81 2590 176 2660; x_wconf 91' lang='lat' dir='ltr'><strong>elogio</strong></span> <span class='ocrx_word' id='word_1_395' title='bbox 190 2589 324 2643; x_wconf 89' lang='lat' dir='ltr'><strong>Sanctum</strong></span> <span class='ocrx_word' id='word_1_396' title='bbox 347 2588 462 2654; x_wconf 78' lang='lat' dir='ltr'><strong>amavit,</strong></span> <span class='ocrx_word' id='word_1_397' title='bbox 488 2587 562 2659; x_wconf 92' lang='lat' dir='ltr'><strong>quod</strong></span> <span class='ocrx_word' id='word_1_398' title='bbox 584 2588 730 2644; x_wconf 87' lang='lat' dir='ltr'><strong>hlosander</strong></span> <span class='ocrx_word' id='word_1_399' title='bbox 754 2605 813 2655; x_wconf 88' lang='lat' dir='ltr'><strong>sua,</strong></span> <span class='ocrx_word' id='word_1_400' title='bbox 837 2589 878 2646; x_wconf 92' lang='lat' dir='ltr'><strong>uti</strong></span> 
     </span>
     <span class='ocr_line' id='line_1_58' title="bbox 81 2658 876 2731; baseline -0.001 -16"><span class='ocrx_word' id='word_1_401' title='bbox 81 2676 100 2715; x_wconf 91' lang='lat' dir='ltr'><strong>o</strong></span> <span class='ocrx_word' id='word_1_402' title='bbox 123 2660 198 2726; x_wconf 89' lang='lat' dir='ltr'><strong>inor,</strong></span> <span class='ocrx_word' id='word_1_403' title='bbox 210 2658 380 2725; x_wconf 88' lang='lat' dir='ltr'><strong>auctoritate,</strong></span> <span class='ocrx_word' id='word_1_404' title='bbox 391 2659 418 2714; x_wconf 92' lang='lat' dir='ltr'><strong>in</strong></span> <span class='ocrx_word' id='word_1_405' title='bbox 427 2659 618 2731; x_wconf 83' lang='lat' dir='ltr'><strong>Martyrologii</strong></span> <span class='ocrx_word' id='word_1_406' title='bbox 628 2667 734 2714; x_wconf 78' lang='lat' dir='ltr'><strong>testum</strong></span> <span class='ocrx_word' id='word_1_407' title='bbox 751 2660 876 2714; x_wconf 91' lang='lat' dir='ltr'><strong>inseruit.</strong></span> 
     </span>
    </p>

    <p class='ocr_par' dir='ltr' id='par_1_13' title="bbox 80 2728 880 3517">
     <span class='ocr_line' id='line_1_59' title="bbox 107 2728 879 2803; baseline 0 -17"><span class='ocrx_word' id='word_1_408' title='bbox 107 2748 144 2786; x_wconf 86' lang='lat' dir='ltr'><strong>oc</strong></span> <span class='ocrx_word' id='word_1_409' title='bbox 158 2737 276 2796; x_wconf 87' lang='lat' dir='ltr'><strong>eertum,</strong></span> <span class='ocrx_word' id='word_1_410' title='bbox 292 2728 355 2784; x_wconf 90' lang='lat' dir='ltr'><strong>inde</strong></span> <span class='ocrx_word' id='word_1_411' title='bbox 368 2738 479 2800; x_wconf 88' lang='lat' dir='ltr'><strong>accepta</strong></span> <span class='ocrx_word' id='word_1_412' title='bbox 491 2745 550 2785; x_wconf 88' lang='lat' dir='ltr'><strong>esse</strong></span> <span class='ocrx_word' id='word_1_413' title='bbox 572 2730 677 2797; x_wconf 89' lang='lat' dir='ltr'><strong>ornnia,</strong></span> <span class='ocrx_word' id='word_1_414' title='bbox 704 2747 764 2803; x_wconf 73' lang='lat' dir='ltr'><strong>quie</strong></span> <span class='ocrx_word' id='word_1_415' title='bbox 785 2731 830 2785; x_wconf 87' lang='lat' dir='ltr'><strong>bic</strong></span> <span class='ocrx_word' id='word_1_416' title='bbox 845 2731 879 2787; x_wconf 87' lang='lat' dir='ltr'><strong>ab</strong></span> 
     </span>
     <span class='ocr_line' id='line_1_60' title="bbox 81 2801 878 2873; baseline -0.003 -16"><span class='ocrx_word' id='word_1_417' title='bbox 81 2801 210 2857; x_wconf 89' lang='lat' dir='ltr'><strong>Usuardo</strong></span> <span class='ocrx_word' id='word_1_418' title='bbox 225 2801 390 2856; x_wconf 81' lang='lat' dir='ltr'><strong>referuntur.</strong></span> <span class='ocrx_word' id='word_1_419' title='bbox 406 2801 583 2872; x_wconf 84' lang='lat' dir='ltr'><strong>Philippensis</strong></span> <span class='ocrx_word' id='word_1_420' title='bbox 607 2803 742 2873; x_wconf 84' lang='lat' dir='ltr'><strong>episcopiis</strong></span> <span class='ocrx_word' id='word_1_421' title='bbox 764 2802 798 2857; x_wconf 92' lang='lat' dir='ltr'><strong>ab</strong></span> <span class='ocrx_word' id='word_1_422' title='bbox 821 2803 878 2857; x_wconf 90' lang='lat' dir='ltr'><strong>aii-</strong></span> 
     </span>
     <span class='ocr_line' id='line_1_61' title="bbox 80 2872 879 2945; baseline 0.001 -19"><span class='ocrx_word' id='word_1_423' title='bbox 80 2874 184 2945; x_wconf 90' lang='lat' dir='ltr'><strong>quibus</strong></span> <span class='ocrx_word' id='word_1_424' title='bbox 199 2873 305 2928; x_wconf 92' lang='lat' dir='ltr'><strong>dicitur</strong></span> <span class='ocrx_word' id='word_1_425' title='bbox 317 2873 441 2939; x_wconf 85' lang='lat' dir='ltr'><strong>Hermes,</strong></span> <span class='ocrx_word' id='word_1_426' title='bbox 450 2872 496 2927; x_wconf 90' lang='lat' dir='ltr'><strong>sed</strong></span> <span class='ocrx_word' id='word_1_427' title='bbox 508 2873 582 2928; x_wconf 88' lang='lat' dir='ltr'><strong>bunc</strong></span> <span class='ocrx_word' id='word_1_428' title='bbox 592 2872 616 2926; x_wconf 88' lang='lat' dir='ltr'><strong>e&#39;i</strong></span> <span class='ocrx_word' id='word_1_429' title='bbox 628 2873 741 2929; x_wconf 89' lang='lat' dir='ltr'><strong>titulum</strong></span> <span class='ocrx_word' id='word_1_430' title='bbox 752 2873 812 2928; x_wconf 88' lang='lat' dir='ltr'><strong>Ado</strong></span> <span class='ocrx_word' id='word_1_431' title='bbox 823 2888 879 2927; x_wconf 88' lang='lat' dir='ltr'><strong>non</strong></span> 
     </span>
     <span class='ocr_line' id='line_1_62' title="bbox 80 2943 877 3016; baseline -0.003 -17"><span class='ocrx_word' id='word_1_432' title='bbox 80 2944 190 3011; x_wconf 83' lang='lat' dir='ltr'><strong>tribuit,</strong></span> <span class='ocrx_word' id='word_1_433' title='bbox 201 2946 252 2999; x_wconf 91' lang='lat' dir='ltr'><strong>nec</strong></span> <span class='ocrx_word' id='word_1_434' title='bbox 270 2943 383 2999; x_wconf 87' lang='lat' dir='ltr'><strong>aliunde</strong></span> <span class='ocrx_word' id='word_1_435' title='bbox 396 2944 545 3016; x_wconf 89' lang='lat' dir='ltr'><strong>quidquam</strong></span> <span class='ocrx_word' id='word_1_436' title='bbox 560 2944 627 2999; x_wconf 88' lang='lat' dir='ltr'><strong>satis</strong></span> <span class='ocrx_word' id='word_1_437' title='bbox 648 2951 722 3000; x_wconf 90' lang='lat' dir='ltr'><strong>certo</strong></span> <span class='ocrx_word' id='word_1_438' title='bbox 749 2944 877 3012; x_wconf 89' lang='lat' dir='ltr'><strong>traditur,</strong></span> 
     </span>
     <span class='ocr_line' id='line_1_63' title="bbox 81 3015 879 3087; baseline 0 -17"><span class='ocrx_word' id='word_1_439' title='bbox 81 3032 136 3087; x_wconf 89' lang='lat' dir='ltr'><strong>quo</strong></span> <span class='ocrx_word' id='word_1_440' title='bbox 148 3015 173 3069; x_wconf 92' lang='lat' dir='ltr'><strong>ei</strong></span> <span class='ocrx_word' id='word_1_441' title='bbox 190 3016 255 3070; x_wconf 88' lang='lat' dir='ltr'><strong>talis</strong></span> <span class='ocrx_word' id='word_1_442' title='bbox 269 3016 390 3085; x_wconf 76' lang='lat' dir='ltr'><strong>dignitas</strong></span> <span class='ocrx_word' id='word_1_443' title='bbox 403 3025 546 3070; x_wconf 88' lang='lat' dir='ltr'><strong>asseratur.</strong></span> <span class='ocrx_word' id='word_1_444' title='bbox 563 3015 670 3071; x_wconf 86' lang='lat' dir='ltr'><strong>Citatur</strong></span> <span class='ocrx_word' id='word_1_445' title='bbox 684 3016 717 3070; x_wconf 89' lang='lat' dir='ltr'><strong>ab</strong></span> <span class='ocrx_word' id='word_1_446' title='bbox 731 3015 825 3071; x_wconf 91' lang='lat' dir='ltr'><strong>Adone</strong></span> <span class='ocrx_word' id='word_1_447' title='bbox 837 3017 879 3070; x_wconf 93' lang='lat' dir='ltr'><strong>lo·</strong></span> 
     </span>
     <span class='ocr_line' id='line_1_64' title="bbox 81 3086 880 3158; baseline -0.001 -17"><span class='ocrx_word' id='word_1_448' title='bbox 81 3103 131 3142; x_wconf 89' lang='lat' dir='ltr'><strong>cus</strong></span> <span class='ocrx_word' id='word_1_449' title='bbox 145 3087 271 3158; x_wconf 87' lang='lat' dir='ltr'><strong>Apostoli</strong></span> <span class='ocrx_word' id='word_1_450' title='bbox 288 3087 367 3141; x_wconf 86' lang='lat' dir='ltr'><strong>Rom.</strong></span> <span class='ocrx_word' id='word_1_451' title='bbox 378 3086 420 3153; x_wconf 84' lang='lat' dir='ltr'><strong>lb,</strong></span> <span class='ocrx_word' id='word_1_452' title='bbox 435 3086 481 3141; x_wconf 91' lang='lat' dir='ltr'><strong>ubi</strong></span> <span class='ocrx_word' id='word_1_453' title='bbox 496 3093 525 3142; x_wconf 89' lang='lat' dir='ltr'><strong>et</strong></span> <span class='ocrx_word' id='word_1_454' title='bbox 540 3087 658 3141; x_wconf 86' lang='lat' dir='ltr'><strong>Hermen</strong></span> <span class='ocrx_word' id='word_1_455' title='bbox 672 3094 698 3141; x_wconf 90' lang='lat' dir='ltr'><strong>et</strong></span> <span class='ocrx_word' id='word_1_456' title='bbox 713 3088 825 3141; x_wconf 86' lang='lat' dir='ltr'><strong>Hermen</strong></span> <span class='ocrx_word' id='word_1_457' title='bbox 840 3102 880 3140; x_wconf 91' lang='lat' dir='ltr'><strong>sa·</strong></span> 
     </span>
     <span class='ocr_line' id='line_1_65' title="bbox 84 3156 879 3229; baseline 0 -17"><span class='ocrx_word' id='word_1_458' title='bbox 84 3157 164 3212; x_wconf 92' lang='lat' dir='ltr'><strong>lutari</strong></span> <span class='ocrx_word' id='word_1_459' title='bbox 175 3156 311 3229; x_wconf 72' lang='lat' dir='ltr'><strong>praecipit.</strong></span> <span class='ocrx_word' id='word_1_460' title='bbox 322 3157 408 3212; x_wconf 90' lang='lat' dir='ltr'><strong>Porro</strong></span> <span class='ocrx_word' id='word_1_461' title='bbox 416 3157 756 3214; x_wconf 84' lang='lat' dir='ltr'><strong>nonnullacommemorat</strong></span> <span class='ocrx_word' id='word_1_462' title='bbox 765 3158 799 3214; x_wconf 88' lang='lat' dir='ltr'><strong>de</strong></span> <span class='ocrx_word' id='word_1_463' title='bbox 808 3157 879 3212; x_wconf 90' lang='lat' dir='ltr'><strong>libro</strong></span> 
     </span>
     <span class='ocr_line' id='line_1_66' title="bbox 83 3227 880 3301; baseline -0.001 -17"><span class='ocrx_word' id='word_1_464' title='bbox 83 3229 202 3284; x_wconf 82' lang='lat' dir='ltr'><strong>Pastoris</strong></span> <span class='ocrx_word' id='word_1_465' title='bbox 216 3229 251 3284; x_wconf 92' lang='lat' dir='ltr'><strong>ab</strong></span> <span class='ocrx_word' id='word_1_466' title='bbox 264 3230 365 3283; x_wconf 80' lang='lat' dir='ltr'><strong>Benna</strong></span> <span class='ocrx_word' id='word_1_467' title='bbox 377 3229 539 3299; x_wconf 89' lang='lat' dir='ltr'><strong>composito,</strong></span> <span class='ocrx_word' id='word_1_468' title='bbox 573 3245 635 3284; x_wconf 88' lang='lat' dir='ltr'><strong>ueni</strong></span> <span class='ocrx_word' id='word_1_469' title='bbox 649 3229 723 3301; x_wconf 90' lang='lat' dir='ltr'><strong>apud</strong></span> <span class='ocrx_word' id='word_1_470' title='bbox 737 3227 880 3284; x_wconf 88' lang='lat' dir='ltr'><strong>Hensclie-</strong></span> 
     </span>
     <span class='ocr_line' id='line_1_67' title="bbox 83 3244 880 3372; baseline 0.003 -19"><span class='ocrx_word' id='word_1_471' title='bbox 83 3300 160 3355; x_wconf 90' lang='lat' dir='ltr'><strong>nium</strong></span> <span class='ocrx_word' id='word_1_472' title='bbox 176 3300 290 3356; x_wconf 87' lang='lat' dir='ltr'><strong>laudant</strong></span> <span class='ocrx_word' id='word_1_473' title='bbox 304 3300 409 3355; x_wconf 87' lang='lat' dir='ltr'><strong>Hieron</strong></span> <span class='ocrx_word' id='word_1_474' title='bbox 431 3316 492 3355; x_wconf 91' lang='lat' dir='ltr'><strong>mus</strong></span> <span class='ocrx_word' id='word_1_475' title='bbox 512 3307 539 3355; x_wconf 94' lang='lat' dir='ltr'><strong>et</strong></span> <span class='ocrx_word' id='word_1_476' title='bbox 555 3244 709 3372; x_wconf 51' lang='lat' dir='ltr'><strong>(Brigeneu</strong></span> <span class='ocrx_word' id='word_1_477' title='bbox 739 3307 767 3355; x_wconf 88' lang='lat' dir='ltr'><strong>at</strong></span> <span class='ocrx_word' id='word_1_478' title='bbox 791 3301 880 3355; x_wconf 89' lang='lat' dir='ltr'><strong>multe</strong></span> 
     </span>
     <span class='ocr_line' id='line_1_68' title="bbox 83 3316 880 3445; baseline 0.003 -21"><span class='ocrx_word' id='word_1_479' title='bbox 83 3371 161 3440; x_wconf 89' lang='lat' dir='ltr'><strong>plura</strong></span> <span class='ocrx_word' id='word_1_480' title='bbox 175 3371 209 3426; x_wconf 90' lang='lat' dir='ltr'><strong>de</strong></span> <span class='ocrx_word' id='word_1_481' title='bbox 232 3388 264 3427; x_wconf 90' lang='lat' dir='ltr'><strong>eo</strong></span> <span class='ocrx_word' id='word_1_482' title='bbox 289 3378 316 3426; x_wconf 90' lang='lat' dir='ltr'><strong>et</strong></span> <span class='ocrx_word' id='word_1_483' title='bbox 339 3316 510 3427; x_wconf 69' lang='lat' dir='ltr'><strong>enunieatius</strong></span> <span class='ocrx_word' id='word_1_484' title='bbox 533 3373 662 3445; x_wconf 80' lang='lat' dir='ltr'><strong>exposuit</strong></span> <span class='ocrx_word' id='word_1_485' title='bbox 686 3370 880 3427; x_wconf 88' lang='lat' dir='ltr'><strong>Tillemcntius</strong></span> 
     </span>
     <span class='ocr_line' id='line_1_69' title="bbox 83 3443 880 3517; baseline 0.003 -21"><span class='ocrx_word' id='word_1_486' title='bbox 83 3448 150 3498; x_wconf 91' lang='lat' dir='ltr'><strong>tom.</strong></span> <span class='ocrx_word' id='word_1_487' title='bbox 167 3444 233 3512; x_wconf 87' lang='lat' dir='ltr'><strong>ll,a</strong></span> <span class='ocrx_word' id='word_1_488' title='bbox 261 3459 322 3516; x_wconf 87' lang='lat' dir='ltr'><strong>pag.</strong></span> <span class='ocrx_word' id='word_1_489' title='bbox 344 3443 371 3513; x_wconf 81' lang='lat'><strong>3,</strong></span> <span class='ocrx_word' id='word_1_490' title='bbox 400 3443 473 3515; x_wconf 89' lang='lat' dir='ltr'><strong>apud</strong></span> <span class='ocrx_word' id='word_1_491' title='bbox 492 3459 572 3517; x_wconf 91' lang='lat' dir='ltr'><strong>quem</strong></span> <span class='ocrx_word' id='word_1_492' title='bbox 594 3445 688 3499; x_wconf 88' lang='lat' dir='ltr'><strong>Patres</strong></span> <span class='ocrx_word' id='word_1_493' title='bbox 710 3443 780 3499; x_wconf 88' lang='lat' dir='ltr'><strong>alios</strong></span> <span class='ocrx_word' id='word_1_494' title='bbox 807 3443 880 3499; x_wconf 88' lang='lat' dir='ltr'><strong>cita-</strong></span> 
     </span>
    </p>
   </div>
   <div class='ocr_carea' id='block_1_12' title="bbox 932 2229 1732 3281">
    <p class='ocr_par' dir='ltr' id='par_1_14' title="bbox 932 2229 1732 3281">
     <span class='ocr_line' id='line_1_70' title="bbox 933 2229 1732 2355; baseline 0.016 -74"><span class='ocrx_word' id='word_1_495' title='bbox 933 2245 987 2293; x_wconf 87' lang='lat' dir='ltr'><strong>nes,</strong></span> <span class='ocrx_word' id='word_1_496' title='bbox 1002 2229 1106 2355; x_wconf 54' lang='lat' dir='ltr'><strong>diploide</strong></span> <span class='ocrx_word' id='word_1_497' title='bbox 1119 2235 1157 2283; x_wconf 87' lang='lat' dir='ltr'><strong>est</strong></span> <span class='ocrx_word' id='word_1_498' title='bbox 1175 2229 1330 2286; x_wconf 85' lang='lat' dir='ltr'><strong>discernere.</strong></span> <span class='ocrx_word' id='word_1_499' title='bbox 1347 2232 1528 2289; x_wconf 81' lang='lat' dir='ltr'><strong>Florerilini‘us</strong></span> <span class='ocrx_word' id='word_1_500' title='bbox 1547 2237 1654 2306; x_wconf 81' lang='lat' dir='ltr'><strong>conjicit</strong></span> <span class='ocrx_word' id='word_1_501' title='bbox 1670 2257 1732 2294; x_wconf 87' lang='lat' dir='ltr'><strong>ocri-</strong></span> 
     </span>
     <span class='ocr_line' id='line_1_71' title="bbox 934 2300 1731 2377; baseline 0.016 -24"><span class='ocrx_word' id='word_1_502' title='bbox 934 2303 973 2353; x_wconf 89' lang='lat' dir='ltr'><strong>los</strong></span> <span class='ocrx_word' id='word_1_503' title='bbox 988 2300 1015 2353; x_wconf 87' lang='lat' dir='ltr'><strong>iii</strong></span> <span class='ocrx_word' id='word_1_504' title='bbox 1050 2317 1158 2371; x_wconf 87' lang='lat' dir='ltr'><strong>eporeni</strong></span> <span class='ocrx_word' id='word_1_505' title='bbox 1173 2319 1256 2371; x_wconf 78' lang='lat' dir='ltr'><strong>regem</strong></span> <span class='ocrx_word' id='word_1_506' title='bbox 1271 2304 1427 2372; x_wconf 72' lang='lat' dir='ltr'><strong>Fensermia,</strong></span> <span class='ocrx_word' id='word_1_507' title='bbox 1440 2306 1511 2375; x_wconf 84' lang='lat' dir='ltr'><strong>quoii</strong></span> <span class='ocrx_word' id='word_1_508' title='bbox 1519 2309 1688 2377; x_wconf 86' lang='lat' dir='ltr'><strong>plurinii&#39;sub</strong></span> <span class='ocrx_word' id='word_1_509' title='bbox 1702 2327 1731 2366; x_wconf 83' lang='lat' dir='ltr'><strong>eo</strong></span> 
     </span>
     <span class='ocr_line' id='line_1_72' title="bbox 933 2371 1731 2444; baseline 0.016 -20"><span class='ocrx_word' id='word_1_510' title='bbox 933 2371 1010 2442; x_wconf 77' lang='lat' dir='ltr'><strong>fidem</strong></span> <span class='ocrx_word' id='word_1_511' title='bbox 1020 2371 1119 2426; x_wconf 84' lang='lat' dir='ltr'><strong>Christi</strong></span> <span class='ocrx_word' id='word_1_512' title='bbox 1128 2371 1230 2441; x_wconf 72' lang='lat' dir='ltr'><strong>suerint</strong></span> <span class='ocrx_word' id='word_1_513' title='bbox 1243 2374 1509 2444; x_wconf 81' lang='lat' dir='ltr'><strong>mcrtgri&#39;oeoroncti&#39;.</strong></span> <span class='ocrx_word' id='word_1_514' title='bbox 1522 2377 1620 2433; x_wconf 87' lang='lat' dir='ltr'><strong>Beatus</strong></span> <span class='ocrx_word' id='word_1_515' title='bbox 1629 2382 1666 2436; x_wconf 89' lang='lat' dir='ltr'><strong>ali</strong></span> <span class='ocrx_word' id='word_1_516' title='bbox 1689 2381 1731 2438; x_wconf 88' lang='lat' dir='ltr'><strong>uis</strong></span> 
     </span>
     <span class='ocr_line' id='line_1_73' title="bbox 932 2398 1730 2531; baseline 0.016 -35"><span class='ocrx_word' id='word_1_517' title='bbox 932 2451 959 2498; x_wconf 91' lang='lat' dir='ltr'><strong>et</strong></span> <span class='ocrx_word' id='word_1_518' title='bbox 975 2442 1085 2512; x_wconf 88' lang='lat' dir='ltr'><strong>quidem</strong></span> <span class='ocrx_word' id='word_1_519' title='bbox 1102 2459 1164 2498; x_wconf 92' lang='lat' dir='ltr'><strong>cum</strong></span> <span class='ocrx_word' id='word_1_520' title='bbox 1181 2445 1305 2525; x_wconf 91' lang='lat' dir='ltr'><strong>apposito</strong></span> <span class='ocrx_word' id='word_1_521' title='bbox 1317 2445 1484 2513; x_wconf 72' lang='lat' dir='ltr'><strong>confessoris,</strong></span> <span class='ocrx_word' id='word_1_522' title='bbox 1498 2448 1654 2531; x_wconf 84' lang='lat' dir='ltr'><strong>invulgatis</strong></span> <span class='ocrx_word' id='word_1_523' title='bbox 1667 2398 1730 2508; x_wconf 52' lang='lat' dir='ltr'><strong>aie·</strong></span> 
     </span>
     <span class='ocr_line' id='line_1_74' title="bbox 933 2513 1730 2590; baseline 0.016 -24"><span class='ocrx_word' id='word_1_524' title='bbox 933 2513 1106 2584; x_wconf 90' lang='lat' dir='ltr'><strong>ronymianis</strong></span> <span class='ocrx_word' id='word_1_525' title='bbox 1129 2515 1305 2585; x_wconf 81' lang='lat' dir='ltr'><strong>exprimitur,</strong></span> <span class='ocrx_word' id='word_1_526' title='bbox 1330 2515 1378 2571; x_wconf 91' lang='lat' dir='ltr'><strong>sed</strong></span> <span class='ocrx_word' id='word_1_527' title='bbox 1402 2517 1504 2590; x_wconf 88' lang='lat' dir='ltr'><strong>absque</strong></span> <span class='ocrx_word' id='word_1_528' title='bbox 1533 2524 1680 2590; x_wconf 90' lang='lat' dir='ltr'><strong>positione.</strong></span> <span class='ocrx_word' id='word_1_529' title='bbox 1705 2523 1730 2578; x_wconf 88' lang='lat' dir='ltr'><strong>A</strong></span> 
     </span>
     <span class='ocr_line' id='line_1_75' title="bbox 933 2584 1727 2710; baseline 0.016 -73"><span class='ocrx_word' id='word_1_530' title='bbox 933 2584 1016 2650; x_wconf 90' lang='lat' dir='ltr'><strong>Beda,</strong></span> <span class='ocrx_word' id='word_1_531' title='bbox 1033 2585 1124 2652; x_wconf 86' lang='lat' dir='ltr'><strong>Flore,</strong></span> <span class='ocrx_word' id='word_1_532' title='bbox 1136 2586 1260 2641; x_wconf 86' lang='lat' dir='ltr'><strong>Romano</strong></span> <span class='ocrx_word' id='word_1_533' title='bbox 1270 2602 1355 2710; x_wconf 87' lang='lat' dir='ltr'><strong>parvo</strong></span> <span class='ocrx_word' id='word_1_534' title='bbox 1365 2594 1392 2641; x_wconf 92' lang='lat' dir='ltr'><strong>et</strong></span> <span class='ocrx_word' id='word_1_535' title='bbox 1405 2588 1501 2644; x_wconf 92' lang='lat' dir='ltr'><strong>Adone</strong></span> <span class='ocrx_word' id='word_1_536' title='bbox 1511 2594 1666 2661; x_wconf 81' lang='lat' dir='ltr'><strong>praeteritus</strong></span> <span class='ocrx_word' id='word_1_537' title='bbox 1676 2601 1727 2650; x_wconf 90' lang='lat' dir='ltr'><strong>est.</strong></span> 
     </span>
     <span class='ocr_line' id='line_1_76' title="bbox 934 2654 1729 2728; baseline 0.011 -17"><span class='ocrx_word' id='word_1_538' title='bbox 934 2654 1069 2721; x_wconf 86' lang='lat' dir='ltr'><strong>Babanus,</strong></span> <span class='ocrx_word' id='word_1_539' title='bbox 1086 2657 1178 2711; x_wconf 92' lang='lat' dir='ltr'><strong>nescio</strong></span> <span class='ocrx_word' id='word_1_540' title='bbox 1202 2673 1256 2728; x_wconf 91' lang='lat' dir='ltr'><strong>quo</strong></span> <span class='ocrx_word' id='word_1_541' title='bbox 1282 2657 1459 2724; x_wconf 89' lang='lat' dir='ltr'><strong>undamentc,</strong></span> <span class='ocrx_word' id='word_1_542' title='bbox 1475 2675 1537 2715; x_wconf 87' lang='lat' dir='ltr'><strong>euin</strong></span> <span class='ocrx_word' id='word_1_543' title='bbox 1563 2663 1655 2719; x_wconf 78' lang='lat' dir='ltr'><strong>Rome</strong></span> <span class='ocrx_word' id='word_1_544' title='bbox 1674 2664 1729 2720; x_wconf 91' lang='lat' dir='ltr'><strong>ad-</strong></span> 
     </span>
     <span class='ocr_line' id='line_1_77' title="bbox 933 2726 1729 2798; baseline 0.013 -18"><span class='ocrx_word' id='word_1_545' title='bbox 933 2726 1029 2781; x_wconf 90' lang='lat' dir='ltr'><strong>scribit</strong></span> <span class='ocrx_word' id='word_1_546' title='bbox 1046 2743 1051 2780; x_wconf 87' lang='lat'>:</span> <span class='ocrx_word' id='word_1_547' title='bbox 1069 2726 1205 2782; x_wconf 87' lang='lat' dir='ltr'><strong>Notkerus</strong></span> <span class='ocrx_word' id='word_1_548' title='bbox 1219 2727 1310 2798; x_wconf 90' lang='lat' dir='ltr'><strong>potius</strong></span> <span class='ocrx_word' id='word_1_549' title='bbox 1324 2729 1428 2794; x_wconf 87' lang='lat' dir='ltr'><strong>omisit,</strong></span> <span class='ocrx_word' id='word_1_550' title='bbox 1444 2731 1489 2785; x_wconf 91' lang='lat' dir='ltr'><strong>sed</strong></span> <span class='ocrx_word' id='word_1_551' title='bbox 1507 2733 1609 2788; x_wconf 90' lang='lat' dir='ltr'><strong>rectius</strong></span> <span class='ocrx_word' id='word_1_552' title='bbox 1631 2734 1729 2790; x_wconf 83' lang='lat' dir='ltr'><strong>Noster</strong></span> 
     </span>
     <span class='ocr_line' id='line_1_78' title="bbox 934 2799 1728 2869; baseline 0.013 -18"><span class='ocrx_word' id='word_1_553' title='bbox 934 2799 994 2852; x_wconf 91' lang='lat' dir='ltr'><strong>loco</strong></span> <span class='ocrx_word' id='word_1_554' title='bbox 1009 2813 1059 2852; x_wconf 89' lang='lat' dir='ltr'><strong>suo</strong></span> <span class='ocrx_word' id='word_1_555' title='bbox 1076 2799 1197 2868; x_wconf 91' lang='lat' dir='ltr'><strong>proprio,</strong></span> <span class='ocrx_word' id='word_1_556' title='bbox 1211 2806 1298 2852; x_wconf 81' lang='lat' dir='ltr'><strong>castro</strong></span> <span class='ocrx_word' id='word_1_557' title='bbox 1320 2800 1592 2858; x_wconf 82' lang='lat' dir='ltr'><strong>Vindocinorestitutt</strong></span> <span class='ocrx_word' id='word_1_558' title='bbox 1602 2822 1609 2869; x_wconf 91' lang='lat'>;</span> <span class='ocrx_word' id='word_1_559' title='bbox 1621 2804 1690 2860; x_wconf 88' lang='lat' dir='ltr'><strong>adde</strong></span> <span class='ocrx_word' id='word_1_560' title='bbox 1700 2806 1728 2860; x_wconf 87' lang='lat' dir='ltr'><strong>i&#39;n</strong></span> 
     </span>
     <span class='ocr_line' id='line_1_79' title="bbox 932 2868 1729 2944; baseline 0.011 -21"><span class='ocrx_word' id='word_1_561' title='bbox 932 2868 1035 2923; x_wconf 82' lang='lat' dir='ltr'><strong>diecesi</strong></span> <span class='ocrx_word' id='word_1_562' title='bbox 1050 2869 1216 2937; x_wconf 84' lang='lat' dir='ltr'><strong>Cerrroteiisi,</strong></span> <span class='ocrx_word' id='word_1_563' title='bbox 1232 2879 1383 2943; x_wconf 78' lang='lat' dir='ltr'><strong>ceteraque</strong></span> <span class='ocrx_word' id='word_1_564' title='bbox 1397 2872 1430 2926; x_wconf 90' lang='lat' dir='ltr'><strong>ad</strong></span> <span class='ocrx_word' id='word_1_565' title='bbox 1446 2888 1508 2928; x_wconf 91' lang='lat' dir='ltr'><strong>eum</strong></span> <span class='ocrx_word' id='word_1_566' title='bbox 1524 2876 1675 2944; x_wconf 87' lang='lat' dir='ltr'><strong>spectantia</strong></span> <span class='ocrx_word' id='word_1_567' title='bbox 1686 2892 1729 2932; x_wconf 87' lang='lat' dir='ltr'><strong>ac·</strong></span> 
     </span>
     <span class='ocr_line' id='line_1_80' title="bbox 933 2940 1729 3022; baseline 0.01 -27"><span class='ocrx_word' id='word_1_568' title='bbox 933 2949 1026 2995; x_wconf 85' lang='lat' dir='ltr'><strong>curate</strong></span> <span class='ocrx_word' id='word_1_569' title='bbox 1045 2940 1181 3011; x_wconf 84' lang='lat' dir='ltr'><strong>explicata</strong></span> <span class='ocrx_word' id='word_1_570' title='bbox 1196 2941 1304 3022; x_wconf 89' lang='lat' dir='ltr'><strong>require</strong></span> <span class='ocrx_word' id='word_1_571' title='bbox 1314 2943 1385 3013; x_wconf 88' lang='lat' dir='ltr'><strong>apud</strong></span> <span class='ocrx_word' id='word_1_572' title='bbox 1397 2942 1612 3001; x_wconf 73' lang='lat' dir='ltr'><strong>henschenium.</strong></span> <span class='ocrx_word' id='word_1_573' title='bbox 1627 2948 1665 3002; x_wconf 89' lang='lat' dir='ltr'><strong>Be</strong></span> <span class='ocrx_word' id='word_1_574' title='bbox 1680 2964 1729 3003; x_wconf 84' lang='lat' dir='ltr'><strong>cae·</strong></span> 
     </span>
     <span class='ocr_line' id='line_1_81' title="bbox 933 3013 1729 3089; baseline 0.011 -25"><span class='ocrx_word' id='word_1_575' title='bbox 933 3017 1002 3078; x_wconf 89' lang='lat' dir='ltr'><strong>tero,</strong></span> <span class='ocrx_word' id='word_1_576' title='bbox 1014 3013 1140 3082; x_wconf 87' lang='lat' dir='ltr'><strong>quamvis</strong></span> <span class='ocrx_word' id='word_1_577' title='bbox 1164 3029 1242 3082; x_wconf 88' lang='lat' dir='ltr'><strong>pauci</strong></span> <span class='ocrx_word' id='word_1_578' title='bbox 1265 3014 1372 3069; x_wconf 88' lang='lat' dir='ltr'><strong>codices</strong></span> <span class='ocrx_word' id='word_1_579' title='bbox 1387 3016 1562 3084; x_wconf 87' lang='lat' dir='ltr'><strong>conveniant,</strong></span> <span class='ocrx_word' id='word_1_580' title='bbox 1579 3019 1729 3089; x_wconf 92' lang='lat' dir='ltr'><strong>genuinum</strong></span> 
     </span>
     <span class='ocr_line' id='line_1_82' title="bbox 934 3082 1728 3166; baseline 0.014 -30"><span class='ocrx_word' id='word_1_581' title='bbox 934 3082 1050 3137; x_wconf 90' lang='lat' dir='ltr'><strong>Usuardi</strong></span> <span class='ocrx_word' id='word_1_582' title='bbox 1065 3090 1171 3138; x_wconf 82' lang='lat' dir='ltr'><strong>textum</strong></span> <span class='ocrx_word' id='word_1_583' title='bbox 1186 3083 1231 3138; x_wconf 91' lang='lat' dir='ltr'><strong>hic</strong></span> <span class='ocrx_word' id='word_1_584' title='bbox 1247 3101 1289 3139; x_wconf 89' lang='lat' dir='ltr'><strong>nie</strong></span> <span class='ocrx_word' id='word_1_585' title='bbox 1304 3085 1465 3152; x_wconf 89' lang='lat' dir='ltr'><strong>reddidisse,</strong></span> <span class='ocrx_word' id='word_1_586' title='bbox 1492 3087 1570 3166; x_wconf 90' lang='lat' dir='ltr'><strong>plane</strong></span> <span class='ocrx_word' id='word_1_587' title='bbox 1586 3088 1728 3147; x_wconf 83' lang='lat' dir='ltr'><strong>existimo.</strong></span> 
     </span>
     <span class='ocr_line' id='line_1_83' title="bbox 933 3153 1730 3231; baseline 0.011 -23"><span class='ocrx_word' id='word_1_588' title='bbox 933 3153 1012 3208; x_wconf 88' lang='lat' dir='ltr'><strong>Binis</strong></span> <span class='ocrx_word' id='word_1_589' title='bbox 1023 3155 1280 3210; x_wconf 86' lang='lat' dir='ltr'><strong>aniiuntiationibus</strong></span> <span class='ocrx_word' id='word_1_590' title='bbox 1293 3157 1396 3213; x_wconf 87' lang='lat' dir='ltr'><strong>nostris</strong></span> <span class='ocrx_word' id='word_1_591' title='bbox 1407 3157 1513 3213; x_wconf 86' lang='lat' dir='ltr'><strong>ultimis</strong></span> <span class='ocrx_word' id='word_1_592' title='bbox 1524 3159 1659 3231; x_wconf 89' lang='lat' dir='ltr'><strong>quadrant</strong></span> <span class='ocrx_word' id='word_1_593' title='bbox 1670 3160 1730 3217; x_wconf 89' lang='lat' dir='ltr'><strong>bini</strong></span> 
     </span>
     <span class='ocr_line' id='line_1_84' title="bbox 934 3225 1291 3281; baseline 0.003 -1"><span class='ocrx_word' id='word_1_594' title='bbox 934 3225 1124 3280; x_wconf 91' lang='lat' dir='ltr'><strong>Waudalberti</strong></span> <span class='ocrx_word' id='word_1_595' title='bbox 1139 3226 1268 3281; x_wconf 90' lang='lat' dir='ltr'><strong>versiculi</strong></span> <span class='ocrx_word' id='word_1_596' title='bbox 1285 3244 1291 3281; x_wconf 89' lang='lat'>:</span> 
     </span>
    </p>
   </div>
   <div class='ocr_carea' id='block_1_13' title="bbox 1058 3339 1656 3464">
    <p class='ocr_par' dir='ltr' id='par_1_15' title="bbox 1058 3339 1656 3464">
     <span class='ocr_line' id='line_1_85' title="bbox 1061 3339 1636 3395; baseline 0.005 -8"><span class='ocrx_word' id='word_1_597' title='bbox 1061 3339 1111 3387; x_wconf 76' lang='lat' dir='ltr'><strong>&#39;tri</strong></span> <span class='ocrx_word' id='word_1_598' title='bbox 1123 3348 1225 3387; x_wconf 87' lang='lat' dir='ltr'><strong>centnm</strong></span> <span class='ocrx_word' id='word_1_599' title='bbox 1241 3339 1337 3387; x_wconf 85' lang='lat' dir='ltr'><strong>radiant</strong></span> <span class='ocrx_word' id='word_1_600' title='bbox 1351 3342 1465 3395; x_wconf 70' lang='lat' dir='ltr'><strong>septenis</strong></span> <span class='ocrx_word' id='word_1_601' title='bbox 1481 3341 1567 3389; x_wconf 86' lang='lat' dir='ltr'><strong>idibus</strong></span> <span class='ocrx_word' id='word_1_602' title='bbox 1588 3357 1636 3390; x_wconf 86' lang='lat' dir='ltr'><strong>una</strong></span> 
     </span>
     <span class='ocr_line' id='line_1_86' title="bbox 1058 3402 1656 3464; baseline 0.007 -14"><span class='ocrx_word' id='word_1_603' title='bbox 1058 3402 1189 3463; x_wconf 80' lang='lat' dir='ltr'><strong>Martyrio,</strong></span> <span class='ocrx_word' id='word_1_604' title='bbox 1205 3405 1324 3464; x_wconf 86' lang='lat' dir='ltr'><strong>denique,</strong></span> <span class='ocrx_word' id='word_1_605' title='bbox 1339 3404 1414 3450; x_wconf 87' lang='lat' dir='ltr'><strong>sunni</strong></span> <span class='ocrx_word' id='word_1_606' title='bbox 1428 3405 1565 3451; x_wconf 85' lang='lat' dir='ltr'><strong>decorante</strong></span> <span class='ocrx_word' id='word_1_607' title='bbox 1581 3406 1656 3454; x_wconf 83' lang='lat' dir='ltr'><strong>besto</strong></span> 
     </span>
    </p>
   </div>
   <div class='ocr_carea' id='block_1_14' title="bbox 118 3569 1729 3760">
    <p class='ocr_par' dir='ltr' id='par_1_16' title="bbox 118 3569 1729 3760">
     <span class='ocr_line' id='line_1_87' title="bbox 813 3569 1002 3628; baseline -0.005 -3"><span class='ocrx_word' id='word_1_608' title='bbox 813 3569 1002 3628; x_wconf 86' lang='lat' dir='ltr'><strong>AUGTABlA.</strong></span> 
     </span>
     <span class='ocr_line' id='line_1_88' title="bbox 118 3664 1729 3760; baseline 0.001 -34"><span class='ocrx_word' id='word_1_609' title='bbox 118 3672 147 3726; x_wconf 93' lang='lat' dir='ltr'><strong>ln</strong></span> <span class='ocrx_word' id='word_1_610' title='bbox 162 3670 257 3727; x_wconf 84' lang='lat' dir='ltr'><strong>eidice</strong></span> <span class='ocrx_word' id='word_1_611' title='bbox 271 3671 419 3737; x_wconf 77' lang='lat' dir='ltr'><strong>Patrensi,</strong></span> <span class='ocrx_word' id='word_1_612' title='bbox 433 3668 480 3725; x_wconf 87' lang='lat' dir='ltr'><strong>sed</strong></span> <span class='ocrx_word' id='word_1_613' title='bbox 494 3668 528 3724; x_wconf 92' lang='lat' dir='ltr'><strong>ad</strong></span> <span class='ocrx_word' id='word_1_614' title='bbox 549 3668 709 3741; x_wconf 88' lang='lat' dir='ltr'><strong>marginem,</strong></span> <span class='ocrx_word' id='word_1_615' title='bbox 734 3667 763 3722; x_wconf 93' lang='lat' dir='ltr'><strong>ni</strong></span> <span class='ocrx_word' id='word_1_616' title='bbox 785 3668 875 3735; x_wconf 80' lang='lat' dir='ltr'><strong>fallor,</strong></span> <span class='ocrx_word' id='word_1_617' title='bbox 891 3671 912 3730; x_wconf 79' lang='lat' dir='ltr'><strong>l}</strong></span> <span class='ocrx_word' id='word_1_618' title='bbox 935 3664 1269 3737; x_wconf 85' lang='lat' dir='ltr'><strong>·oppidum,·sicpouunt:</strong></span> <span class='ocrx_word' id='word_1_619' title='bbox 1281 3664 1561 3738; x_wconf 83' lang='lat' dir='ltr'><strong>‹BeatiGregorii,qui</strong></span> <span class='ocrx_word' id='word_1_620' title='bbox 1572 3666 1729 3760; x_wconf 87' lang='lat' dir='ltr'><strong>Theologus</strong></span> 
     </span>
    </p>
   </div>
   <div class='ocr_carea' id='block_1_15' title="bbox 84 3738 887 4950">
    <p class='ocr_par' dir='ltr' id='par_1_17' title="bbox 84 3738 887 4950">
     <span class='ocr_line' id='line_1_89' title="bbox 84 3738 877 3814; baseline -0.006 -16"><span class='ocrx_word' id='word_1_621' title='bbox 84 3742 235 3814; x_wconf 89' lang='lat' dir='ltr'><strong>adjicitur:</strong></span> <span class='ocrx_word' id='word_1_622' title='bbox 260 3742 409 3798; x_wconf 81' lang='lat' dir='ltr'><strong>‹Civitate</strong></span> <span class='ocrx_word' id='word_1_623' title='bbox 432 3741 518 3809; x_wconf 80' lang='lat' dir='ltr'><strong>Burri,</strong></span> <span class='ocrx_word' id='word_1_624' title='bbox 542 3740 686 3796; x_wconf 88' lang='lat' dir='ltr'><strong>translatio</strong></span> <span class='ocrx_word' id='word_1_625' title='bbox 711 3738 877 3795; x_wconf 88' lang='lat' dir='ltr'><strong>sanctissimi</strong></span> 
     </span>
     <span class='ocr_line' id='line_1_90' title="bbox 85 3810 877 3883; baseline -0.005 -14"><span class='ocrx_word' id='word_1_626' title='bbox 85 3814 189 3869; x_wconf 85' lang='lat' dir='ltr'><strong>Nicolai</strong></span> <span class='ocrx_word' id='word_1_627' title='bbox 203 3813 321 3883; x_wconf 88' lang='lat' dir='ltr'><strong>episcopi</strong></span> <span class='ocrx_word' id='word_1_628' title='bbox 335 3819 362 3868; x_wconf 92' lang='lat' dir='ltr'><strong>et</strong></span> <span class='ocrx_word' id='word_1_629' title='bbox 376 3812 550 3867; x_wconf 81' lang='lat' dir='ltr'><strong>confessoris.</strong></span> <span class='ocrx_word' id='word_1_630' title='bbox 566 3837 575 3858; x_wconf 70' lang='grc' dir='ltr'>ι</span> <span class='ocrx_word' id='word_1_631' title='bbox 593 3813 659 3879; x_wconf 85' lang='lat' dir='ltr'><strong>Quae</strong></span> <span class='ocrx_word' id='word_1_632' title='bbox 669 3812 762 3876; x_wconf 87' lang='lat' dir='ltr'><strong>verba,</strong></span> <span class='ocrx_word' id='word_1_633' title='bbox 775 3818 822 3865; x_wconf 90' lang='lat' dir='ltr'><strong>aut</strong></span> <span class='ocrx_word' id='word_1_634' title='bbox 834 3810 877 3865; x_wconf 89' lang='lat' dir='ltr'><strong>his</strong></span> 
     </span>
     <span class='ocr_line' id='line_1_91' title="bbox 85 3882 876 3953; baseline -0.004 -13"><span class='ocrx_word' id='word_1_635' title='bbox 85 3885 202 3949; x_wconf 89' lang='lat' dir='ltr'><strong>similia,</strong></span> <span class='ocrx_word' id='word_1_636' title='bbox 215 3883 286 3953; x_wconf 89' lang='lat' dir='ltr'><strong>apud</strong></span> <span class='ocrx_word' id='word_1_637' title='bbox 308 3885 374 3939; x_wconf 90' lang='lat' dir='ltr'><strong>alios</strong></span> <span class='ocrx_word' id='word_1_638' title='bbox 396 3882 504 3939; x_wconf 87' lang='lat' dir='ltr'><strong>codices</strong></span> <span class='ocrx_word' id='word_1_639' title='bbox 521 3883 550 3936; x_wconf 92' lang='lat' dir='ltr'><strong>in</strong></span> <span class='ocrx_word' id='word_1_640' title='bbox 569 3890 675 3938; x_wconf 84' lang='lat' dir='ltr'><strong>textum</strong></span> <span class='ocrx_word' id='word_1_641' title='bbox 698 3884 876 3937; x_wconf 86' lang='lat' dir='ltr'><strong>transierunt.</strong></span> 
     </span>
     <span class='ocr_line' id='line_1_92' title="bbox 120 3954 878 4010; baseline -0.004 0"><span class='ocrx_word' id='word_1_642' title='bbox 120 3954 346 4010; x_wconf 72' lang='lat' dir='ltr'><strong>Anrvrnndlar.</strong></span> <span class='ocrx_word' id='word_1_643' title='bbox 365 3955 446 4010; x_wconf 90' lang='lat' dir='ltr'><strong>etiam</strong></span> <span class='ocrx_word' id='word_1_644' title='bbox 464 3955 498 4010; x_wconf 94' lang='lat' dir='ltr'><strong>ad</strong></span> <span class='ocrx_word' id='word_1_645' title='bbox 514 3970 572 4010; x_wconf 92' lang='lat' dir='ltr'><strong>mar</strong></span> <span class='ocrx_word' id='word_1_646' title='bbox 591 3955 662 4009; x_wconf 88' lang='lat' dir='ltr'><strong>inem</strong></span> <span class='ocrx_word' id='word_1_647' title='bbox 681 3970 764 4009; x_wconf 90' lang='lat' dir='ltr'><strong>manu</strong></span> <span class='ocrx_word' id='word_1_648' title='bbox 779 3969 878 4009; x_wconf 89' lang='lat' dir='ltr'><strong>recen-</strong></span> 
     </span>
     <span class='ocr_line' id='line_1_93' title="bbox 87 3971 879 4107; baseline 0 -28"><span class='ocrx_word' id='word_1_649' title='bbox 87 4027 147 4081; x_wconf 92' lang='lat' dir='ltr'><strong>tiori</strong></span> <span class='ocrx_word' id='word_1_650' title='bbox 163 4026 319 4107; x_wconf 88' lang='lat' dir='ltr'><strong>appositum</strong></span> <span class='ocrx_word' id='word_1_651' title='bbox 331 4025 410 4082; x_wconf 92' lang='lat' dir='ltr'><strong>habet</strong></span> <span class='ocrx_word' id='word_1_652' title='bbox 434 4044 439 4081; x_wconf 92' lang='lat'>:</span> <span class='ocrx_word' id='word_1_653' title='bbox 465 4050 473 4073; x_wconf 83' lang='grc' dir='ltr'>ι</span> <span class='ocrx_word' id='word_1_654' title='bbox 496 4026 560 4097; x_wconf 89' lang='lat' dir='ltr'><strong>lpsn</strong></span> <span class='ocrx_word' id='word_1_655' title='bbox 568 3971 623 4093; x_wconf 70' lang='lat' dir='ltr'><strong>die,</strong></span> <span class='ocrx_word' id='word_1_656' title='bbox 638 4026 781 4080; x_wconf 88' lang='lat' dir='ltr'><strong>translatio</strong></span> <span class='ocrx_word' id='word_1_657' title='bbox 791 4022 879 4080; x_wconf 88' lang='lat' dir='ltr'><strong>sancti</strong></span> 
     </span>
     <span class='ocr_line' id='line_1_94' title="bbox 88 4095 870 4221; baseline -0.005 -68"><span class='ocrx_word' id='word_1_658' title='bbox 88 4097 188 4153; x_wconf 75' lang='lat' dir='ltr'><strong>Nicolai</strong></span> <span class='ocrx_word' id='word_1_659' title='bbox 203 4097 378 4165; x_wconf 82' lang='lat' dir='ltr'><strong>contessoris,</strong></span> <span class='ocrx_word' id='word_1_660' title='bbox 396 4122 404 4144; x_wconf 83' lang='lat'><em>·</em></span> <span class='ocrx_word' id='word_1_661' title='bbox 428 4097 536 4153; x_wconf 89' lang='lat' dir='ltr'><strong>Addere</strong></span> <span class='ocrx_word' id='word_1_662' title='bbox 551 4104 657 4178; x_wconf 88' lang='lat' dir='ltr'><strong>poterat</strong></span> <span class='ocrx_word' id='word_1_663' title='bbox 685 4095 841 4221; x_wconf 84' lang='lat' dir='ltr'><strong>«episcopi.</strong></span> <span class='ocrx_word' id='word_1_664' title='bbox 862 4119 870 4140; x_wconf 80' lang='grc' dir='ltr'><strong>ι</strong></span> 
     </span>
     <span class='ocr_line' id='line_1_95' title="bbox 120 4166 877 4241; baseline -0.003 -18"><span class='ocrx_word' id='word_1_665' title='bbox 120 4170 265 4225; x_wconf 82' lang='lat' dir='ltr'><strong>ilsnirnari.</strong></span> <span class='ocrx_word' id='word_1_666' title='bbox 286 4176 344 4224; x_wconf 91' lang='lat' dir='ltr'><strong>toto</strong></span> <span class='ocrx_word' id='word_1_667' title='bbox 359 4176 436 4224; x_wconf 84' lang='lat' dir='ltr'><strong>textu</strong></span> <span class='ocrx_word' id='word_1_668' title='bbox 461 4168 635 4241; x_wconf 87' lang='lat' dir='ltr'><strong>purissimus,</strong></span> <span class='ocrx_word' id='word_1_669' title='bbox 663 4166 783 4223; x_wconf 89' lang='lat' dir='ltr'><strong>secundo</strong></span> <span class='ocrx_word' id='word_1_670' title='bbox 818 4182 877 4234; x_wconf 92' lang='lat' dir='ltr'><strong>oco,</strong></span> 
     </span>
     <span class='ocr_line' id='line_1_96' title="bbox 92 4237 879 4317; baseline 0 -25"><span class='ocrx_word' id='word_1_671' title='bbox 92 4240 207 4311; x_wconf 88' lang='lat' dir='ltr'><strong>ampliori</strong></span> <span class='ocrx_word' id='word_1_672' title='bbox 223 4238 317 4311; x_wconf 90' lang='lat' dir='ltr'><strong>phrasi</strong></span> <span class='ocrx_word' id='word_1_673' title='bbox 336 4237 491 4311; x_wconf 86' lang='lat' dir='ltr'><strong>interjicit:</strong></span> <span class='ocrx_word' id='word_1_674' title='bbox 516 4239 642 4295; x_wconf 80' lang='lat' dir='ltr'><strong>«Eodem</strong></span> <span class='ocrx_word' id='word_1_675' title='bbox 658 4239 712 4306; x_wconf 91' lang='lat' dir='ltr'><strong>die,</strong></span> <span class='ocrx_word' id='word_1_676' title='bbox 736 4237 879 4317; x_wconf 79' lang='lat' dir='ltr'><strong>translatio</strong></span> 
     </span>
     <span class='ocr_line' id='line_1_97' title="bbox 93 4309 879 4382; baseline 0 -18"><span class='ocrx_word' id='word_1_677' title='bbox 93 4313 203 4382; x_wconf 87' lang='lat' dir='ltr'><strong>corporis</strong></span> <span class='ocrx_word' id='word_1_678' title='bbox 216 4311 369 4367; x_wconf 87' lang='lat' dir='ltr'><strong>beatissimi</strong></span> <span class='ocrx_word' id='word_1_679' title='bbox 383 4310 488 4366; x_wconf 87' lang='lat' dir='ltr'><strong>Nicolai</strong></span> <span class='ocrx_word' id='word_1_680' title='bbox 502 4311 650 4366; x_wconf 85' lang='lat' dir='ltr'><strong>Mirrorum</strong></span> <span class='ocrx_word' id='word_1_681' title='bbox 665 4309 767 4367; x_wconf 83' lang='lat' dir='ltr'><strong>Lichiae</strong></span> <span class='ocrx_word' id='word_1_682' title='bbox 776 4309 879 4366; x_wconf 87' lang='lat' dir='ltr'><strong>archie-</strong></span> 
     </span>
     <span class='ocr_line' id='line_1_98' title="bbox 95 4379 880 4454; baseline 0 -20"><span class='ocrx_word' id='word_1_683' title='bbox 95 4382 194 4452; x_wconf 85' lang='lat' dir='ltr'><strong>pismpi.</strong></span> <span class='ocrx_word' id='word_1_684' title='bbox 206 4383 258 4449; x_wconf 83' lang='lat' dir='ltr'><strong>Qui</strong></span> <span class='ocrx_word' id='word_1_685' title='bbox 268 4381 366 4438; x_wconf 89' lang='lat' dir='ltr'><strong>divina</strong></span> <span class='ocrx_word' id='word_1_686' title='bbox 376 4381 601 4454; x_wconf 82' lang='lat' dir='ltr'><strong>dispensationes</strong></span> <span class='ocrx_word' id='word_1_687' title='bbox 610 4382 709 4437; x_wconf 84' lang='lat' dir='ltr'><strong>Mirrea</strong></span> <span class='ocrx_word' id='word_1_688' title='bbox 723 4379 880 4452; x_wconf 90' lang='lat' dir='ltr'><strong>metropoli·</strong></span> 
     </span>
     <span class='ocr_line' id='line_1_99' title="bbox 97 4452 882 4577; baseline 0 -71"><span class='ocrx_word' id='word_1_689' title='bbox 97 4452 132 4506; x_wconf 88' lang='lat' dir='ltr'><strong>cis</strong></span> <span class='ocrx_word' id='word_1_690' title='bbox 145 4470 212 4507; x_wconf 92' lang='lat' dir='ltr'><strong>mare</strong></span> <span class='ocrx_word' id='word_1_691' title='bbox 226 4454 378 4509; x_wconf 85' lang='lat' dir='ltr'><strong>translatus</strong></span> <span class='ocrx_word' id='word_1_692' title='bbox 393 4461 420 4508; x_wconf 89' lang='lat' dir='ltr'><strong>et</strong></span> <span class='ocrx_word' id='word_1_693' title='bbox 441 4453 512 4524; x_wconf 94' lang='lat' dir='ltr'><strong>apud</strong></span> <span class='ocrx_word' id='word_1_694' title='bbox 526 4454 687 4508; x_wconf 90' lang='lat' dir='ltr'><strong>Barrensem</strong></span> <span class='ocrx_word' id='word_1_695' title='bbox 709 4452 817 4577; x_wconf 69' lang='lat' dir='ltr'><strong>Apuliae</strong></span> <span class='ocrx_word' id='word_1_696' title='bbox 833 4467 882 4506; x_wconf 91' lang='lat' dir='ltr'><strong>re-</strong></span> 
     </span>
     <span class='ocr_line' id='line_1_100' title="bbox 97 4522 881 4646; baseline 0 -69"><span class='ocrx_word' id='word_1_697' title='bbox 97 4522 177 4646; x_wconf 77' lang='lat' dir='ltr'><strong>gionis</strong></span> <span class='ocrx_word' id='word_1_698' title='bbox 189 4525 330 4580; x_wconf 85' lang='lat' dir='ltr'><strong>civitatem</strong></span> <span class='ocrx_word' id='word_1_699' title='bbox 347 4525 376 4578; x_wconf 90' lang='lat' dir='ltr'><strong>in</strong></span> <span class='ocrx_word' id='word_1_700' title='bbox 391 4523 449 4579; x_wconf 83' lang='lat' dir='ltr'><strong>suis</strong></span> <span class='ocrx_word' id='word_1_701' title='bbox 466 4525 580 4580; x_wconf 90' lang='lat' dir='ltr'><strong>honoris</strong></span> <span class='ocrx_word' id='word_1_702' title='bbox 590 4524 704 4579; x_wconf 89' lang='lat' dir='ltr'><strong>basilica</strong></span> <span class='ocrx_word' id='word_1_703' title='bbox 719 4539 733 4593; x_wconf 91' lang='lat' dir='ltr'><strong>g</strong></span> <span class='ocrx_word' id='word_1_704' title='bbox 747 4523 881 4588; x_wconf 88' lang='lat' dir='ltr'><strong>oriose,ac</strong></span> 
     </span>
     <span class='ocr_line' id='line_1_101' title="bbox 111 4594 880 4666; baseline -0.003 -17"><span class='ocrx_word' id='word_1_705' title='bbox 111 4603 211 4650; x_wconf 90' lang='lat' dir='ltr'><strong>ecenter</strong></span> <span class='ocrx_word' id='word_1_706' title='bbox 225 4603 266 4650; x_wconf 87' lang='lat' dir='ltr'><strong>est</strong></span> <span class='ocrx_word' id='word_1_707' title='bbox 280 4597 400 4652; x_wconf 88' lang='lat' dir='ltr'><strong>collatus</strong></span> <span class='ocrx_word' id='word_1_708' title='bbox 416 4596 603 4665; x_wconf 84' lang='lat' dir='ltr'><strong>(collocatus),</strong></span> <span class='ocrx_word' id='word_1_709' title='bbox 619 4594 666 4650; x_wconf 84' lang='lat' dir='ltr'><strong>ulii</strong></span> <span class='ocrx_word' id='word_1_710' title='bbox 686 4610 771 4666; x_wconf 92' lang='lat' dir='ltr'><strong>usque</strong></span> <span class='ocrx_word' id='word_1_711' title='bbox 787 4594 880 4661; x_wconf 90' lang='lat' dir='ltr'><strong>bodie,</strong></span> 
     </span>
     <span class='ocr_line' id='line_1_102' title="bbox 97 4664 882 4738; baseline -0.001 -19"><span class='ocrx_word' id='word_1_712' title='bbox 97 4680 122 4719; x_wconf 79' lang='lat' dir='ltr'><strong>ac</strong></span> <span class='ocrx_word' id='word_1_713' title='bbox 137 4667 157 4720; x_wconf 87' lang='lat' dir='ltr'><strong>si</strong></span> <span class='ocrx_word' id='word_1_714' title='bbox 171 4669 268 4722; x_wconf 87' lang='lat' dir='ltr'><strong>vivens</strong></span> <span class='ocrx_word' id='word_1_715' title='bbox 283 4669 312 4721; x_wconf 92' lang='lat' dir='ltr'><strong>in</strong></span> <span class='ocrx_word' id='word_1_716' title='bbox 326 4682 450 4738; x_wconf 90' lang='lat' dir='ltr'><strong>corpore,</strong></span> <span class='ocrx_word' id='word_1_717' title='bbox 461 4666 578 4722; x_wconf 89' lang='lat' dir='ltr'><strong>diversis</strong></span> <span class='ocrx_word' id='word_1_718' title='bbox 592 4674 719 4722; x_wconf 89' lang='lat' dir='ltr'><strong>coruscat</strong></span> <span class='ocrx_word' id='word_1_719' title='bbox 740 4664 882 4719; x_wconf 88' lang='lat' dir='ltr'><strong>miraculis</strong></span> 
     </span>
     <span class='ocr_line' id='line_1_103' title="bbox 99 4733 882 4807; baseline 0.003 -19"><span class='ocrx_word' id='word_1_720' title='bbox 99 4737 262 4807; x_wconf 77' lang='lat' dir='ltr'><strong>magnifice·</strong></span> <span class='ocrx_word' id='word_1_721' title='bbox 285 4738 350 4794; x_wconf 84' lang='lat' dir='ltr'><strong>ilaec</strong></span> <span class='ocrx_word' id='word_1_722' title='bbox 363 4738 458 4794; x_wconf 90' lang='lat' dir='ltr'><strong>eadem</strong></span> <span class='ocrx_word' id='word_1_723' title='bbox 483 4738 513 4793; x_wconf 90' lang='lat' dir='ltr'><strong>in</strong></span> <span class='ocrx_word' id='word_1_724' title='bbox 535 4739 646 4795; x_wconf 80' lang='lat' dir='ltr'><strong>Mosam</strong></span> <span class='ocrx_word' id='word_1_725' title='bbox 667 4737 810 4804; x_wconf 89' lang='lat' dir='ltr'><strong>Auctario,</strong></span> <span class='ocrx_word' id='word_1_726' title='bbox 835 4733 882 4791; x_wconf 91' lang='lat' dir='ltr'><strong>sed</strong></span> 
     </span>
     <span class='ocr_line' id='line_1_104' title="bbox 98 4809 405 4881; baseline 0.01 -20"><span class='ocrx_word' id='word_1_727' title='bbox 98 4810 248 4864; x_wconf 82' lang='lat' dir='ltr'><strong>mrrectiora</strong></span> <span class='ocrx_word' id='word_1_728' title='bbox 267 4809 405 4881; x_wconf 85' lang='lat' dir='ltr'><strong>leguntur.</strong></span> 
     </span>
     <span class='ocr_line' id='line_1_105' title="bbox 126 4876 887 4950; baseline -0.001 -17"><span class='ocrx_word' id='word_1_729' title='bbox 126 4879 279 4935; x_wconf 74' lang='lat' dir='ltr'><strong>lominus.</strong></span> <span class='ocrx_word' id='word_1_730' title='bbox 296 4889 405 4937; x_wconf 79' lang='lat' dir='ltr'><strong>textum</strong></span> <span class='ocrx_word' id='word_1_731' title='bbox 421 4881 515 4950; x_wconf 81' lang='lat' dir='ltr'><strong>refert,</strong></span> <span class='ocrx_word' id='word_1_732' title='bbox 536 4880 583 4936; x_wconf 92' lang='lat' dir='ltr'><strong>sed</strong></span> <span class='ocrx_word' id='word_1_733' title='bbox 602 4887 760 4937; x_wconf 88' lang='lat' dir='ltr'><strong>truncatum</strong></span> <span class='ocrx_word' id='word_1_734' title='bbox 785 4876 887 4948; x_wconf 80' lang='lat' dir='ltr'><strong>elogiis</strong></span> 
     </span>
    </p>
   </div>
   <div class='ocr_carea' id='block_1_16' title="bbox 101 4947 1731 5089">
    <p class='ocr_par' dir='ltr' id='par_1_18' title="bbox 101 4947 1731 5089">
     <span class='ocr_line' id='line_1_106' title="bbox 101 4947 1072 5023; baseline -0.001 -22"><span class='ocrx_word' id='word_1_735' title='bbox 101 4947 190 5006; x_wconf 82' lang='lat' dir='ltr'><strong>liernia</strong></span> <span class='ocrx_word' id='word_1_736' title='bbox 207 4958 234 5007; x_wconf 93' lang='lat' dir='ltr'><strong>et</strong></span> <span class='ocrx_word' id='word_1_737' title='bbox 247 4951 372 5023; x_wconf 87' lang='lat' dir='ltr'><strong>Gregorii</strong></span> <span class='ocrx_word' id='word_1_738' title='bbox 387 4952 558 5009; x_wconf 85' lang='lat' dir='ltr'><strong>Nazianzeni.</strong></span> <span class='ocrx_word' id='word_1_739' title='bbox 575 4951 627 5008; x_wconf 91' lang='lat' dir='ltr'><strong>Ubi</strong></span> <span class='ocrx_word' id='word_1_740' title='bbox 642 4960 669 5007; x_wconf 89' lang='lat' dir='ltr'><strong>et</strong></span> <span class='ocrx_word' id='word_1_741' title='bbox 685 4968 734 5022; x_wconf 88' lang='lat' dir='ltr'><strong>pro</strong></span> <span class='ocrx_word' id='word_1_742' title='bbox 749 4948 884 5020; x_wconf 84' lang='lat' dir='ltr'><strong>martyri·</strong></span> <span class='ocrx_word' id='word_1_743' title='bbox 937 4957 964 5002; x_wconf 89' lang='lat' dir='ltr'><strong>et</strong></span> <span class='ocrx_word' id='word_1_744' title='bbox 982 4947 1072 5002; x_wconf 85' lang='lat' dir='ltr'><strong>Timet</strong></span> 
     </span>
     <span class='ocr_line' id='line_1_107' title="bbox 328 5017 1731 5089; baseline -0.002 -13"><span class='ocrx_word' id='word_1_745' title='bbox 328 5023 334 5032; x_wconf 82' lang='lat'><strong>‘</strong></span> <span class='ocrx_word' id='word_1_746' title='bbox 901 5019 985 5085; x_wconf 84' lang='lat' dir='ltr'><strong>Dliin</strong></span> <span class='ocrx_word' id='word_1_747' title='bbox 1003 5020 1163 5073; x_wconf 89' lang='lat' dir='ltr'><strong>translatum</strong></span> <span class='ocrx_word' id='word_1_748' title='bbox 1181 5017 1244 5071; x_wconf 88' lang='lat' dir='ltr'><strong>fnit.</strong></span> <span class='ocrx_word' id='word_1_749' title='bbox 1260 5017 1290 5071; x_wconf 93' lang='lat' dir='ltr'><strong>ln</strong></span> <span class='ocrx_word' id='word_1_750' title='bbox 1305 5017 1406 5089; x_wconf 88' lang='lat' dir='ltr'><strong>Apulia</strong></span> <span class='ocrx_word' id='word_1_751' title='bbox 1425 5021 1497 5089; x_wconf 86' lang='lat' dir='ltr'><strong>apud</strong></span> <span class='ocrx_word' id='word_1_752' title='bbox 1513 5019 1615 5073; x_wconf 89' lang='lat' dir='ltr'><strong>Bariim</strong></span> <span class='ocrx_word' id='word_1_753' title='bbox 1635 5018 1731 5073; x_wconf 88' lang='lat' dir='ltr'><strong>civita·</strong></span> 
     </span>
    </p>
   </div>
   <div class='ocr_carea' id='block_1_17' title="bbox 89 5018 887 5812">
    <p class='ocr_par' dir='ltr' id='par_1_19' title="bbox 100 5018 581 5094">
     <span class='ocr_line' id='line_1_108' title="bbox 100 5018 581 5094; baseline 0.015 -22"><span class='ocrx_word' id='word_1_754' title='bbox 100 5018 141 5074; x_wconf 88' lang='lat' dir='ltr'><strong>bus</strong></span> <span class='ocrx_word' id='word_1_755' title='bbox 153 5038 216 5077; x_wconf 78' lang='lat' dir='ltr'><strong>cccx</strong></span> <span class='ocrx_word' id='word_1_756' title='bbox 231 5025 311 5094; x_wconf 93' lang='lat' dir='ltr'><strong>ponit</strong></span> <span class='ocrx_word' id='word_1_757' title='bbox 327 5039 385 5093; x_wconf 89' lang='lat' dir='ltr'><strong>ipse</strong></span> <span class='ocrx_word' id='word_1_758' title='bbox 398 5025 487 5079; x_wconf 90' lang='lat' dir='ltr'><strong>solum</strong></span> <span class='ocrx_word' id='word_1_759' title='bbox 504 5039 581 5080; x_wconf 90' lang='lat' dir='ltr'><strong>cccv.</strong></span> 
     </span>
    </p>

    <p class='ocr_par' dir='ltr' id='par_1_20' title="bbox 95 5089 885 5288">
     <span class='ocr_line' id='line_1_109' title="bbox 128 5089 885 5165; baseline -0.004 -18"><span class='ocrx_word' id='word_1_760' title='bbox 128 5093 274 5149; x_wconf 74' lang='lat' dir='ltr'><strong>Persaeus.</strong></span> <span class='ocrx_word' id='word_1_761' title='bbox 287 5095 316 5149; x_wconf 94' lang='lat' dir='ltr'><strong>in</strong></span> <span class='ocrx_word' id='word_1_762' title='bbox 326 5094 414 5164; x_wconf 91' lang='lat' dir='ltr'><strong>prima</strong></span> <span class='ocrx_word' id='word_1_763' title='bbox 428 5095 639 5151; x_wconf 89' lang='lat' dir='ltr'><strong>annuntiatione</strong></span> <span class='ocrx_word' id='word_1_764' title='bbox 653 5108 748 5165; x_wconf 90' lang='lat' dir='ltr'><strong>purus,</strong></span> <span class='ocrx_word' id='word_1_765' title='bbox 764 5089 885 5147; x_wconf 88' lang='lat' dir='ltr'><strong>secundo</strong></span> 
     </span>
     <span class='ocr_line' id='line_1_110' title="bbox 95 5162 882 5288; baseline 0.001 -70"><span class='ocrx_word' id='word_1_766' title='bbox 95 5163 237 5288; x_wconf 55' lang='lat' dir='ltr'><strong>qocorelert</strong></span> <span class='ocrx_word' id='word_1_767' title='bbox 247 5165 422 5238; x_wconf 86' lang='lat' dir='ltr'><strong>Gregorium,</strong></span> <span class='ocrx_word' id='word_1_768' title='bbox 434 5166 516 5222; x_wconf 88' lang='lat' dir='ltr'><strong>etiam</strong></span> <span class='ocrx_word' id='word_1_769' title='bbox 530 5181 605 5239; x_wconf 89' lang='lat' dir='ltr'><strong>pure.</strong></span> <span class='ocrx_word' id='word_1_770' title='bbox 619 5165 672 5222; x_wconf 86' lang='lat' dir='ltr'><strong>Sed</strong></span> <span class='ocrx_word' id='word_1_771' title='bbox 681 5172 779 5221; x_wconf 74' lang='lat' dir='ltr'><strong>caetera</strong></span> <span class='ocrx_word' id='word_1_772' title='bbox 788 5162 882 5219; x_wconf 86' lang='lat' dir='ltr'><strong>omnia</strong></span> 
     </span>
    </p>

    <p class='ocr_par' dir='ltr' id='par_1_21' title="bbox 111 5246 194 5292">
     <span class='ocr_line' id='line_1_111' title="bbox 111 5246 194 5292; baseline 0.024 -2"><span class='ocrx_word' id='word_1_773' title='bbox 111 5246 194 5292; x_wconf 88' lang='lat' dir='ltr'><strong>esunt.</strong></span> 
     </span>
    </p>

    <p class='ocr_par' dir='ltr' id='par_1_22' title="bbox 93 5305 882 5604">
     <span class='ocr_line' id='line_1_112' title="bbox 123 5305 882 5382; baseline -0.004 -20"><span class='ocrx_word' id='word_1_774' title='bbox 123 5308 270 5365; x_wconf 74' lang='lat' dir='ltr'><strong>Bonnam.</strong></span> <span class='ocrx_word' id='word_1_775' title='bbox 296 5309 325 5364; x_wconf 92' lang='lat' dir='ltr'><strong>in</strong></span> <span class='ocrx_word' id='word_1_776' title='bbox 346 5309 400 5366; x_wconf 88' lang='lat' dir='ltr'><strong>line</strong></span> <span class='ocrx_word' id='word_1_777' title='bbox 426 5317 487 5382; x_wconf 89' lang='lat' dir='ltr'><strong>post</strong></span> <span class='ocrx_word' id='word_1_778' title='bbox 513 5317 641 5367; x_wconf 85' lang='lat' dir='ltr'><strong>textum:</strong></span> <span class='ocrx_word' id='word_1_779' title='bbox 672 5306 801 5365; x_wconf 79' lang='lat' dir='ltr'><strong>«Eodem</strong></span> <span class='ocrx_word' id='word_1_780' title='bbox 825 5305 882 5374; x_wconf 91' lang='lat' dir='ltr'><strong>die,</strong></span> 
     </span>
     <span class='ocr_line' id='line_1_113' title="bbox 94 5378 857 5454; baseline -0.001 -22"><span class='ocrx_word' id='word_1_781' title='bbox 94 5381 227 5436; x_wconf 83' lang='lat' dir='ltr'><strong>translatio</strong></span> <span class='ocrx_word' id='word_1_782' title='bbox 242 5381 317 5437; x_wconf 91' lang='lat' dir='ltr'><strong>beati</strong></span> <span class='ocrx_word' id='word_1_783' title='bbox 330 5381 435 5437; x_wconf 88' lang='lat' dir='ltr'><strong>Nicolai</strong></span> <span class='ocrx_word' id='word_1_784' title='bbox 453 5381 572 5454; x_wconf 89' lang='lat' dir='ltr'><strong>episcopi</strong></span> <span class='ocrx_word' id='word_1_785' title='bbox 587 5389 613 5436; x_wconf 91' lang='lat' dir='ltr'><strong>et</strong></span> <span class='ocrx_word' id='word_1_786' title='bbox 627 5378 822 5436; x_wconf 75' lang='lat' dir='ltr'><strong>confessoris·</strong></span> <span class='ocrx_word' id='word_1_787' title='bbox 854 5449 857 5454; x_wconf 25' lang='grc' dir='ltr'>Ι</span> 
     </span>
     <span class='ocr_line' id='line_1_114' title="bbox 123 5451 882 5522; baseline -0.003 -15"><span class='ocrx_word' id='word_1_788' title='bbox 123 5451 270 5508; x_wconf 81' lang='lat' dir='ltr'><strong>lieswsvo.</strong></span> <span class='ocrx_word' id='word_1_789' title='bbox 306 5469 336 5508; x_wconf 88' lang='lat' dir='ltr'><strong>ro</strong></span> <span class='ocrx_word' id='word_1_790' title='bbox 352 5455 434 5509; x_wconf 83' lang='lat' dir='ltr'><strong>Beato</strong></span> <span class='ocrx_word' id='word_1_791' title='bbox 449 5454 600 5520; x_wconf 89' lang='lat' dir='ltr'><strong>substituit,</strong></span> <span class='ocrx_word' id='word_1_792' title='bbox 615 5453 668 5508; x_wconf 85' lang='lat' dir='ltr'><strong>Gen</strong></span> <span class='ocrx_word' id='word_1_793' title='bbox 706 5452 882 5522; x_wconf 70' lang='lat' dir='ltr'><strong>lfiinertgris.</strong></span> 
     </span>
     <span class='ocr_line' id='line_1_115' title="bbox 93 5469 830 5604; baseline 0.005 -31"><span class='ocrx_word' id='word_1_794' title='bbox 93 5520 126 5575; x_wconf 86' lang='lat' dir='ltr'><strong>lta</strong></span> <span class='ocrx_word' id='word_1_795' title='bbox 139 5523 166 5578; x_wconf 91' lang='lat' dir='ltr'><strong>in</strong></span> <span class='ocrx_word' id='word_1_796' title='bbox 181 5525 251 5580; x_wconf 91' lang='lat' dir='ltr'><strong>eccl.</strong></span> <span class='ocrx_word' id='word_1_797' title='bbox 267 5469 411 5596; x_wconf 68' lang='lat' dir='ltr'><strong>tilinject.</strong></span> <span class='ocrx_word' id='word_1_798' title='bbox 423 5524 475 5580; x_wconf 86' lang='lat' dir='ltr'><strong>Sed</strong></span> <span class='ocrx_word' id='word_1_799' title='bbox 490 5525 592 5580; x_wconf 86' lang='lat' dir='ltr'><strong>colitur</strong></span> <span class='ocrx_word' id='word_1_800' title='bbox 606 5540 636 5578; x_wconf 83' lang='lat' dir='ltr'><strong>xi</strong></span> <span class='ocrx_word' id='word_1_801' title='bbox 677 5522 726 5578; x_wconf 92' lang='lat' dir='ltr'><strong>aii.</strong></span> <span class='ocrx_word' id='word_1_802' title='bbox 795 5593 801 5604; x_wconf 22' lang='grc' dir='ltr'>ι</span> <span class='ocrx_word' id='word_1_803' title='bbox 825 5592 830 5604; x_wconf 31' lang='lat'>⁸</span> 
     </span>
    </p>

    <p class='ocr_par' dir='ltr' id='par_1_23' title="bbox 89 5595 887 5812">
     <span class='ocr_line' id='line_1_116' title="bbox 153 5595 885 5665; baseline -0.004 -14"><span class='ocrx_word' id='word_1_804' title='bbox 153 5597 291 5651; x_wconf 82' lang='lat' dir='ltr'><strong>Anrvuur</strong></span> <span class='ocrx_word' id='word_1_805' title='bbox 304 5597 520 5663; x_wconf 76' lang='lat' dir='ltr'><strong>-hiux.,Lusnc.,</strong></span> <span class='ocrx_word' id='word_1_806' title='bbox 532 5597 728 5651; x_wconf 81' lang='lat' dir='ltr'><strong>etAcnsncsu.</strong></span> <span class='ocrx_word' id='word_1_807' title='bbox 744 5595 885 5665; x_wconf 87' lang='lat' dir='ltr'><strong>Incipiunt</strong></span> 
     </span>
     <span class='ocr_line' id='line_1_117' title="bbox 89 5666 886 5739; baseline -0.004 -16"><span class='ocrx_word' id='word_1_808' title='bbox 89 5680 189 5734; x_wconf 71' lang='lat' dir='ltr'><strong>senex,</strong></span> <span class='ocrx_word' id='word_1_809' title='bbox 202 5666 252 5723; x_wconf 84' lang='lat' dir='ltr'><strong>uhi</strong></span> <span class='ocrx_word' id='word_1_810' title='bbox 267 5668 329 5739; x_wconf 89' lang='lat' dir='ltr'><strong>puri</strong></span> <span class='ocrx_word' id='word_1_811' title='bbox 346 5675 422 5723; x_wconf 88' lang='lat' dir='ltr'><strong>sunt.</strong></span> <span class='ocrx_word' id='word_1_812' title='bbox 448 5668 488 5723; x_wconf 89' lang='lat' dir='ltr'><strong>Be</strong></span> <span class='ocrx_word' id='word_1_813' title='bbox 507 5668 617 5737; x_wconf 86' lang='lat' dir='ltr'><strong>Herma,</strong></span> <span class='ocrx_word' id='word_1_814' title='bbox 638 5673 699 5739; x_wconf 93' lang='lat' dir='ltr'><strong>post</strong></span> <span class='ocrx_word' id='word_1_815' title='bbox 730 5691 739 5714; x_wconf 80' lang='grc' dir='ltr'>ι</span> <span class='ocrx_word' id='word_1_816' title='bbox 764 5667 886 5723; x_wconf 88' lang='lat' dir='ltr'><strong>scribens</strong></span> 
     </span>
     <span class='ocr_line' id='line_1_118' title="bbox 89 5738 887 5812; baseline 0.001 -21"><span class='ocrx_word' id='word_1_817' title='bbox 89 5739 223 5808; x_wconf 90' lang='lat' dir='ltr'><strong>meminit,</strong></span> <span class='ocrx_word' id='word_1_818' title='bbox 252 5746 351 5796; x_wconf 78' lang='lat' dir='ltr'><strong>catera</strong></span> <span class='ocrx_word' id='word_1_819' title='bbox 374 5747 547 5812; x_wconf 82' lang='lat' dir='ltr'><strong>expungunt.</strong></span> <span class='ocrx_word' id='word_1_820' title='bbox 578 5740 618 5798; x_wconf 84' lang='lat' dir='ltr'><strong>ne</strong></span> <span class='ocrx_word' id='word_1_821' title='bbox 652 5738 794 5810; x_wconf 87' lang='lat' dir='ltr'><strong>Gregorio,</strong></span> <span class='ocrx_word' id='word_1_822' title='bbox 826 5744 887 5809; x_wconf 92' lang='lat' dir='ltr'><strong>post</strong></span> 
     </span>
    </p>
   </div>
   <div class='ocr_carea' id='block_1_18' title="bbox 931 3736 1733 5017">
    <p class='ocr_par' dir='ltr' id='par_1_24' title="bbox 931 3736 1729 3951">
     <span class='ocr_line' id='line_1_119' title="bbox 931 3736 1729 3808; baseline 0.008 -15"><span class='ocrx_word' id='word_1_823' title='bbox 931 3738 1022 3793; x_wconf 89' lang='lat' dir='ltr'><strong>dictus</strong></span> <span class='ocrx_word' id='word_1_824' title='bbox 1032 3745 1082 3803; x_wconf 88' lang='lat' dir='ltr'><strong>est,</strong></span> <span class='ocrx_word' id='word_1_825' title='bbox 1092 3738 1204 3804; x_wconf 89' lang='lat' dir='ltr'><strong>nobilis,</strong></span> <span class='ocrx_word' id='word_1_826' title='bbox 1216 3736 1340 3792; x_wconf 89' lang='lat' dir='ltr'><strong>eruditus</strong></span> <span class='ocrx_word' id='word_1_827' title='bbox 1354 3738 1461 3808; x_wconf 82' lang='lat' dir='ltr'><strong>collega</strong></span> <span class='ocrx_word' id='word_1_828' title='bbox 1475 3737 1547 3792; x_wconf 90' lang='lat' dir='ltr'><strong>beati</strong></span> <span class='ocrx_word' id='word_1_829' title='bbox 1562 3739 1657 3795; x_wconf 90' lang='lat' dir='ltr'><strong>Basilii</strong></span> <span class='ocrx_word' id='word_1_830' title='bbox 1673 3743 1729 3799; x_wconf 72' lang='lat' dir='ltr'><strong>he·</strong></span> 
     </span>
     <span class='ocr_line' id='line_1_120' title="bbox 932 3808 1729 3886; baseline 0.005 -22"><span class='ocrx_word' id='word_1_831' title='bbox 932 3809 1065 3864; x_wconf 85' lang='lat' dir='ltr'><strong>sareensis</strong></span> <span class='ocrx_word' id='word_1_832' title='bbox 1079 3809 1209 3880; x_wconf 89' lang='lat' dir='ltr'><strong>episcopi.</strong></span> <span class='ocrx_word' id='word_1_833' title='bbox 1227 3832 1235 3853; x_wconf 83' lang='lat'><strong>·</strong></span> <span class='ocrx_word' id='word_1_834' title='bbox 1255 3808 1369 3879; x_wconf 86' lang='lat' dir='ltr'><strong>lleliqua</strong></span> <span class='ocrx_word' id='word_1_835' title='bbox 1391 3809 1484 3863; x_wconf 84' lang='lat' dir='ltr'><strong>omma</strong></span> <span class='ocrx_word' id='word_1_836' title='bbox 1507 3809 1615 3878; x_wconf 90' lang='lat' dir='ltr'><strong>desunt,</strong></span> <span class='ocrx_word' id='word_1_837' title='bbox 1632 3829 1729 3886; x_wconf 89' lang='lat' dir='ltr'><strong>nempe</strong></span> 
     </span>
     <span class='ocr_line' id='line_1_121' title="bbox 932 3879 1374 3951; baseline -0.002 -16"><span class='ocrx_word' id='word_1_838' title='bbox 932 3879 1107 3935; x_wconf 89' lang='lat' dir='ltr'><strong>annuntiatio</strong></span> <span class='ocrx_word' id='word_1_839' title='bbox 1123 3880 1252 3951; x_wconf 82' lang='lat' dir='ltr'><strong>primast</strong></span> <span class='ocrx_word' id='word_1_840' title='bbox 1268 3880 1374 3934; x_wconf 86' lang='lat' dir='ltr'><strong>ultima.</strong></span> 
     </span>
    </p>

    <p class='ocr_par' dir='ltr' id='par_1_25' title="bbox 934 3949 1729 4095">
     <span class='ocr_line' id='line_1_122' title="bbox 968 3949 1729 4024; baseline 0.007 -18"><span class='ocrx_word' id='word_1_841' title='bbox 968 3951 1065 4006; x_wconf 81' lang='lat' dir='ltr'><strong>Banic.</strong></span> <span class='ocrx_word' id='word_1_842' title='bbox 1082 3949 1110 4004; x_wconf 93' lang='lat' dir='ltr'><strong>in</strong></span> <span class='ocrx_word' id='word_1_843' title='bbox 1124 3967 1184 4005; x_wconf 90' lang='lat' dir='ltr'><strong>eoa</strong></span> <span class='ocrx_word' id='word_1_844' title='bbox 1199 3951 1337 4021; x_wconf 91' lang='lat' dir='ltr'><strong>prioribus</strong></span> <span class='ocrx_word' id='word_1_845' title='bbox 1351 3950 1452 4018; x_wconf 80' lang='lat' dir='ltr'><strong>differt,</strong></span> <span class='ocrx_word' id='word_1_846' title='bbox 1468 3950 1541 4024; x_wconf 88' lang='lat' dir='ltr'><strong>quod</strong></span> <span class='ocrx_word' id='word_1_847' title='bbox 1557 3953 1663 4011; x_wconf 85' lang='lat' dir='ltr'><strong>llermae</strong></span> <span class='ocrx_word' id='word_1_848' title='bbox 1674 3956 1729 4011; x_wconf 92' lang='lat' dir='ltr'><strong>elo·</strong></span> 
     </span>
     <span class='ocr_line' id='line_1_123' title="bbox 934 4021 1284 4095; baseline 0.003 -19"><span class='ocrx_word' id='word_1_849' title='bbox 934 4021 1006 4095; x_wconf 87' lang='lat' dir='ltr'><strong>gium</strong></span> <span class='ocrx_word' id='word_1_850' title='bbox 1024 4024 1160 4093; x_wconf 91' lang='lat' dir='ltr'><strong>integrum</strong></span> <span class='ocrx_word' id='word_1_851' title='bbox 1176 4022 1284 4078; x_wconf 80' lang='lat' dir='ltr'><strong>reiciat.</strong></span> 
     </span>
    </p>

    <p class='ocr_par' dir='ltr' id='par_1_26' title="bbox 933 4093 1732 4451">
     <span class='ocr_line' id='line_1_124' title="bbox 968 4093 1731 4169; baseline 0.008 -21"><span class='ocrx_word' id='word_1_852' title='bbox 968 4093 1218 4160; x_wconf 70' lang='lat' dir='ltr'><strong>biamAnrvirnn,</strong></span> <span class='ocrx_word' id='word_1_853' title='bbox 1234 4093 1386 4148; x_wconf 76' lang='lat' dir='ltr'><strong>bivarium.</strong></span> <span class='ocrx_word' id='word_1_854' title='bbox 1403 4100 1430 4147; x_wconf 92' lang='lat' dir='ltr'><strong>et</strong></span> <span class='ocrx_word' id='word_1_855' title='bbox 1441 4093 1563 4151; x_wconf 69' lang='lat' dir='ltr'><strong>linteas.</strong></span> <span class='ocrx_word' id='word_1_856' title='bbox 1576 4113 1658 4169; x_wconf 90' lang='lat' dir='ltr'><strong>supra</strong></span> <span class='ocrx_word' id='word_1_857' title='bbox 1672 4098 1731 4153; x_wconf 83' lang='lat' dir='ltr'><strong>lta-</strong></span> 
     </span>
     <span class='ocr_line' id='line_1_125' title="bbox 934 4163 1731 4236; baseline 0.005 -16"><span class='ocrx_word' id='word_1_858' title='bbox 934 4165 1026 4221; x_wconf 90' lang='lat' dir='ltr'><strong>nicum</strong></span> <span class='ocrx_word' id='word_1_859' title='bbox 1041 4163 1069 4219; x_wconf 93' lang='lat' dir='ltr'><strong>in</strong></span> <span class='ocrx_word' id='word_1_860' title='bbox 1088 4163 1143 4218; x_wconf 91' lang='lat' dir='ltr'><strong>line</strong></span> <span class='ocrx_word' id='word_1_861' title='bbox 1171 4164 1329 4236; x_wconf 86' lang='lat' dir='ltr'><strong>adjiciunt:</strong></span> <span class='ocrx_word' id='word_1_862' title='bbox 1361 4164 1489 4220; x_wconf 82' lang='lat' dir='ltr'><strong>‹Eodem</strong></span> <span class='ocrx_word' id='word_1_863' title='bbox 1509 4167 1564 4231; x_wconf 91' lang='lat' dir='ltr'><strong>dic,</strong></span> <span class='ocrx_word' id='word_1_864' title='bbox 1587 4168 1731 4225; x_wconf 91' lang='lat' dir='ltr'><strong>translatio</strong></span> 
     </span>
     <span class='ocr_line' id='line_1_126' title="bbox 933 4235 1732 4307; baseline 0.006 -16"><span class='ocrx_word' id='word_1_865' title='bbox 933 4235 1056 4307; x_wconf 90' lang='lat' dir='ltr'><strong>corporis</strong></span> <span class='ocrx_word' id='word_1_866' title='bbox 1070 4235 1220 4291; x_wconf 89' lang='lat' dir='ltr'><strong>beatissimi</strong></span> <span class='ocrx_word' id='word_1_867' title='bbox 1234 4235 1339 4292; x_wconf 89' lang='lat' dir='ltr'><strong>Nicolai</strong></span> <span class='ocrx_word' id='word_1_868' title='bbox 1354 4236 1516 4293; x_wconf 88' lang='lat' dir='ltr'><strong>ldirreorum</strong></span> <span class='ocrx_word' id='word_1_869' title='bbox 1533 4238 1614 4295; x_wconf 78' lang='lat' dir='ltr'><strong>Liciae</strong></span> <span class='ocrx_word' id='word_1_870' title='bbox 1628 4239 1732 4296; x_wconf 86' lang='lat' dir='ltr'><strong>archie-</strong></span> 
     </span>
     <span class='ocr_line' id='line_1_127' title="bbox 935 4306 1732 4379; baseline 0.008 -19"><span class='ocrx_word' id='word_1_871' title='bbox 935 4306 1074 4379; x_wconf 83' lang='lat' dir='ltr'><strong>piscopi.»</strong></span> <span class='ocrx_word' id='word_1_872' title='bbox 1097 4308 1231 4364; x_wconf 82' lang='lat' dir='ltr'><strong>Convenit</strong></span> <span class='ocrx_word' id='word_1_873' title='bbox 1256 4309 1354 4363; x_wconf 82' lang='lat' dir='ltr'><strong>Burrio</strong></span> <span class='ocrx_word' id='word_1_874' title='bbox 1379 4307 1599 4367; x_wconf 68' lang='lat' dir='ltr'><strong>Uirrius-Beue.</strong></span> <span class='ocrx_word' id='word_1_875' title='bbox 1623 4311 1677 4367; x_wconf 86' lang='lat' dir='ltr'><strong>Sed</strong></span> <span class='ocrx_word' id='word_1_876' title='bbox 1697 4310 1732 4368; x_wconf 87' lang='lat' dir='ltr'><strong>do</strong></span> 
     </span>
     <span class='ocr_line' id='line_1_128' title="bbox 935 4378 1337 4451; baseline 0 -17"><span class='ocrx_word' id='word_1_877' title='bbox 935 4378 1066 4450; x_wconf 84' lang='lat' dir='ltr'><strong>Gregorio</strong></span> <span class='ocrx_word' id='word_1_878' title='bbox 1083 4379 1138 4451; x_wconf 91' lang='lat' dir='ltr'><strong>agit</strong></span> <span class='ocrx_word' id='word_1_879' title='bbox 1153 4379 1252 4434; x_wconf 89' lang='lat' dir='ltr'><strong>ultimo</strong></span> <span class='ocrx_word' id='word_1_880' title='bbox 1269 4380 1337 4434; x_wconf 85' lang='lat' dir='ltr'><strong>loco.</strong></span> 
     </span>
    </p>

    <p class='ocr_par' dir='ltr' id='par_1_27' title="bbox 936 4449 1731 4590">
     <span class='ocr_line' id='line_1_129' title="bbox 971 4449 1731 4524; baseline 0.005 -21"><span class='ocrx_word' id='word_1_881' title='bbox 971 4450 1089 4505; x_wconf 79' lang='lat' dir='ltr'><strong>Ueritas.</strong></span> <span class='ocrx_word' id='word_1_882' title='bbox 1106 4450 1149 4504; x_wconf 90' lang='lat' dir='ltr'><strong>his</strong></span> <span class='ocrx_word' id='word_1_883' title='bbox 1175 4449 1293 4519; x_wconf 79' lang='lat' dir='ltr'><strong>adjicit:</strong></span> <span class='ocrx_word' id='word_1_884' title='bbox 1324 4473 1333 4496; x_wconf 76' lang='grc' dir='ltr'>ι</span> <span class='ocrx_word' id='word_1_885' title='bbox 1357 4450 1435 4516; x_wconf 91' lang='lat' dir='ltr'><strong>Item,</strong></span> <span class='ocrx_word' id='word_1_886' title='bbox 1452 4452 1595 4507; x_wconf 90' lang='lat' dir='ltr'><strong>translatio</strong></span> <span class='ocrx_word' id='word_1_887' title='bbox 1618 4451 1731 4524; x_wconf 91' lang='lat' dir='ltr'><strong>gloriosi</strong></span> 
     </span>
     <span class='ocr_line' id='line_1_130' title="bbox 936 4519 1729 4590; baseline 0.004 -15"><span class='ocrx_word' id='word_1_888' title='bbox 936 4520 1108 4590; x_wconf 84' lang='lat' dir='ltr'><strong>Hieronymi,</strong></span> <span class='ocrx_word' id='word_1_889' title='bbox 1126 4519 1246 4574; x_wconf 86' lang='lat' dir='ltr'><strong>doctoris</strong></span> <span class='ocrx_word' id='word_1_890' title='bbox 1269 4519 1400 4573; x_wconf 75' lang='lat' dir='ltr'><strong>eximii.»</strong></span> <span class='ocrx_word' id='word_1_891' title='bbox 1426 4520 1494 4574; x_wconf 88' lang='lat' dir='ltr'><strong>Vide</strong></span> <span class='ocrx_word' id='word_1_892' title='bbox 1518 4522 1729 4578; x_wconf 87' lang='lat' dir='ltr'><strong>Praetermissos.</strong></span> 
     </span>
    </p>

    <p class='ocr_par' dir='ltr' id='par_1_28' title="bbox 936 4590 1733 5000">
     <span class='ocr_line' id='line_1_131' title="bbox 972 4590 1731 4673; baseline 0.003 -27"><span class='ocrx_word' id='word_1_893' title='bbox 972 4590 1176 4646; x_wconf 79' lang='lat' dir='ltr'><strong>Cauruinssis:</strong></span> <span class='ocrx_word' id='word_1_894' title='bbox 1196 4591 1319 4654; x_wconf 74' lang='lat' dir='ltr'><strong>«Borrine,</strong></span> <span class='ocrx_word' id='word_1_895' title='bbox 1331 4590 1419 4643; x_wconf 89' lang='lat' dir='ltr'><strong>sancti</strong></span> <span class='ocrx_word' id='word_1_896' title='bbox 1432 4591 1560 4658; x_wconf 88' lang='lat' dir='ltr'><strong>llermen,</strong></span> <span class='ocrx_word' id='word_1_897' title='bbox 1576 4592 1655 4673; x_wconf 78' lang='lat' dir='ltr'><strong>cujus</strong></span> <span class='ocrx_word' id='word_1_898' title='bbox 1668 4608 1731 4664; x_wconf 88' lang='lat' dir='ltr'><strong>apo·</strong></span> 
     </span>
     <span class='ocr_line' id='line_1_132' title="bbox 937 4660 1732 4722; baseline 0.003 -4"><span class='ocrx_word' id='word_1_899' title='bbox 937 4661 1138 4718; x_wconf 86' lang='lat' dir='ltr'><strong>stolusPaulus</strong></span> <span class='ocrx_word' id='word_1_900' title='bbox 1164 4660 1198 4714; x_wconf 86' lang='lat' dir='ltr'><strong>ad</strong></span> <span class='ocrx_word' id='word_1_901' title='bbox 1224 4661 1361 4716; x_wconf 82' lang='lat' dir='ltr'><strong>liomimos</strong></span> <span class='ocrx_word' id='word_1_902' title='bbox 1387 4660 1508 4715; x_wconf 89' lang='lat' dir='ltr'><strong>scribens</strong></span> <span class='ocrx_word' id='word_1_903' title='bbox 1535 4663 1672 4722; x_wconf 88' lang='lat' dir='ltr'><strong>riiemrnit.</strong></span> <span class='ocrx_word' id='word_1_904' title='bbox 1701 4667 1732 4721; x_wconf 89' lang='lat' dir='ltr'><strong>ln</strong></span> 
     </span>
     <span class='ocr_line' id='line_1_133' title="bbox 936 4731 1731 4805; baseline 0.004 -17"><span class='ocrx_word' id='word_1_905' title='bbox 936 4732 1056 4798; x_wconf 90' lang='lat' dir='ltr'><strong>Perside,</strong></span> <span class='ocrx_word' id='word_1_906' title='bbox 1084 4739 1240 4786; x_wconf 90' lang='lat' dir='ltr'><strong>sanctorum</strong></span> <span class='ocrx_word' id='word_1_907' title='bbox 1264 4746 1331 4785; x_wconf 80' lang='lat' dir='ltr'><strong>cccv</strong></span> <span class='ocrx_word' id='word_1_908' title='bbox 1345 4731 1519 4802; x_wconf 80' lang='lat' dir='ltr'><strong>Martyrium.</strong></span> <span class='ocrx_word' id='word_1_909' title='bbox 1547 4735 1652 4790; x_wconf 87' lang='lat' dir='ltr'><strong>Eodem</strong></span> <span class='ocrx_word' id='word_1_910' title='bbox 1676 4735 1731 4805; x_wconf 90' lang='lat' dir='ltr'><strong>die,</strong></span> 
     </span>
     <span class='ocr_line' id='line_1_134' title="bbox 937 4801 1733 4875; baseline 0.004 -16"><span class='ocrx_word' id='word_1_911' title='bbox 937 4804 1072 4860; x_wconf 74' lang='lat' dir='ltr'><strong>festivitas</strong></span> <span class='ocrx_word' id='word_1_912' title='bbox 1086 4804 1172 4858; x_wconf 90' lang='lat' dir='ltr'><strong>sancti</strong></span> <span class='ocrx_word' id='word_1_913' title='bbox 1188 4801 1304 4858; x_wconf 76' lang='lat' dir='ltr'><strong>Andreae</strong></span> <span class='ocrx_word' id='word_1_914' title='bbox 1314 4803 1441 4874; x_wconf 86' lang='lat' dir='ltr'><strong>apostoli,</strong></span> <span class='ocrx_word' id='word_1_915' title='bbox 1457 4804 1567 4875; x_wconf 90' lang='lat' dir='ltr'><strong>quando</strong></span> <span class='ocrx_word' id='word_1_916' title='bbox 1586 4809 1733 4862; x_wconf 83' lang='lat' dir='ltr'><strong>sanctissi-</strong></span> 
     </span>
     <span class='ocr_line' id='line_1_135' title="bbox 937 4874 1732 5000; baseline 0.001 -70"><span class='ocrx_word' id='word_1_917' title='bbox 937 4891 1012 4931; x_wconf 91' lang='lat' dir='ltr'><strong>mum</strong></span> <span class='ocrx_word' id='word_1_918' title='bbox 1026 4874 1200 5000; x_wconf 78' lang='lat' dir='ltr'><strong>corpusejus,</strong></span> <span class='ocrx_word' id='word_1_919' title='bbox 1211 4891 1264 4929; x_wconf 84' lang='lat' dir='ltr'><strong>utin</strong></span> <span class='ocrx_word' id='word_1_920' title='bbox 1277 4891 1341 4929; x_wconf 88' lang='lat' dir='ltr'><strong>cum</strong></span> <span class='ocrx_word' id='word_1_921' title='bbox 1351 4874 1545 4932; x_wconf 81' lang='lat' dir='ltr'><strong>ossibuslmcie</strong></span> <span class='ocrx_word' id='word_1_922' title='bbox 1558 4878 1732 4958; x_wconf 76' lang='lat' dir='ltr'><strong>evangelistas</strong></span> 
     </span>
    </p>

    <p class='ocr_par' dir='ltr' id='par_1_29' title="bbox 1096 4945 1731 5017">
     <span class='ocr_line' id='line_1_136' title="bbox 1096 4945 1731 5017; baseline 0.002 -17"><span class='ocrx_word' id='word_1_923' title='bbox 1096 4945 1731 5017; x_wconf 74' lang='lat' dir='ltr'><strong>aeidiscipuiiapostoliPauli,G0nsta:itmopo·</strong></span> 
     </span>
    </p>
   </div>
   <div class='ocr_carea' id='block_1_19' title="bbox 936 5088 1735 5805">
    <p class='ocr_par' dir='ltr' id='par_1_30' title="bbox 936 5088 1735 5432">
     <span class='ocr_line' id='line_1_137' title="bbox 939 5088 1732 5170; baseline 0.001 -26"><span class='ocrx_word' id='word_1_924' title='bbox 939 5098 1003 5155; x_wconf 92' lang='lat' dir='ltr'><strong>tem,</strong></span> <span class='ocrx_word' id='word_1_925' title='bbox 1033 5089 1168 5144; x_wconf 91' lang='lat' dir='ltr'><strong>adventus</strong></span> <span class='ocrx_word' id='word_1_926' title='bbox 1183 5097 1209 5143; x_wconf 92' lang='lat' dir='ltr'><strong>et</strong></span> <span class='ocrx_word' id='word_1_927' title='bbox 1223 5092 1349 5159; x_wconf 81' lang='lat' dir='ltr'><strong>exceptio</strong></span> <span class='ocrx_word' id='word_1_928' title='bbox 1378 5090 1500 5170; x_wconf 90' lang='lat' dir='ltr'><strong>corporis</strong></span> <span class='ocrx_word' id='word_1_929' title='bbox 1529 5088 1599 5142; x_wconf 89' lang='lat' dir='ltr'><strong>beati</strong></span> <span class='ocrx_word' id='word_1_930' title='bbox 1625 5088 1732 5145; x_wconf 90' lang='lat' dir='ltr'><strong>Nicolai</strong></span> 
     </span>
     <span class='ocr_line' id='line_1_138' title="bbox 936 5157 1732 5232; baseline 0.004 -17"><span class='ocrx_word' id='word_1_931' title='bbox 936 5161 1077 5216; x_wconf 82' lang='lat' dir='ltr'><strong>Mirrensis</strong></span> <span class='ocrx_word' id='word_1_932' title='bbox 1091 5160 1213 5232; x_wconf 90' lang='lat' dir='ltr'><strong>episcopi</strong></span> <span class='ocrx_word' id='word_1_933' title='bbox 1236 5168 1263 5214; x_wconf 92' lang='lat' dir='ltr'><strong>ct</strong></span> <span class='ocrx_word' id='word_1_934' title='bbox 1286 5161 1459 5216; x_wconf 85' lang='lat' dir='ltr'><strong>contessoris.</strong></span> <span class='ocrx_word' id='word_1_935' title='bbox 1486 5157 1618 5215; x_wconf 87' lang='lat' dir='ltr'><strong>Coenobio</strong></span> <span class='ocrx_word' id='word_1_936' title='bbox 1644 5160 1732 5218; x_wconf 90' lang='lat' dir='ltr'><strong>sancti</strong></span> 
     </span>
     <span class='ocr_line' id='line_1_139' title="bbox 937 5229 1731 5308; baseline 0.001 -21"><span class='ocrx_word' id='word_1_937' title='bbox 937 5232 1066 5297; x_wconf 91' lang='lat' dir='ltr'><strong>Bavonis,</strong></span> <span class='ocrx_word' id='word_1_938' title='bbox 1080 5233 1221 5288; x_wconf 88' lang='lat' dir='ltr'><strong>translatio</strong></span> <span class='ocrx_word' id='word_1_939' title='bbox 1231 5230 1258 5286; x_wconf 90' lang='lat' dir='ltr'><strong>S.</strong></span> <span class='ocrx_word' id='word_1_940' title='bbox 1273 5232 1398 5288; x_wconf 82' lang='lat' dir='ltr'><strong>hlicbarii</strong></span> <span class='ocrx_word' id='word_1_941' title='bbox 1409 5229 1583 5308; x_wconf 81' lang='lat' dir='ltr'><strong>Antioceiisis</strong></span> <span class='ocrx_word' id='word_1_942' title='bbox 1598 5231 1731 5305; x_wconf 92' lang='lat' dir='ltr'><strong>episcopi,</strong></span> 
     </span>
     <span class='ocr_line' id='line_1_140' title="bbox 937 5300 1735 5384; baseline 0.001 -23"><span class='ocrx_word' id='word_1_943' title='bbox 937 5304 1110 5384; x_wconf 73' lang='lat' dir='ltr'><strong>contessoris,</strong></span> <span class='ocrx_word' id='word_1_944' title='bbox 1127 5304 1221 5362; x_wconf 83' lang='lat' dir='ltr'><strong>Castro</strong></span> <span class='ocrx_word' id='word_1_945' title='bbox 1249 5303 1408 5370; x_wconf 84' lang='lat' dir='ltr'><strong>Vindicius,</strong></span> <span class='ocrx_word' id='word_1_946' title='bbox 1423 5308 1510 5355; x_wconf 87' lang='lat' dir='ltr'><strong>sancti</strong></span> <span class='ocrx_word' id='word_1_947' title='bbox 1530 5300 1609 5358; x_wconf 87' lang='lat' dir='ltr'><strong>Beati</strong></span> <span class='ocrx_word' id='word_1_948' title='bbox 1621 5305 1735 5362; x_wconf 86' lang='lat' dir='ltr'><strong>contes-</strong></span> 
     </span>
     <span class='ocr_line' id='line_1_141' title="bbox 939 5392 1048 5432; baseline -0.018 0"><span class='ocrx_word' id='word_1_949' title='bbox 939 5392 1048 5432; x_wconf 81' lang='lat' dir='ltr'><strong>soris.»</strong></span> 
     </span>
    </p>

    <p class='ocr_par' dir='ltr' id='par_1_31' title="bbox 939 5442 1735 5805">
     <span class='ocr_line' id='line_1_142' title="bbox 976 5442 1734 5518; baseline 0.004 -15"><span class='ocrx_word' id='word_1_950' title='bbox 976 5447 1153 5503; x_wconf 82' lang='lat' dir='ltr'><strong>Bnoircusv.</strong></span> <span class='ocrx_word' id='word_1_951' title='bbox 1172 5445 1270 5517; x_wconf 90' lang='lat' dir='ltr'><strong>incipit</strong></span> <span class='ocrx_word' id='word_1_952' title='bbox 1280 5445 1314 5499; x_wconf 90' lang='lat' dir='ltr'><strong>ab</strong></span> <span class='ocrx_word' id='word_1_953' title='bbox 1326 5444 1435 5509; x_wconf 88' lang='lat' dir='ltr'><strong>Herma,</strong></span> <span class='ocrx_word' id='word_1_954' title='bbox 1446 5442 1512 5500; x_wconf 91' lang='lat' dir='ltr'><strong>satis</strong></span> <span class='ocrx_word' id='word_1_955' title='bbox 1526 5446 1734 5518; x_wconf 81' lang='lat' dir='ltr'><strong>pureSecundo</strong></span> 
     </span>
     <span class='ocr_line' id='line_1_143' title="bbox 940 5514 1733 5596; baseline 0.003 -22"><span class='ocrx_word' id='word_1_956' title='bbox 940 5519 1000 5575; x_wconf 91' lang='lat' dir='ltr'><strong>loco</strong></span> <span class='ocrx_word' id='word_1_957' title='bbox 1016 5519 1049 5574; x_wconf 91' lang='lat' dir='ltr'><strong>de</strong></span> <span class='ocrx_word' id='word_1_958' title='bbox 1064 5535 1132 5575; x_wconf 82' lang='lat' dir='ltr'><strong>cccx</strong></span> <span class='ocrx_word' id='word_1_959' title='bbox 1145 5518 1227 5574; x_wconf 88' lang='lat' dir='ltr'><strong>etiam</strong></span> <span class='ocrx_word' id='word_1_960' title='bbox 1244 5514 1402 5596; x_wconf 58' lang='lat' dir='ltr'><strong>parasium</strong></span> <span class='ocrx_word' id='word_1_961' title='bbox 1420 5532 1425 5569; x_wconf 90' lang='lat'>:</span> <span class='ocrx_word' id='word_1_962' title='bbox 1449 5517 1733 5576; x_wconf 82' lang='lat' dir='ltr'><strong>‹Natalesanctornm</strong></span> 
     </span>
     <span class='ocr_line' id='line_1_144' title="bbox 939 5586 1734 5659; baseline 0.001 -13"><span class='ocrx_word' id='word_1_963' title='bbox 939 5590 1063 5659; x_wconf 87' lang='lat' dir='ltr'><strong>Quirilli,</strong></span> <span class='ocrx_word' id='word_1_964' title='bbox 1078 5589 1164 5655; x_wconf 88' lang='lat' dir='ltr'><strong>Beati,</strong></span> <span class='ocrx_word' id='word_1_965' title='bbox 1179 5586 1332 5642; x_wconf 90' lang='lat' dir='ltr'><strong>etanuli</strong></span> <span class='ocrx_word' id='word_1_966' title='bbox 1351 5587 1550 5645; x_wconf 81' lang='lat' dir='ltr'><strong>confessorum.</strong></span> <span class='ocrx_word' id='word_1_967' title='bbox 1566 5613 1576 5636; x_wconf 73' lang='grc' dir='ltr'><strong><em>ι</em></strong></span> <span class='ocrx_word' id='word_1_968' title='bbox 1598 5591 1685 5647; x_wconf 88' lang='lat' dir='ltr'><strong>Prava</strong></span> <span class='ocrx_word' id='word_1_969' title='bbox 1699 5607 1734 5647; x_wconf 77' lang='lat' dir='ltr'><strong>ex</strong></span> 
     </span>
     <span class='ocr_line' id='line_1_145' title="bbox 942 5657 1733 5787; baseline 0.001 -69"><span class='ocrx_word' id='word_1_970' title='bbox 942 5663 1103 5734; x_wconf 88' lang='lat' dir='ltr'><strong>Hieronym.</strong></span> <span class='ocrx_word' id='word_1_971' title='bbox 1132 5657 1279 5715; x_wconf 86' lang='lat' dir='ltr'><strong>connexio.</strong></span> <span class='ocrx_word' id='word_1_972' title='bbox 1308 5657 1438 5787; x_wconf 89' lang='lat' dir='ltr'><strong>Sequitur</strong></span> <span class='ocrx_word' id='word_1_973' title='bbox 1464 5660 1498 5716; x_wconf 92' lang='lat' dir='ltr'><strong>de</strong></span> <span class='ocrx_word' id='word_1_974' title='bbox 1522 5662 1664 5734; x_wconf 90' lang='lat' dir='ltr'><strong>Gregorio,</strong></span> <span class='ocrx_word' id='word_1_975' title='bbox 1686 5662 1733 5719; x_wconf 89' lang='lat' dir='ltr'><strong>ubi</strong></span> 
     </span>
     <span class='ocr_line' id='line_1_146' title="bbox 940 5731 1735 5805; baseline -0.003 -13"><span class='ocrx_word' id='word_1_976' title='bbox 940 5743 1033 5791; x_wconf 86' lang='lat' dir='ltr'><strong>textus</strong></span> <span class='ocrx_word' id='word_1_977' title='bbox 1049 5731 1230 5802; x_wconf 86' lang='lat' dir='ltr'><strong>interpolatus</strong></span> <span class='ocrx_word' id='word_1_978' title='bbox 1242 5736 1306 5786; x_wconf 91' lang='lat' dir='ltr'><strong>est:</strong></span> <span class='ocrx_word' id='word_1_979' title='bbox 1328 5756 1336 5779; x_wconf 86' lang='lat'>·</span> <span class='ocrx_word' id='word_1_980' title='bbox 1366 5739 1419 5788; x_wconf 90' lang='lat' dir='ltr'><strong>tem</strong></span> <span class='ocrx_word' id='word_1_981' title='bbox 1442 5733 1586 5789; x_wconf 84' lang='lat' dir='ltr'><strong>translatio</strong></span> <span class='ocrx_word' id='word_1_982' title='bbox 1611 5733 1735 5805; x_wconf 90' lang='lat' dir='ltr'><strong>corporis</strong></span> 
     </span>
    </p>
   </div>
   <div class='ocr_carea' id='block_1_20' title="bbox 0 0 1931 6132">
    <p class='ocr_par' dir='ltr' id='par_1_32' title="bbox 0 0 1931 6132">
     <span class='ocr_line' id='line_1_147' title="bbox 0 0 1931 6132; baseline 0 0"><span class='ocrx_word' id='word_1_983' title='bbox 0 0 1931 6132; x_wconf 95' lang='lat' dir='ltr'><strong> </strong></span> 
     </span>
    </p>
   </div>
  </div>
 </body>
</html>
