3834 6136
215 235 285 294 teet

772 224 888 282 lSthl
906 219 1065 279 utriscum
1083 217 1313 276 Ltueoa'na'ms

1794 217 1859 275 l088

208 384 322 454 solidos,
336 381 416 440 nobis
430 382 579 456 persolvat,
607 397 683 438 arma
709 379 857 452 relinquat,
882 384 964 450 atque
980 374 1009 430 in
1024 374 1050 435 A
1066 372 1208 429 mulierem
1234 370 1395 443 legitimam,
1419 369 1443 425 ei
1464 369 1549 427 trater
1576 369 1637 442 oJ'us
1671 368 1863 431 adulteraverit

209 476 374 534 monasterio
388 473 485 532 diebus
506 475 571 531 vite
586 490 641 530 suae
667 472 718 529 snb
744 471 828 527 ardua
850 466 1012 544 punitentia

208 570 265 628 Deo
280 569 392 637 serviat,
408 582 549 638 nunquam
560 563 737 638 postmodum
753 561 906 619 saeculovel
925 575 1010 616 sacu-

208 659 313 717 laribus
329 658 511 726 militaturus,
526 672 615 728 neque
629 654 710 711 uxori
726 653 914 726 copulaturus.

209 778 276 843 Cae.
298 779 334 836 X.
359 777 435 848 Quod
462 775 599 832 homicide
611 780 672 830 aule
685 773 770 829 Deum
783 772 949 845 deputentur,
965 767 1012 840 qui

456 866 499 904 res
512 847 624 903 eccleciae
637 851 751 902 uastant.

432 938 477 995 Ex
504 936 610 1005 eodem,
644 952 703 1008 cap.
726 934 788 992 424.

246 1042 256 1110 l
261 1056 298 1109 rr,
314 1035 539 1109 bibll'olumus
553 1052 649 1093 omues
663 1036 734 1095 seire
749 1034 823 1110 quod
838 1035 884 1108 qui
905 1032 1010 1092 Christi

209 1140 237 1189 et
250 1131 380 1190 Ecclesiae
389 1129 519 1203 pecunias
535 1129 673 1199 auferunt,
690 1146 787 1203 resque
801 1128 860 1202 ejus
871 1128 1010 1198 fraudant,

209 1222 331 1296 rapiunt,
340 1229 459 1290 vastant,
468 1222 512 1277 rel
523 1220 670 1294 diripiunt,
679 1219 827 1278 homicidae
842 1219 912 1293 apud
924 1220 1010 1276 Deum

210 1327 267 1368 csse
282 1312 460 1385 deputantur,
471 1311 537 1384 quia
551 1326 593 1367 res
607 1325 769 1384 pauperum,
799 1326 868 1382 quos
888 1309 1012 1367 Ecclesia

210 1419 320 1478 pascere
331 1403 422 1472 debet,
438 1402 585 1476 diripiunt.

354 1516 420 1576 cir.
437 1516 485 1572 Xl.
502 1516 541 1572 De
555 1514 702 1571 homicidiis
720 1515 864 1587 irisanlum.

437 1606 481 1662 Er
494 1605 567 1661 libra
582 1622 622 1675 rr,
637 1621 696 1679 cap.
713 1605 773 1663 460.

1066 480 1128 521 cum
1141 479 1183 531 ea,
1199 462 1246 518 ille
1261 462 1354 532 irater,
1370 461 1415 518 rel
1430 461 1478 517 illa
1503 460 1618 528 femina,
1632 457 1681 533 qui
1698 458 1862 516 adulterium

1067 560 1301 626 perpetraverunt,
1330 551 1441 609 interim
1477 549 1550 623 quud
1584 549 1698 616 vivunt,
1727 564 1863 622 nunquam

1066 637 1185 696 habeant
1199 639 1318 711 amplius
1341 636 1498 710 coniugium
1516 653 1523 692 :
1539 636 1587 692 ille
1610 653 1679 694 uero
1702 635 1785 710 cnjus
1800 653 1865 695 uxor

1066 728 1129 798 luit,
1156 729 1179 785 si
1207 729 1278 799 vult,
1307 734 1470 802 potestatem
1497 723 1580 783 babet
1607 741 1728 783 uxorem
1749 725 1864 800 accipere

1065 819 1158 876 aliam.

1066 957 1131 1017 Car.
1149 958 1183 1015 Il.
1198 958 1237 1014 De
1249 954 1290 1013 hie
1304 954 1351 1027 qui
1365 952 1512 1026 uirginibus
1528 952 1583 1008 Deo
1606 951 1694 1008 sacris
1715 967 1744 1009 ee
1761 951 1865 1009 roeiaut.

1295 1063 1338 1119 Ex
1355 1060 1427 1117 libro
1440 1076 1480 1129 vr,
1496 1075 1554 1132 cap.
1573 1057 1635 1114 402.

1101 1182 1140 1237 lle
1154 1178 1199 1235 bis
1212 1178 1259 1252 qui
1274 1178 1359 1235 sacris
1374 1174 1530 1249 uirginibus
1542 1190 1571 1232 se
1585 1173 1706 1242 sociant,
1723 1173 1763 1229 ita
1776 1173 1806 1230 in
1818 1174 1869 1231 de-

1065 1270 1148 1329 cretis
1163 1285 1237 1342 papae
1252 1267 1353 1324 Gelasii
1368 1280 1428 1339 cap.
1451 1265 1486 1323 20
1509 1263 1692 1322 continetur:
1709 1263 1869 1337 Virginibus

1065 1358 1150 1418 sacris
1173 1367 1275 1416 temere
1299 1373 1327 1413 se
1351 1356 1482 1430 quosdam
1499 1355 1605 1412 sociare
1627 1353 1822 1426 cognorimus,
1844 1361 1868 1411 et

1067 1458 1128 1524 post
1141 1449 1262 1507 dicatum
1277 1449 1335 1505 lleu
1348 1446 1519 1518 propositum
1536 1445 1641 1501 lucusta
1660 1442 1769 1501 loedera
1783 1443 1869 1502 sacri-

1069 1541 1179 1612 legaque
1194 1538 1317 1594 miscere.
1339 1535 1412 1603 Quos
1429 1534 1556 1608 protinus
1577 1550 1691 1606 aequum
1716 1542 1758 1590 est
1770 1551 1787 1590 a
1799 1550 1869 1592 sacra

1066 1629 1262 1686 eotrrmunione
1276 1625 1396 1694 detrudi,
1410 1632 1437 1681 et
1451 1624 1506 1680 nisi
1521 1623 1662 1696 publicam
1676 1623 1869 1698 probatamque

245 1704 306 1775 (ru,
325 1704 399 1776 ¹²¹·)
413 1705 441 1762 Si
456 1707 519 1780 (luis
538 1707 672 1765 intentam
699 1707 848 1776 necaverit,
869 1714 901 1763 Ul
920 1704 1172 1802 nonti.B,g„1„1
1192 1716 1393 1791 penitentiam,
1416 1715 1530 1771 omnino
1552 1729 1609 1770 nen
1633 1714 1735 1787 recipi,
1759 1722 1808 1770 aut
1826 1714 1866 1770 his

158 1843 163 1854 .
208 1793 270 1851 uida
289 1801 422 1852 teneatur.

293 1903 359 1964 Can
371 1904 433 1961 xll.
449 1905 488 1961 De
502 1906 641 1983 horreicidis
653 1907 718 1978 quid
731 1909 861 1979 upertdum
875 1908 920 1963 sit.

399 1994 443 2048 Ex
461 1992 557 2048 eodem
578 1993 660 2063 libro,
675 2011 736 2066 cap.
753 1996 815 2052 433.

246 2090 308 2162 (rra,
328 2087 401 2159 483.)
417 2089 456 2145 De
481 2088 630 2146 homicidis
648 2091 687 2147 ita
699 2090 833 2164 jussimus
852 2091 1007 2164 observare,

208 2186 238 2235 ut
268 2178 427 2252 quicunque
448 2195 518 2235 ausu
547 2180 694 2236 temerario
726 2181 811 2236 allum
842 2182 901 2237 sine
928 2198 1010 2240 causa

208 2264 351 2333 occiderit,
381 2265 445 2324 ritae
460 2265 583 2339 periculo
599 2265 725 2335 feriatur,
751 2274 778 2322 et
805 2267 893 2339 pretio
918 2285 946 2324 se
961 2285 1010 2325 re-

208 2352 312 2412 dimere
341 2371 481 2429 nunquam
505 2356 613 2412 ualeat:
638 2363 666 2411 et
695 2356 717 2412 si
733 2357 905 2426 conuenerit,
925 2364 956 2412 ut
975 2358 1009 2415 ad

207 2443 434 2518 compositionem
464 2444 579 2518 quisque
603 2443 759 2515 descendat,
784 2445 878 2502 nullus
901 2446 934 2503 de
956 2464 1009 2521 pa-

208 2533 333 2590 rentibus
348 2541 395 2589 aut
409 2533 506 2591 amicis
520 2550 582 2589 eum
608 2534 756 2608 quidquam
785 2533 906 2605 adjuret.
930 2536 1008 2605 Quod

208 2622 231 2679 ei
247 2622 352 2692 lecerit,
369 2638 450 2678 suum
465 2622 621 2694 wirgildum
637 2623 751 2680 omniuo
766 2628 924 2698 componat.

208 2728 273 2786 Can.
287 2728 361 2784 xltl.
377 2729 415 2784 De
428 2729 469 2784 hie
482 2730 529 2799 qui
537 2730 616 2800 prius
637 2747 689 2786 non
708 2732 830 2787 habentes
845 2731 947 2799 odium,
963 2733 1008 2790 sed

242 2817 268 2854 se
281 2798 454 2924 ιῐῗβῃαΐηὶεε,
473 2800 590 2872 aliquem
609 2803 759 2871 occiderint,
784 2804 901 2875 qualiter
924 2805 1007 2861 corri-

242 2886 300 2942 gent
312 2888 318 2924 ι
328 2885 370 2924 em
385 2911 391 2925 .

451 2959 614 3029 Excedam,
630 2976 689 3034 cap.
707 2959 768 3018 370.

243 3057 304 3129 (rit,
318 3057 393 3131 295.)
413 3056 441 3114 Si
465 3058 528 3134 quis
549 3058 641 3133 quiete
656 3058 783 3130 gradiens
797 3075 845 3132 per
856 3059 940 3131 riam,
957 3069 1002 3118 aut

205 3145 227 3202 si
243 3146 325 3203 etiam
341 3147 370 3203 in
386 3145 469 3204 domo
488 3165 537 3204 sua
551 3148 644 3218 luerit,
660 3156 706 3205 aut
721 3148 750 3204 iu
765 3149 854 3222 platea
869 3150 1001 3223 ciuitatis,

204 3245 252 3295 eut
267 3238 296 3292 in
310 3237 387 3306 uilla,
403 3239 495 3295 subito
509 3238 544 3294 ab
559 3240 614 3296 alio
629 3239 665 3295 sit
680 3248 873 3312 superventus,
885 3249 932 3298 aut
945 3241 1003 3298 litis

204 3328 400 3398 commotione,
409 3331 507 3387 rolens
520 3346 549 3387 se
563 3329 720 3400 defendere,
731 3347 785 3387 non
796 3330 899 3387 habens
909 3339 1004 3388 corttra

204 3420 283 3476 illum
308 3430 371 3478 ante
397 3422 504 3493 odium,
530 3423 700 3489 interfecerit
723 3424 876 3494 hominem,
900 3433 1003 3498 septem

203 3513 283 3569 arinis
297 3512 448 3570 secundam
463 3515 624 3572 eanonicam
636 3500 841 3572 institulionem
857 3516 1002 3587 pmniteat:

206 3609 261 3658 tres
275 3619 340 3658 tero
355 3619 370 3658 a
384 3603 579 3660 eorrrmuuiono
593 3604 727 3676 privetur,
743 3611 859 3675 quatuor
872 3610 963 3658 autem
975 3603 1003 3660 in

202 3693 398 3749 communione
413 3693 502 3749 oratio
521 3709 587 3749 num
613 3701 639 3749 et
657 3691 830 3749 oblationum
850 3703 1002 3765 susceptus,

202 3781 231 3836 in
243 3782 392 3839 sacerdotis
400 3781 517 3855 pendeat
531 3781 657 3850 arbitrio,
675 3789 769 3837 utrum
784 3781 885 3852 dignus
895 3783 931 3838 sit
945 3800 1003 3838 cor·

202 3885 253 3943 pus
282 3869 386 3928 Christi
415 3871 549 3942 accipere,
575 3858 623 3925 aut
652 3869 785 3940 usquead
802 3869 1003 3942 plenitudinem

202 3959 371 4032 paenitentiae
385 3959 419 4014 ab
433 3975 465 4015 eo
480 3957 609 4030 separari.
639 3956 815 4013 abstinentia
829 3958 955 4016 ciborum
974 3962 1004 4018 iu

201 4046 377 4118 prouidentia
390 4047 609 4117 sacerdotiserit,
626 4048 777 4104 secundum
793 4048 1002 4122 possibilitatem

201 4137 370 4210 pestilentis,
387 4150 413 4197 et
428 4139 615 4210 durationem,
634 4140 809 4198 etallectum.

237 4243 301 4304 Cei».
319 4246 394 4305 xlv.
410 4247 449 4303 De
460 4248 616 4303 mulieribus
629 4255 653 4303 et
668 4247 735 4303 ciris
750 4248 866 4319 iulaulee
877 4251 966 4323 oppri-

530 4320 667 4376 mentibus.

386 4409 469 4466 Juxta
494 4410 694 4484 praetitulatum
714 4417 804 4483 caput.

235 4505 245 4567 l
249 4523 297 4574 sn,
309 4505 384 4577 297.)
400 4506 499 4562 Mulier
517 4521 577 4578 quae
587 4505 728 4563 dormiens
744 4507 833 4563 tilium
849 4523 930 4564 suum
945 4524 999 4580 op-

198 4594 337 4666 presserit,
358 4603 385 4652 et
400 4603 525 4650 mortuus
552 4595 646 4664 tuterit,
666 4612 713 4653 sex
743 4597 823 4653 anuis
838 4597 969 4671 punirent
990 4614 996 4652 :

198 4682 242 4737 vir
260 4683 329 4754 ejus,
355 4683 378 4738 si
393 4683 422 4739 in
434 4683 517 4739 domo
538 4682 614 4739 illius
635 4684 699 4754 tuit,
720 4695 854 4758 quatuor;
881 4686 904 4743 si
932 4703 998 4743 tero

198 4769 226 4826 in
243 4786 298 4826 uno
312 4771 394 4839 lecto,
417 4772 504 4828 simili
524 4772 607 4828 modo
622 4774 763 4846 poeniteat,
788 4775 857 4831 duos
877 4776 905 4830 in
929 4792 997 4848 pane

197 4868 224 4916 et
239 4876 317 4933 aqua,
336 4861 457 4933 reliquos
478 4871 605 4935 quatuor,
638 4864 789 4920 secundum
815 4865 888 4938 quod
903 4882 997 4922 saeer-

196 4950 246 5009 dos
260 4950 372 5021 sideria,
387 4949 585 5008 abstinentiam
598 4952 723 5025 imponat
736 4953 871 5010 ciborum.

491 5112 638 5170 TITULUS
657 5113 704 5170 tlt.

470 5231 506 5271 un
538 5230 717 5271 eoucrrnus.

195 5322 259 5382 Car.
278 5325 300 5381 l.
314 5325 353 5382 ilc
366 5341 394 5383 eo
409 5323 456 5394 qui
473 5323 549 5379 hahet
563 5321 698 5378 mulierem
714 5322 877 5395 legitimam;
900 5325 923 5380 si
937 5324 995 5395 sru-

374 5402 413 5451 ter
428 5395 485 5466 ejus
499 5395 691 5452 adulteraverit
706 5412 817 5453 cumea.

438 5495 480 5549 lix
495 5493 567 5550 lihro
583 5513 612 5564 r,
626 5511 685 5568 cap.
702 5496 746 5552 at.

235 5595 308 5666 (Lib.
326 5615 341 5653 r
358 5599 519 5672 Capitulum,
535 5621 596 5677 cup.
611 5605 665 5676 19.)
682 5604 782 5676 Siquis
796 5605 879 5661 honlo
894 5605 997 5661 hahens

1064 1820 1137 1869 certe
1151 1810 1285 1867 viaticum
1301 1808 1334 1865 de
1351 1806 1451 1865 saeculo
1475 1805 1687 1862 transeuntibus
1701 1803 1864 1878 negatumsl

1065 1918 1130 1957 roro
1144 1900 1177 1957 de
1192 1901 1368 1972 copulatione
1394 1914 1531 1956 sacrarum
1546 1898 1692 1969 virginum
1707 1907 1765 1955 tam
1779 1913 1865 1954 serere

1064 1987 1211 2058 feriuntur,
1228 1997 1332 2061 quanto
1344 1988 1467 2045 severius
1482 1985 1600 2043 feriendi
1613 1994 1683 2043 sunt
1698 1987 1745 2060 qui
1763 2002 1808 2043 eae
1821 2004 1865 2043 ra-

1064 2078 1145 2151 piunt
1162 2079 1173 2134 l
1189 2078 1262 2146 ldeo,
1294 2080 1365 2136 sicut
1393 2076 1563 2150 praemissum
1585 2082 1638 2145 est,
1660 2092 1773 2132 necesse
1786 2085 1825 2134 est
1836 2076 1865 2135 ab

1064 2167 1231 2224 omnibusin
1242 2167 1400 2226 Christiana
1410 2166 1543 2238 religione
1552 2165 1776 2223 consistentibus
1785 2167 1865 2241 rigore

1064 2257 1235 2314 auctoritatis
1246 2255 1349 2313 divine
1360 2256 1403 2313 rel
1416 2255 1544 2312 haerenae
1555 2254 1610 2312 bre
1620 2256 1701 2312 rnalu
1712 2272 1730 2311 n
1742 2255 1864 2314 radicitus

1064 2343 1211 2418 amputari.

1064 2482 1128 2539 Cae.
1141 2480 1189 2537 ΙΙΙ.
1208 2480 1282 2549 (traod
1299 2479 1488 2551 blasphemiam
1502 2478 1557 2535 Deo
1573 2477 1690 2547 inserui,
1705 2478 1755 2550 qai
1775 2495 1801 2535 cr
1813 2495 1860 2534 run

1294 2552 1348 2608 ileo
1362 2557 1469 2607 eurra‘u
1482 2549 1628 2606 miscuerit.

1258 2659 1302 2714 Ex
1317 2660 1412 2716 eudon
1428 2659 1510 2727 libro,
1531 2675 1592 2733 etp.
1609 2657 1676 2716 tot.

1099 2775 1150 2848 (rt,
1170 2773 1246 2846 303.)
1268 2773 1343 2832 Scire
1359 2792 1408 2831 ros
1428 2774 1560 2832 conreait
1584 2774 1652 2848 quia
1670 2771 1857 2846 blasphemiam

1062 2866 1118 2921 Deo
1131 2864 1242 2936 irrogat,
1259 2864 1307 2938 qui
1328 2882 1390 2922 curn
1413 2867 1469 2921 lleo
1491 2871 1607 2932 sacrata,
1630 2864 1677 2921 rel
1701 2880 1766 2921 cum
1781 2864 1856 2920 relata

1061 2953 1164 3010 lonrina
1177 2970 1205 3010 se
1220 2954 1474 3011 commaculaverit.

1096 3085 1160 3144 Car.
1180 3086 1227 3144 [V.
1245 3086 1274 3143 Si
1287 3086 1397 3143 abricus
1411 3103 1469 3141 curn
1484 3088 1536 3167 ileo
1548 3089 1660 3140 saerata
1674 3098 1702 3139 ee
1717 3084 1825 3139 conrui-

1407 3164 1512 3213 uerterat.

1253 3264 1296 3319 lix
1311 3263 1406 3321 eedem
1421 3265 1502 3332 libro,
1523 3278 1583 3336 cap.
1600 3260 1665 3318 tot.

1094 3377 1147 3449 (rr,
1161 3375 1237 3448 340.)
1253 3373 1282 3432 Si
1296 3376 1412 3434 clericus
1426 3394 1488 3434 cum
1506 3376 1594 3432 relata
1608 3374 1728 3445 femina,
1744 3376 1786 3433 rel
1800 3390 1853 3433 eum

1057 3469 1113 3524 Dee
1137 3472 1242 3523 sacrata
1262 3482 1291 3524 se
1315 3466 1504 3536 maculaverit,
1535 3465 1652 3539 proprio
1677 3465 1783 3522 bonore
1804 3462 1855 3537 pri-

1059 3567 1153 3614 retur.

1094 3691 1159 3750 Car.
1171 3693 1205 3750 b'.
1214 3695 1290 3762 Quod
1298 3692 1419 3764 sacrilegi
1427 3698 1450 3748 et
1459 3692 1602 3748 violatores
1607 3691 1696 3762 jue-ta
1710 3692 1854 3764 Apostolus

1084 3770 1155 3834 steret,
1170 3767 1217 3837 qui
1230 3767 1333 3823 uioluut
1348 3772 1516 3822 sacraturum
1527 3764 1695 3835 seminarum
1712 3780 1831 3838 corpora.

1245 3921 1247 3925 .
1296 3871 1340 3926 Ex
1353 3869 1458 3940 eudem,
1475 3886 1535 3943 cap.
1557 3870 1622 3929 tta.

1095 3987 1147 4057 (rt,
1163 3986 1239 4060 313.)
1255 3987 1402 4045 Sciendum
1416 3994 1458 4044 est
1479 3987 1609 4044 omuibus
1621 3988 1688 4062 quia
1707 3990 1766 4046 ileo
1778 4003 1853 4046 sacra·

1058 4086 1147 4135 tarum
1161 4078 1326 4136 seminarum
1340 4096 1454 4153 corpora
1470 4096 1517 4152 per
1532 4087 1631 4138 uotum
1652 4081 1773 4154 propriu
1786 4094 1853 4154 spon·

1058 4172 1153 4243 sienis,
1169 4181 1196 4229 et
1209 4173 1291 4230 rerba
1304 4173 1462 4243 sacerdotis,
1491 4175 1549 4230 Ileo
1570 4182 1678 4230 sacrata
1692 4175 1795 4247 templa
1807 4187 1854 4229 esse

1057 4270 1259 4343 scripturarum
1283 4270 1452 4328 testimoniis
1476 4272 1697 4347 comprobantur
1727 4279 1784 4328 :et
1802 4269 1855 4326 ideo

1057 4361 1143 4418 riolat
1154 4380 1204 4420 tres
1218 4379 1312 4420 earum
1327 4364 1462 4436 sacrilegi,
1485 4379 1518 4421 ao
1529 4362 1612 4436 juxta
1632 4363 1798 4438 Apostolum
1810 4358 1855 4417 filii

1013 4472 1039 4534 1)
1056 4454 1222 4528 perditionis
1233 4471 1291 4512 esso
1307 4464 1472 4512 nuscuntur.

1054 4594 1119 4654 Car.
1135 4595 1182 4652 t't.
1198 4595 1272 4662 osred
1286 4570 1430 4666 sorrricatio
1449 4595 1571 4651 omnibus
1592 4596 1711 4666 peccatis
1724 4593 1854 4670 periculo-

1304 4666 1360 4721 eior
1374 4683 1427 4721 rese
1437 4667 1605 4738 perhibetur.

1291 4765 1335 4821 Ex
1349 4764 1457 4835 eodem,
1471 4782 1534 4839 cap.
1555 4765 1618 4824 400.

1089 4881 1139 4950 (rr,
1154 4882 1230 4952 342.)
1246 4879 1325 4948 Qtrod
1340 4899 1409 4955 pene
1423 4882 1553 4940 omnibus
1567 4885 1689 4959 peccatis
1705 4883 1814 4959 gratior
1825 4890 1848 4940 et

1053 4972 1171 5029 deterior
1185 4971 1221 5026 sit
1236 4971 1392 5040 fornicatio,
1419 4979 1446 5028 et
1470 4973 1605 5030 veraciter
1625 4973 1681 5032 dici
1707 4981 1796 5048 potest
1821 4973 1852 5028 la·

1052 5079 1138 5137 quous
1161 5061 1267 5131 mortis,
1284 5071 1310 5119 et
1338 5072 1435 5134 puteus
1459 5062 1572 5131 inferni,
1594 5079 1626 5120 ao
1643 5078 1749 5136 uorago
1770 5060 1852 5136 perdi·

1052 5160 1146 5228 tionis,
1163 5177 1194 5216 oo
1208 5159 1281 5233 quod
1296 5159 1414 5215 adulteri
1427 5158 1471 5215 uel
1484 5160 1621 5216 luxuriosi
1639 5168 1754 5233 propter
1768 5156 1852 5216 cordis

1052 5247 1173 5320 inopiam
1187 5248 1305 5320 perduut
1315 5248 1421 5304 animas
1431 5265 1503 5305 suas.
1515 5247 1594 5316 Nam,
1603 5256 1635 5304 ut
1645 5247 1685 5305 ait
1695 5248 1849 5321 Scriptura:

1052 5341 1170 5397 Pretium
1184 5340 1263 5397 scorti
1282 5340 1328 5395 trie
1342 5356 1412 5394 renus
1434 5345 1472 5395 est
1492 5338 1572 5412 partis
1591 5340 1691 5409 (Prae.
1707 5339 1781 5410 r1).·
1807 5343 1849 5391 et:

1053 5430 1103 5498 Qui
1118 5447 1143 5485 se
1150 5429 1240 5502 jetraqil
1255 5429 1393 5498 meretrici,
1408 5446 1489 5485 ttnrtm
1504 5447 1599 5502 eorpus
1614 5430 1728 5504 efficitur
1744 5429 1771 5501 (i
1791 5428 1849 5485 Gor.

1052 5525 1109 5586 v1l3
1121 5526 1163 5573 et:
1179 5518 1230 5586 Qui
1241 5518 1408 5587 letrruiutur,
1421 5522 1539 5573 ruorluue
1549 5516 1625 5575 eetiu
1638 5533 1751 5591 corpore
1761 5515 1852 5571 uiuente

1052 5607 1081 5676 (l
1099 5607 1190 5679 Tim).
