3840 6136
206 198 259 262 603

868 195 1020 256 USUARDI
1041 195 1203 255 tlouncltl

1807 191 1864 258 bob

935 340 1126 399 AUCTARIA.

242 485 387 542 Hannimii.
401 488 459 538 toto
470 488 549 539 textu
559 481 735 555 purissimus,
749 481 850 536 iteruin
861 479 1003 561 proprium
1019 479 1043 538 A
1060 476 1199 533 militibus.
1213 477 1252 533 De
1261 475 1371 533 Asterie
1383 475 1469 533 terme
1479 483 1511 534 ut
1520 476 1756 534 Anienem-dlix.
1771 477 1863 539 Turn:

206 557 359 616 Rbemense
374 554 471 610 inserit
484 553 606 610 secundo
622 554 705 609 leco:
739 576 748 599 ι
769 553 836 607 Item
860 566 889 606 in
914 559 1004 631 castro

206 625 392 694 Laedunensi,
407 633 508 681 sanctae
532 625 651 691 Ciliniae,
676 623 772 679 matris
793 622 865 677 beati
885 623 1004 692 Remigii

205 700 354 758 Remorum
377 695 612 778 archiepiscopi·
635 697 665 751 ln
682 711 730 750 ora
744 693 848 750 codicis
868 692 1003 760 interiori,

205 769 309 827 recenti
323 785 406 824 manu
421 767 551 840 adjicitur
576 787 582 824 :
611 791 620 814 ι
644 765 726 837 Apud
742 765 1005 846 ColoniamAgrip7

204 841 309 969 pinam,
338 840 426 913 passio
455 847 611 896 sanctarum
633 837 774 911 virginum
800 836 930 892 undecim
955 852 1004 891 mi-

217 928 312 969 ium.»

240 983 410 1052 Tonrricsn,
422 983 451 1038 in
462 981 632 1039 textuetiam
646 981 811 1054 purissimus
824 987 875 1047 est,
892 977 938 1034 sed
952 993 1004 1050 pe-

205 1055 325 1111 nultimo
340 1055 401 1112 loco
415 1055 473 1110 inte
490 1053 548 1110 'icit
565 1071 571 1110 :
592 1053 731 1111 «Civitate
744 1051 932 1117 Landnnensi,
943 1065 1003 1105 san·

204 1133 254 1184 cta
269 1125 388 1183 Ciliniae.
404 1071 509 1182 DeinHe
529 1134 590 1197 post
608 1124 723 1182 Victoris
738 1124 767 1179 in
781 1123 835 1178 line
855 1140 860 1178 :
882 1121 1003 1177 «Meldis

204 1197 317 1253 civitate
331 1206 430 1253 sanctae
444 1197 552 1254 cilinia
567 1195 692 1268 virginis.
709 1219 718 1242 =
740 1194 821 1251 Putat
833 1193 1003 1251 Castellanus

203 1267 321 1340 Remigii
339 1275 465 1337 matrem,
488 1268 633 1325 occasione
652 1265 736 1339 bujns
750 1266 866 1338 virginis
881 1265 937 1320 iere
951 1281 1003 1335 sy-

203 1353 343 1411 nonymae,
359 1340 557 1411 consignatam.

239 1409 475 1480 Ameria-ilii,
486 1411 514 1466 in
525 1417 603 1466 textu
613 1427 669 1466 non
679 1411 745 1467 satis
754 1416 902 1472 correctus,
912 1406 1002 1462 inline

203 1496 260 1537 non
270 1482 357 1553 magis
366 1482 513 1553 eleganter,
524 1481 638 1553 adjicit:
657 1482 796 1540 ‹Civitate
806 1479 931 1546 Colonia,
944 1493 1002 1548 pes·

203 1550 244 1608 sio
259 1561 415 1609 sanctarum
434 1554 563 1609 undecim
576 1552 654 1608 milia
670 1552 820 1625 virginum.
837 1577 846 1599 ι
927 1621 932 1631 Ι

238 1624 387 1681 Rosvinrn.
403 1622 437 1679 de
450 1625 577 1680 Asterie:
596 1624 666 1691 «Qui
679 1625 707 1678 in
769 1623 846 1678 sione
861 1621 933 1677 beati
950 1621 1000 1675 Ka·

202 1693 267 1749 lixti
281 1694 555 1821 legiturJiapaenrhis
569 1695 672 1750 Romae.
689 1717 698 1741 ι
734 1710 751 1749 n
766 1692 838 1748 line:
863 1691 1001 1748 «Ciuitate

202 1764 327 1832 Colonia,
343 1781 381 1821 nn
403 1767 474 1822 eoim
490 1765 567 1820 milia
586 1764 737 1836 virginum.
754 1788 762 1812 ·

1067 550 1158 604 «Item
1174 548 1202 604 in
1216 557 1305 605 castro
1320 549 1360 604 Lu
1381 548 1508 618 dunensi,
1524 548 1661 621 depositio
1675 557 1778 606 sanctie
1794 550 1864 609 Cili·

1059 620 1124 688 niae,
1145 620 1240 676 matris
1257 620 1345 676 sancti
1364 566 1482 693 Hemigii
1506 622 1675 679 Francorum
1698 623 1857 694 apostoli·

1058 693 1164 748 Desunt
1179 692 1303 747 Hilarion
1319 699 1345 747 et
1360 691 1466 750 Viator.

1094 763 1254 825 Aonienvcr.
1276 764 1364 820 textui
1388 762 1482 819 subdit
1508 779 1514 818 :
1547 761 1745 845 ‹Burdegala,
1773 767 1863 825 uncti

1058 833 1183 890 Severini
1210 835 1341 907 episcopi.
1369 834 1473 891 Eodem
1499 834 1555 902 die,
1581 833 1707 891 inventio
1736 838 1864 910 corporis

1057 905 1129 961 beati
1142 905 1293 961 Andomari
1312 906 1443 978 episcopi.
1460 907 1496 961 iti
1510 913 1610 962 saneta
1624 904 1748 975 Ciliniae,
1766 909 1863 966 matris

1058 979 1143 1034 sancti
1152 978 1279 1050 Remigii.
1295 977 1426 1045 Colonia,
1438 977 1730 1034 sanctarumnndecim
1740 979 1863 1036 millium

1057 1048 1208 1119 virginum.
1224 1073 1233 1095 ·
1259 1049 1340 1105 Notat
1354 1049 1530 1105 amanuensis
1542 1049 1590 1121 qui
1605 1047 1730 1106 codicem
1740 1052 1863 1109 eontulit

1057 1137 1120 1177 cum
1131 1120 1250 1176 secunda
1258 1120 1359 1176 Melani
1371 1120 1502 1187 editione,
1513 1126 1540 1174 ct
1548 1119 1686 1178 variantes
1695 1119 1862 1194 descripsit,

1057 1199 1145 1257 notat,
1160 1192 1283 1264 inquam,
1300 1192 1399 1248 faciem
1421 1207 1505 1247 uuam
1532 1198 1559 1247 et
1580 1191 1694 1248 alteram
1709 1192 1863 1251 recentiori

1058 1279 1142 1318 manu
1157 1261 1204 1319 hic
1215 1262 1356 1330 insertam,
1373 1263 1402 1317 in
1417 1262 1517 1335 quibus
1527 1260 1717 1320 additamenta
1730 1271 1799 1320 suut
1815 1281 1862 1321 va-

1057 1334 1109 1401 ria,
1126 1340 1208 1460 atgue
1218 1333 1288 1390 illud
1299 1334 1472 1405 potissimum
1479 1342 1511 1413 ¹et
1522 1349 1558 1389 ex
1572 1351 1628 1407 quo
1635 1334 1743 1392 codicis
1752 1343 1863 1394 atatem

1057 1405 1087 1461 iii
1102 1422 1158 1476 pra
1171 1404 1264 1461 atione
1277 1406 1406 1478 colligere
1420 1405 1512 1462 conati
1527 1421 1635 1463 sumus.

1092 1475 1544 1533 mirem.-cimes.-Umiinm.:
1559 1501 1568 1524 ι
1586 1475 1720 1533 Undeoim
1740 1477 1863 1535 millium

1056 1547 1207 1620 virginum.
1224 1548 1384 1615 Hilarionis,
1399 1547 1573 1604 confessoris.
1586 1546 1671 1614 Dasii,
1686 1548 1790 1616 Zotici,
1801 1549 1861 1619 cit,

1056 1635 1119 1674 cnm
1134 1618 1280 1676 duodecim
1291 1618 1428 1676 militibus
1441 1618 1610 1692 martyribus
1625 1617 1729 1676 Asturii
1745 1619 1861 1693 presby·

1056 1691 1107 1746 teri
1123 1699 1150 1747 et
1164 1690 1304 1762 martyris.
1324 1714 1334 1739 ι

1091 1763 1159 1819 Reo.
1176 1762 1256 1818 Surio.
1273 1761 1411 1818 sobrium.
1428 1759 1482 1817 tite
1499 1775 1506 1816 τ
1528 1760 1633 1834 «Apud
1645 1759 1795 1820 Coloniam
1810 1778 1861 1819 un·

237 1836 392 1892 Puisannu.
404 1836 498 1892 emnia
511 1836 576 1892 satis
591 1851 658 1961 Hm
668 1835 760 1903 habet,
774 1841 886 1906 excepta
902 1832 1002 1888 ultima
1016 1837 1040 1898 Β
1055 1832 1143 1890 decim
1159 1833 1280 1889 millium
1295 1832 1446 1905 virginum.
1468 1855 1477 1879 ·

201 1905 423 1975 annuntiatione,
444 1907 473 1963 in
489 1922 543 1979 qua
557 1906 590 1962 de
613 1906 660 1962 cit.
903 1973 908 1983 ι
941 1974 946 1984 1

237 1977 393 2046 Auserem,
408 1977 608 2034 Max-Lumo.
631 1984 658 2032 et
678 1976 850 2033 Uensiniirr.
866 1973 1002 2046 adiiciunt

200 2048 315 2103 textui:
338 2047 525 2120 ‹Burdegala,
547 2048 670 2103 Severini
686 2047 816 2128 episcopi.
839 2049 870 2103 ln
889 2044 1002 2102 civitate

201 2117 325 2186 Colonia,
340 2119 431 2174 natale
446 2118 585 2190 virginum
605 2135 635 2173 xi
651 2118 772 2173 milium.
788 2143 798 2166 ι

236 2189 384 2246 Humanis.
402 2207 408 2246 :
433 2189 540 2256 «Dazii,
560 2189 648 2245 Zotici
662 2206 725 2246 ceni
742 2206 783 2245 xii
797 2185 922 2243 milibus.
939 2211 947 2232 ι
968 2188 1000 2242 In

199 2259 269 2316 line:
289 2261 412 2318 «Eodem
426 2261 483 2330 die,
494 2260 565 2333 apud
573 2260 726 2329 Coloniam,
738 2267 893 2316 sanctarum
908 2259 1002 2315 unde-

198 2331 253 2389 cini
270 2332 378 2389 milium
394 2333 535 2405 virginum
552 2340 579 2388 et
592 2340 755 2405 martyrum.
771 2354 780 2379 ι

234 2402 373 2470 Gnuven,
385 2421 448 2460 cum
459 2404 577 2477 signoL,
586 2411 617 2459 nt
630 2404 765 2472 diximus,
779 2402 808 2458 in
819 2401 873 2459 sine
883 2401 977 2457 subdit
991 2419 996 2456 :

205 2495 215 2520 ι
238 2474 320 2547 Apud
344 2475 489 2533 Coloniam
511 2474 704 2556 Agrippinam,
729 2475 819 2549 passio
841 2481 997 2529 sanctarum

198 2544 329 2602 undecim
346 2547 455 2602 milium
471 2546 623 2619 virginum.
640 2572 649 2596 i

233 2616 479 2684 Auserem-lilim,
495 2618 665 2674 Uisniiscr.
681 2626 709 2675 et
723 2617 859 2686 Lernen,
870 2617 899 2672 in
910 2615 1000 2698 prima

198 2686 271 2758 puri,
288 2687 435 2744 secundam
451 2688 491 2745 sic
514 2688 653 2744 efferunt:
680 2713 689 2738 ι
711 2689 792 2768 Apud
821 2687 997 2756 Palestniam,

198 2758 288 2814 natale
300 2758 389 2813 sancti
404 2758 556 2815 Hilarionis
570 2759 686 2828 abbatis,
703 2776 782 2831 cujus
796 2759 922 2828 Vitam,·
944 2767 997 2816 etc.

196 2826 266 2884 Tum
282 2846 289 2884 ε
313 2829 418 2901 «Apud
434 2830 576 2887 Coloniam
595 2829 785 2903 Agrippinam,
809 2831 899 2886 natale
915 2830 999 2902 virgi-

195 2912 264 2954 num
278 2899 407 2957 undecim
424 2901 564 2957 milium.»
580 2902 620 2957 De
634 2900 743 2958 Asterie
757 2899 863 2956 addunt
879 2919 884 2956 :
908 2924 918 2948 ι
932 2901 997 2968 Qui,

195 2967 268 3024 sicut
280 2971 309 3026 in
324 2971 450 3045 passione
475 2972 580 3028 Kalixti
599 2988 675 3044 papie
695 2972 806 3042 legitur,
819 2970 898 3043 jussu
912 2972 996 3043 inipe-

194 3041 294 3098 ratoris
322 3043 473 3099 Alexandri
498 3059 545 3115 per
573 3053 683 3115 pontem
712 3042 910 3115 precipitatus,
932 3044 997 3116 qnia

192 3127 293 3185 corpus
311 3114 398 3172 sancti
423 3113 530 3170 Kalixti
553 3114 708 3186 sepelierat,
729 3113 844 3185 gloriam
868 3115 995 3186 martyrii

1092 1904 1188 1962 Conax
1202 1906 1235 1960 D.
1243 1905 1281 1959 Le
1292 1904 1374 1960 Hine
1389 1904 1513 1985 signatus
1526 1904 1551 1959 A
1567 1921 1573 1959 :
1597 1928 1605 1952 ι
1619 1903 1742 1962 Civitatis
1755 1904 1861 1962 Burde-

1057 1976 1125 2048 gala,
1142 1975 1229 2031 sancti
1246 1975 1370 2031 Severini
1384 1975 1504 2046 episcopi
1520 1982 1547 2030 et
1560 1975 1736 2033 confessoris.
1752 1999 1761 2023 ·

1093 2047 1239 2114 Viriciin,
1256 2062 1334 2102 num.
1349 2045 1430 2113 ests,
1446 2061 1496 2118 pro
1510 2045 1588 2101 Desii
1603 2045 1685 2104 habet
1701 2047 1824 2105 Claudii.

1092 2119 1260 2174 Feonusrin.
1272 2132 1329 2173 non
1341 2116 1643 2185 omninoconvcniunt,
1658 2117 1708 2174 sed
1717 2119 1758 2176 tic
1771 2118 1862 2175 terme

1056 2189 1170 2261 legunt:
1195 2214 1204 2237 ‹
1219 2190 1324 2246 Ursule
1346 2205 1407 2244 eum
1424 2188 1552 2244 undecim
1573 2188 1709 2258 millibus,
1724 2195 1752 2245 et
1766 2190 1863 2261 passio

1055 2268 1211 2317 sanctorum
1237 2267 1390 2332 martyrum
1410 2259 1517 2332 Cyriaci
1538 2275 1624 2332 papae,
1648 2261 1698 2342 gni
1721 2260 1777 2317 tuit
1799 2271 1863 2333 post

1055 2332 1165 2388 Petrum
1179 2332 1281 2399 xviii,
1298 2347 1348 2387 nec
1362 2346 1416 2386 nen
1432 2338 1458 2385 et
1467 2331 1572 2396 iacobi,
1584 2330 1786 2414 archiepiscopi
1802 2334 1862 2388 An·

1055 2403 1188 2472 tiocheni,
1210 2401 1351 2459 Vincentii
1374 2400 1525 2474 presbyteri
1550 2403 1709 2472 cardinalis,
1729 2404 1860 2462 Hauricii

1054 2472 1862 2620 {lillblslltlliblll§littlllllilltiilltl

1054 2617 1185 2691 episcopi,
1202 2625 1229 2673 et
1241 2616 1321 2673 Herei
1332 2588 1425 2698 sp’onsi
1437 2624 1536 2673 sanctas
1551 2616 1666 2698 Ursule.
1676 2589 1859 2690 ’Burdegalaa

1054 2690 1142 2746 sancti
1155 2688 1279 2745 Severini
1294 2688 1424 2759 episcopi.
1444 2713 1453 2735 ·
1484 2687 1547 2744 Hac
1561 2689 1661 2744 ultima
1674 2689 1864 2745 annuntiatio

1053 2760 1087 2887 ge
1101 2768 1196 2817 sancto
1211 2760 1343 2818 Severine
1363 2757 1462 2814 iisdem
1485 2757 1577 2814 verbis
1598 2759 1700 2834 legitur
1714 2759 1746 2816 in
1758 2759 1861 2818 codice

1076 2849 1215 2890 censoir..

1088 2904 1182 2962 Coeex
1206 2905 1312 2962 Henris
1336 2904 1435 2961 Sinuri
1452 2921 1458 2959 :
1482 2902 1590 2971 «Tulli,
1603 2903 1750 2960 translatio
1765 2907 1859 2963 uncti

1052 2974 1166 3032 Gerardi
1194 2977 1315 3050 episcopi
1338 2984 1365 3032 et
1383 2974 1589 3032 contessoris·
1619 2973 1690 3032 Vide
1718 2975 1749 3033 in
1777 2977 1860 3036 Actis

1050 3046 1152 3103 nostris
1166 3046 1200 3103 ad
1213 3048 1285 3105 diem
1302 3064 1374 3103 xxiii
1387 3047 1503 3119 Aprilis.

1085 3119 1183 3173 Enirio
1201 3117 1387 3177 LeancoCoi.
1405 3136 1411 3174 :
1436 3119 1542 3191 «Apud
1556 3117 1701 3179 Coloniam
1715 3118 1851 3193 Agrippi-

193 3181 308 3257 adeptus
321 3194 371 3242 est.
388 3211 398 3233 ι
417 3188 450 3242 ln
463 3185 576 3243 Victore
591 3187 664 3266 puri,
680 3185 804 3242 subdunt
815 3200 823 3240 :¹
841 3186 893 3242 «ln
904 3194 994 3244 castro
1010 3197 1032 3256 c
1048 3207 1110 3247 nam
1124 3190 1213 3260 passio
1229 3200 1329 3246 saneta
1345 3189 1459 3256 Ursulae,
1475 3198 1502 3246 et
1517 3190 1653 3247 sodalium
1667 3187 1730 3262 ejus
1740 3199 1850 3250 sancta-

192 3253 379 3326 landunensi,
399 3265 500 3314 sancta
516 3256 635 3325 Ciliniae,
659 3258 753 3314 matris
771 3257 859 3313 sancti
874 3257 992 3330 Remigii

191 3325 360 3386 Francorum
374 3327 501 3402 apostoli.
525 3328 686 3401 Burdegala,
705 3327 792 3385 sancti
814 3327 908 3384 Severi
929 3328 991 3385 Tre·

191 3400 313 3455 verensis
335 3416 350 3456 e
370 3401 493 3472 iscopi.·
515 3400 631 3456 Severus
650 3399 820 3456 Trevirensis
840 3399 942 3456 celitur
956 3419 992 3459 xv

191 3461 329 3598 Octgibr'ilg5
346 3417 397 3528 Hic
411 3472 445 3529 de
459 3471 582 3528 Seueriiio
598 3470 689 3544 agitur
705 3488 753 3541 xv,
777 3479 808 3528 ut
826 3470 894 3528 alibi
910 3472 992 3529 latius

189 3554 222 3595 cx
255 3557 296 3597 ica
318 3559 400 3598 imus.

224 3556 379 3668 [ovinius.
395 3613 425 3667 in
439 3628 472 3667 eo
486 3629 502 3668 a
514 3612 705 3684 superioribus
719 3611 822 3682 differt,
838 3613 912 3687 quod
928 3615 990 3670 elo-

189 3679 264 3753 gium
280 3682 381 3738 Asterii
395 3683 571 3755 expunxerit.

223 3751 346 3808 Acerina.
363 3760 390 3808 et
403 3753 502 3808 Dium.
526 3753 561 3808 ab
584 3752 830 3821 Ameana-Ham,
847 3761 913 3819 ete,
929 3756 988 3811 solo

188 3821 287 3877 ordine
301 3822 447 3892 dissident,
458 3840 522 3879 nam
533 3823 622 3895 primo
631 3825 691 3880 leco
702 3823 870 3880 Hilarionem
882 3840 987 3881 annun·

187 3891 270 3958 tiant,
293 3894 414 3951 secundo
440 3894 598 3963 Ursulanas,
625 3894 707 3951 tertio
729 3895 953 3952 Nicomedienses
978 3916 985 3964 ;

187 3972 285 4020 catera
299 3972 331 4020 ut
345 3965 480 4038 superius.

222 4034 381 4093 Cuurnieu.
396 4056 403 4092 :
428 4060 437 4083 ι
452 4034 533 4108 Apud
546 4036 746 4105 Nicomediam,
762 4045 920 4095 sanctorum
935 4040 984 4094 Da·

185 4105 230 4175 sii,
246 4106 368 4236 Sotitigiei
383 4124 445 4164 cum
459 4106 521 4163 aliis
530 4107 624 4164 decem
636 4108 781 4165 militibus.
794 4111 826 4166 ln
836 4110 983 4179 Palestina,

185 4179 317 4235 transitus
369 4178 407 4236 ati
422 4179 591 4252 Hylarionis,
613 4178 704 4251 magni
728 4179 813 4252 petris
830 4182 985 4237 monacho-

185 4263 257 4314 rum,
280 4249 360 4322 cujus
381 4249 468 4306 vitam
501 4248 597 4307 beatos
619 4251 776 4308 ieronimus
789 4252 943 4310 sanctitatis
957 4261 983 4309 et

184 4319 379 4377 miraculorum
405 4322 492 4395 gloria
517 4322 626 4393 plenam
652 4322 794 4379 describit.
818 4324 983 4380 incivitate

185 4391 279 4449 Hostia
305 4393 393 4450 sancti
412 4392 514 4449 Asterii
550 4392 683 4466 resbyteri
707 4401 734 4449 et
750 4394 889 4466 martyris.
914 4395 981 4449 Lae-

183 4460 250 4518 duni
266 4463 382 4533 Clavati,
398 4471 499 4521 sancta
517 4409 637 4530 (Elinia,
652 4464 749 4521 matris
762 4465 849 4545 capeti
863 4466 979 4538 Remigii

181 4533 391 4607 archiepiscopi.
407 4559 417 4584 i

217 4603 396 4661 Bnuxniiirn.
405 4604 516 4686 incipit:
527 4629 536 4653 ι
547 4605 627 4679 Apud
635 4607 778 4665 Coloniam
786 4607 977 4679 Agrippinam,

182 4674 249 4729 ioris
265 4692 357 4730 iiinros
368 4675 490 4732 civitatis
504 4676 537 4732 ad
553 4676 740 4757 aquilonarem
756 4678 873 4748 plagam,
887 4679 977 4803 gassie

181 4742 268 4799 beata
294 4745 408 4813 Ursulae,
433 4762 465 4801 ae
495 4762 558 4801 cum
582 4764 589 4801 i
611 4762 640 4801 sa
665 4755 821 4803 sanctarum
848 4765 885 4803 nn
906 4748 975 4804 ecim

181 4813 289 4875 milium
301 4815 449 4887 virginum.
466 4815 532 4882 Qum
546 4762 732 4895 denflritannia
746 4819 859 4875 Romam
873 4826 900 4874 et
912 4818 977 4874 inde

180 4885 323 4944 Coloniam
344 4887 495 4953 venientes,
516 4885 553 4941 ibi
575 4894 657 4957 Juxta
671 4889 776 4943 Renum
794 4889 976 4960 martyrizatae

179 4965 276 5014 sunt.»
297 4956 519 5015 Nicomedienses
548 4965 646 5013 natnor
659 4957 823 5014 nominatim
833 4960 974 5029 exprimit,

179 5044 287 5103 nempe,
304 5029 402 5098 Hiusii',
416 5028 504 5096 Desii,
520 4973 615 5097 getici,
633 5028 711 5100 Gugii'
722 5029 765 5085 vel
781 5030 853 5098 (lcii,
869 5038 921 5087 etc.
937 5033 976 5086 De

180 5099 320 5157 Hilarione
330 5100 412 5156 habet
422 5108 452 5156 ut
463 5100 695 5156 meusne-dlix.
706 5107 759 5155 etc.
771 5100 841 5156 Tum
853 5119 859 5157 :
875 5101 976 5173 «Apud

178 5170 368 5255 Burdegelam,
394 5171 530 5301 depositio
560 5172 648 5227 sancti
674 5170 768 5227 Severi
801 5173 976 5228 Treverensis

176 5242 403 5316 archiepiscopi.»
448 5243 490 5298 ide
502 5244 528 5298 in
542 5243 772 5299 Asseria-itin
788 5245 974 5299 ‹Fontanellar

178 5313 973 5389 monasterio,depositiosanetiCendedis[olicsilondedi]

177 5384 350 5440 confessoris.
365 5385 447 5458 Apud
460 5385 634 5452 Laudininm,
650 5385 892 5456 depositiosanctm
908 5387 973 5444 Cili·

177 5453 240 5522 niae,
254 5455 348 5510 matris
357 5455 574 5529 beatiRemigii.·
586 5457 621 5512 Le
640 5457 834 5522 eductionem,
843 5465 971 5528 utsupra.

212 5524 382 5581 Hieeuovsrs
396 5526 430 5581 de
443 5527 598 5599 virginibus
612 5472 755 5584 Hmulanis
768 5529 855 5583 multa
870 5536 972 5595 narrat,

176 5593 222 5650 sed
238 5595 277 5650 ita
291 5605 321 5652 ut
339 5597 466 5667 selegisse
480 5598 679 5670 videaturque
689 5599 810 5655 maxime
820 5606 886 5653 sunt
896 5599 972 5653 inve-

175 5664 312 5722 risimilia.
325 5665 396 5721 Vide
407 5667 477 5722 inira
488 5669 516 5723 in
529 5667 650 5725 editione
661 5669 850 5730 Lenaeo-Coe.
862 5677 888 5724 et
900 5669 972 5725 Gen·

175 5754 257 5795 vexo.
268 5739 308 5794 Dc
316 5737 572 5795 Nicomediensibus
583 5742 670 5795 solum
683 5740 769 5807 addit,
781 5757 840 5795 cum
852 5740 973 5795 undecim

1047 3278 1109 3318 nim
1120 3261 1247 3317 undecim
1264 3260 1384 3317 millium
1394 3260 1534 3333 virginum
1549 3270 1576 3318 et
1591 3268 1758 3334 martyrum.
1775 3263 1850 3332 Quo·

1046 3349 1107 3389 rum
1123 3339 1217 3389 sancta
1231 3333 1339 3400 Ursula,
1360 3331 1439 3414 virgo
1461 3339 1489 3387 et
1510 3332 1568 3388 filia
1589 3331 1660 3405 regis
1685 3331 1850 3404 Britcnnm,

1046 3403 1160 3461 demina
1175 3412 1202 3459 et
1225 3421 1254 3459 re
1275 3403 1319 3459 ina
1338 3404 1441 3459 extitit.
1467 3404 1531 3459 Haec
1549 3419 1613 3459 cuni
1631 3409 1704 3460 esset
1723 3403 1857 3478 despon-

1045 3485 1103 3532 sata
1114 3475 1239 3543 Etberie,
1255 3421 1315 3531 filio
1329 3475 1400 3546 regis
1423 3475 1540 3543 Angliae,
1558 3474 1606 3531 lias
1619 3490 1711 3530 sacras
1726 3474 1858 3549 virgines

1045 3547 1079 3604 ad
1094 3545 1294 3602 dedicationem
1310 3555 1337 3602 et
1356 3545 1591 3603 conservationem
1607 3545 1780 3618 virginitatis
1795 3564 1855 3604 sua

1044 3617 1137 3690 elegit,
1151 3634 1214 3673 cum
1233 3617 1334 3690 quibus
1354 3615 1539 3689 peregrinavit
1556 3618 1681 3684 Romam,
1702 3615 1738 3673 dc
1763 3619 1859 3677 Roma

1043 3703 1130 3762 nsque
1146 3686 1180 3743 ad
1193 3686 1335 3743 Coloniam
1358 3689 1493 3759 pervenit.
1516 3689 1565 3745 His
1587 3688 1673 3744 sacris
1690 3687 1861 3761 virginibus

1042 3759 1168 3815 associati
1183 3758 1292 3814 fuerant
1307 3758 1447 3816 sanctusC
1472 3759 1560 3816 riaoes
1576 3774 1653 3831 papa,
1668 3765 1698 3814 et
1712 3760 1857 3819 iunocen-

1042 3830 1098 3885 tius
1111 3830 1253 3902 presbyter
1265 3829 1424 3897 cardinalis,
1447 3775 1577 3886 bairaina
1600 3829 1771 3887 Rasileensis
1785 3832 1859 3903 epi·

1042 3916 1140 3973 scopus
1162 3908 1190 3956 et
1217 3909 1328 3957 sanctus
1356 3901 1494 3957 Haronlus
1522 3902 1678 4030 episcogus,
1709 3903 1858 3977 multique

1040 3971 1160 4044 episcopi
1172 3980 1199 4028 et
1208 3972 1372 4038 sacerdotes,
1389 3973 1527 4045 principes
1541 3981 1568 4029 et
1583 3989 1619 4028 no
1639 3972 1691 4028 iles
1704 3971 1775 4030 linio
1788 3991 1854 4030 san·

1040 4050 1091 4100 ctae
1105 4043 1230 4100 societati
1244 4043 1428 4112 adheserunt,
1451 4051 1554 4099 etcum
1569 4043 1672 4100 eisdem
1687 4044 1855 4117 virginibus

1039 4129 1095 4171 una
1104 4115 1160 4183 die,
1171 4114 1222 4171 sub
1232 4130 1286 4170 una
1296 4114 1350 4170 fide
1362 4114 1545 4171 sanctissima
1558 4114 1704 4170 Trinitatis
1717 4130 1806 4189 super
1815 4117 1852 4173 li-

1039 4191 1083 4241 tns
1092 4186 1160 4243 Reni
1176 4186 1295 4257 prefatas
1307 4184 1438 4253 civitatis,
1454 4200 1509 4240 una
1523 4202 1586 4241 cnm
1602 4185 1681 4242 beata
1695 4185 1847 4255 Gemina,

1038 4257 1130 4327 regina
1145 4256 1258 4324 Siciliae,
1274 4272 1305 4312 ae
1319 4255 1429 4312 filiabus
1446 4255 1515 4326 ejus,
1531 4255 1647 4323 Babilla,
1661 4256 1788 4317 iuliani.
1801 4259 1847 4315 vi·

1037 4327 1123 4383 ctoria
1144 4337 1171 4384 et
1193 4325 1294 4394 Aurea,
1319 4343 1351 4383 ac
1374 4328 1489 4399 parvulo
1504 4344 1554 4383 sne
1567 4326 1693 4384 Adriano
1711 4336 1742 4384 et
1757 4329 1849 4386 beatis

1036 4397 1191 4469 virginibus
1217 4398 1387 4465 Cleomatba‚
1426 4398 1586 4466 Tbcemata,
1619 4405 1646 4453 et
1677 4399 1843 4468 Cristantia,

1036 4468 1173 4541 Pynnosa,
1198 4469 1328 4536 Thenete,
1354 4469 1502 4525 Thamaris
1523 4469 1618 4541 regina
1631 4476 1659 4525 et
1673 4469 1785 4539 Officia,
1809 4471 1842 4527 ab

995 4538 1123 4607 pHunis
1144 4548 1171 4596 et
1200 4539 1323 4596 barbaris
1346 4548 1469 4621 tempore
1492 4540 1623 4597 Marciani
1647 4539 1841 4622 imperatoris,

1032 4610 1106 4666 circa
1127 4627 1230 4666 anunm
1257 4611 1366 4667 [lomim
1387 4627 1478 4678 cccci,
1501 4610 1607 4668 crudeli
1630 4613 1840 4669 examinatione

1031 4681 1161 4738 trucidati
1176 4690 1250 4737 sunt.
1265 4681 1346 4752 Apud
1360 4682 1537 4752 Burdegnlim
1553 4681 1698 4737 civitatem
1714 4683 1840 4756 Aquita·

1032 4752 1095 4819 niae,
1113 4752 1244 4807 memoria
1258 4752 1423 4809 sanctissimi
1440 4753 1526 4824 patris
1540 4751 1677 4808 Severini.
1700 4751 1726 4808 A
1745 4753 1839 4826 sippi-

1032 4823 1158 4877 nensinm
1172 4823 1371 4895 archiepiscopi
1388 4831 1416 4880 et
1434 4823 1618 4879 confessoris:
1637 4839 1700 4896 qum
1745 4825 1840 4880 oricsa

1031 4893 1167 4948 festivitas
1180 4894 1252 4964 apud
1262 4893 1385 4964 ejusdem
1396 4894 1518 4950 civitatis
1533 4895 1650 4962 incolas,
1665 4893 1685 4949 b
1725 4894 1753 4951 ic
1767 4896 1838 4952 cele

1031 4962 1072 5018 bri
1081 4962 1254 5033 jocunditate
1261 4966 1401 5022 recolitur.
1417 4989 1426 5012 ·
1444 4968 1483 5022 lle
1493 4965 1637 5021 Hilarione
1675 4966 1737 5021 lura
1752 4966 1838 5022 etiam

1032 5034 1124 5114 nabet,
1138 5034 1187 5090 sed
1202 5051 1262 5108 qna
1278 5037 1307 5090 iri
1323 5036 1419 5092 Adone
1435 5037 1487 5108 legi
1503 5035 1645 5091 mavelim.
1655 4980 1693 5091 H
1707 5036 1838 5093 Nicome-

1029 5105 1172 5160 diensibus
1186 5116 1236 5172 est,
1252 5123 1311 5161 emm
1325 5106 1460 5161 duodecim
1477 5107 1592 5162 mitibus.
1609 5107 1649 5163 De
1663 5107 1779 5165 Asterie
1806 5115 1839 5164 ιιι

1031 5175 1262 5232 Ausonum-blas
1274 5185 1327 5232 etc.
1343 5179 1372 5232 ln
1385 5177 1496 5233 Viatere
1511 5177 1567 5232 iere
1578 5193 1645 5249 pura
1652 5183 1705 5233 est.
1721 5178 1761 5235 De
1771 5149 1838 5236 diti·

1030 5247 1076 5300 nia
1099 5248 1181 5302 etiarn
1204 5257 1235 5302 nt
1257 5249 1491 5303 Asinium-His
1512 5248 1558 5304 sed
1576 5264 1625 5328 pro
1639 5248 1737 5304 metria
1752 5247 1840 5306 habet

1029 5319 1157 5386 martiii-is
1179 5319 1247 5373 Tum
1266 5336 1271 5372 :
1294 5318 1417 5374 «Eodem
1431 5319 1487 5387 die,
1498 5327 1632 5374 transitus
1645 5318 1736 5376 sancti
1754 5320 1840 5376 Wen·

1029 5388 1113 5443 delini
1130 5389 1304 5457 contessoris,
1331 5389 1410 5461 cujus
1437 5391 1534 5445 merita
1550 5389 1746 5461 frequentibus
1771 5406 1841 5462 pan·

1028 5459 1132 5515 duntur
1150 5459 1300 5516 miraculis.
1321 5461 1441 5516 Civitate
1464 5460 1570 5527 Meldis,
1585 5468 1688 5517 sanctie
1707 5460 1839 5529 catinia,

1028 5530 1153 5601 virginis.
1181 5531 1241 5602 lpse
1261 5530 1306 5587 dic
1320 5531 1462 5588 beatorum
1479 5529 1600 5588 Victoris
1614 5539 1642 5586 et
1657 5532 1838 5604 Syndulpbi,

1027 5601 1224 5658 consessorum.
1239 5627 1248 5648 ι

1061 5672 1170 5741 Reum,
1195 5673 1224 5728 in
1242 5679 1320 5729 textu
1336 5674 1401 5731 satis
1435 5690 1502 5730 urus
1516 5679 1567 5740 est,
1583 5671 1638 5729 nisi
1655 5672 1734 5746 quod
1749 5673 1839 5757 legat,

1026 5758 1083 5797 evm
1097 5744 1230 5799 decrerim
1243 5746 1360 5801 militie.
1371 5690 1465 5802 lnHee
1475 5744 1571 5817 adjicit
1587 5761 1593 5800 :
1619 5769 1628 5792 ι
1644 5744 1836 5818 Burdagalia,
