3834 6136
123 232 193 297 lits

653 233 702 297 DE
721 235 806 299 VITA
824 233 852 298 S.
871 226 1032 299 GEltldel
1050 270 1086 282 -
1105 237 1173 298 bill.
1192 228 1241 298 lli.

1707 228 1777 301 rtet

123 395 249 469 Namque
262 413 331 468 opus
341 411 421 453 omne
431 412 512 453 suurn
523 396 961 465 numerodiscreviteodemmtb
977 397 1046 454 Cum
1062 404 1139 453 sexta
1153 404 1228 454 totus
1242 396 1313 469 parit
1324 398 1440 458 taratara
1456 397 1604 457 officiosam
1617 402 1640 470 f;

370 485 471 556 Pagina
485 501 561 543 sacra
573 487 656 542 refert
672 503 678 542 ε

124 572 263 641 Quamvis
277 582 304 630 et
319 574 402 630 simul
412 582 441 629 et
455 576 538 632 semel
553 575 646 631 omnia
660 576 781 646 condita,
797 593 879 634 verax

391 663 542 736 Tbeologia
560 673 639 720 canat
652 684 658 732 ;

123 750 280 808 Perfectum
296 749 342 806 sed
358 767 426 822 opus
444 752 551 808 numeri
566 753 696 824 perfectio
707 753 805 826 signat,

387 839 514 897 Partibus
527 849 590 914 apta
604 842 671 898 suis.

125 924 254 983 Cardiuis
268 925 343 983 bunc
355 926 438 998 primi
451 929 474 983 si
484 944 532 1000 per
546 928 717 987 theoremata
731 929 815 986 ducas
829 941 851 998 ¹,

387 1015 500 1071 Eminet
514 1018 656 1088 egregius:

125 1105 248 1177 Namque
263 1119 312 1158 sua
327 1103 402 1158 solus
412 1120 470 1160 sese
485 1105 595 1175 regione
609 1113 729 1175 coercet,

340 1190 448 1247 Gnarus
463 1191 562 1247 babere
577 1193 707 1250 modum:

126 1284 180 1339 Nec
192 1297 328 1338 summam
337 1279 922 1354 minuit,necvulttransceudercsummam,

361 1369 489 1427 Partibus
499 1372 647 1444 explicitus
664 1371 689 1428 ⁵:
844 1368 848 1374 ’

128 1461 146 1517 l¹¹
152 1477 219 1516 num
233 1468 312 1517 sexta
322 1459 433 1534 quidem
445 1467 503 1528 est;
519 1460 575 1517 duo
590 1461 669 1517 tertia
676 1479 684 1530 ;
696 1461 844 1519 dimidium
856 1471 921 1530 tres;

379 1549 435 1605 Sex
457 1564 489 1605 ea
507 1549 669 1608 restituunt.

128 1639 188 1696 ltt.
206 1639 301 1708 Visne,
314 1639 390 1695 aliud
406 1640 533 1708 referam,
551 1656 627 1710 mage
646 1640 719 1712 quod
741 1639 886 1708 mirabere,

352 1727 412 1785 Huc
427 1728 501 1797 ades,
517 1727 600 1802 idque
611 1729 691 1787 refer.
803 1729 902 1804 [lector

101 1805 102 1808 '
127 1815 252 1873 Partibus
266 1814 415 1871 intersum
431 1814 532 1884 ductio,
549 1815 702 1890 iisdemque
713 1820 849 1888 remistis,

357 1904 473 1961 Instruit
486 1903 533 1961 hic
546 1907 621 1965 δικαδ
634 1920 668 1961 en
684 1915 704 1973 ⁰,

134 1983 199 2040 Pars
214 1991 254 2040 est
269 1991 346 2040 sexta
359 1991 436 2065 μονὰς
453 1983 472 2052 ⁴,
489 1983 596 2039 numeri
612 1985 765 2055 progressio
778 1983 885 2058 prima:

397 2063 529 2117 Primitus
539 2061 587 2117 illa
601 2062 676 2118 subit
688 2082 695 2132 ;

127 2153 220 2208 Tertia
234 2166 353 2222 namque
366 2153 426 2219 δνὰς
441 2158 460 2217 ·,
476 2149 567 2204 sedem
580 2158 655 2208 tenet
668 2159 750 2224 atque
764 2155 922 2213 secundam:

355 2230 427 2285 Fons
443 2229 568 2300 paritatis
582 2245 614 2285 ca
639 2238 695 2288 est:

127 2322 338 2395 Dimidiumque
351 2330 426 2400 τριάς
440 2315 455 2389 ‘,
468 2319 539 2377 hanc
549 2320 647 2377 tertius
661 2322 766 2395 excipit
779 2325 847 2381 ordo
863 2345 870 2394 ;

370 2401 441 2456 Hinc
456 2400 518 2456 fluit
528 2400 689 2473 imparitas:

129 2494 198 2552 Cum
209 2497 286 2548 sexta
300 2489 432 2557 medium,
447 2493 527 2568 parat
541 2506 575 2545 en
589 2500 665 2568 τριὰς
688 2494 827 2566 applicat;
844 2503 926 2569 atque

349 2573 398 2627 rtis
412 2569 474 2625 fluit
485 2570 558 2626 alma
570 2581 661 2649 τετρὰς
675 2580 697 2628 ¹:

130 2651 221 2708 Tertia
235 2668 297 2708 cum
313 2651 404 2707 medio
416 2656 477 2719 iura
492 2668 527 2707 en
540 2679 613 2727 τριας
627 2669 716 2726 enque
725 2664 833 2727 coaptat
845 2675 852 2724 ;

353 2742 446 2799 traete
459 2731 469 2759 ⁵
480 2731 514 2786 ab
528 2731 572 2787 bis
586 2734 685 2790 oritur.

131 2814 225 2869 Partes
239 2811 405 2868 omnimodae
421 2814 525 2884 digesta
537 2821 608 2870 sorte
619 2814 727 2884 refusae,

359 2895 425 2974 ’Ἑξα
441 2904 552 2976 quidem
567 2913 695 2977 reparant
708 2904 724 2963 ¹.

909 1730 962 1812 le

171 3019 179 3039 ¹
199 3009 287 3067 Cardo
299 3010 404 3082 primus
415 3028 583 3067 nurnerorum
598 3019 635 3066 est
648 3013 681 3068 ab
696 3030 748 3067 arno
770 3014 806 3068 ad
834 3013 926 3069 decem.

131 3085 194 3140 Not.
212 3097 276 3136 mss.
291 3083 393 3138 Sensus
407 3099 470 3155 ergo
480 3091 538 3140 est:
554 3083 582 3138 Si
594 3100 739 3139 numerum
754 3083 829 3141 bunc
848 3101 924 3140 sena·
939 3111 961 3171 G

131 3155 204 3211 rium
218 3153 374 3209 consideres
388 3160 501 3224 attente,
518 3155 644 3212 invenies
656 3155 737 3211 illum
752 3156 872 3211 eminere
883 3156 924 3211 in·

131 3237 174 3283 ter
187 3225 280 3280 decem
293 3225 406 3295 primos.

168 3296 179 3324 ⁵
195 3297 312 3367 Uterque
328 3296 375 3353 bic
389 3313 485 3353 versus
498 3298 593 3355 eodem
608 3297 717 3364 recidit,
735 3304 762 3352 et
779 3298 927 3369 significat,

133 3369 204 3424 banc
228 3367 422 3438 perfectionem
448 3370 556 3423 senario
571 3385 686 3423 numero
706 3369 843 3438 propriam
859 3387 928 3436 esse,

134 3440 207 3512 quod
224 3455 321 3494 omnes
332 3438 390 3507 ejus
401 3447 490 3508 partes
503 3439 630 3508 aliquota
646 3439 728 3493 simul
743 3447 858 3510 surruptae
873 3457 929 3495 uon

133 3511 301 3567 imminuant
316 3508 376 3576 ejus
391 3523 526 3561 summam
542 3523 593 3562 neo
615 3517 750 3578 augeant:
778 3518 832 3565 tres
854 3511 929 3568 errim

133 3591 242 3639 tantum
258 3577 340 3631 babet
351 3584 439 3655 partes
453 3576 599 3648 aliquotas,
616 3595 715 3649 nempe
733 3589 850 3649 sextam,
868 3599 929 3654 quar

132 3660 175 3710 est
185 3650 287 3712 unitas
296 3653 479 3718 tertiamque
489 3656 554 3703 sunt
564 3648 637 3716 duo;
652 3657 679 3705 et
689 3650 927 3726 dimidiurn‚quod

133 3731 175 3780 est
189 3721 242 3776 tria
259 3737 264 3774 :
287 3717 336 3797 bas
350 3717 552 3799 sicorijungas,
569 3736 666 3792 nempe
683 3723 708 3790 f,
724 3723 740 3779 2
755 3723 810 3780 et3
825 3724 930 3781 faciunt
964 3748 967 3753 ·

133 3809 193 3850 sex.
211 3790 271 3845 Non
288 3787 386 3843 sicubi
401 3805 508 3844 numera
522 3808 527 3845 ε
540 3807 603 3846 nam
619 3794 738 3864 exempli
752 3811 844 3863 causa,
856 3804 928 3852 octo·

134 3861 286 3922 nariusbas
299 3858 380 3914 babet
395 3867 483 3930 partes
494 3861 638 3933 aliquotae,
654 3871 779 3919 octavam
792 3867 832 3937 (id
846 3868 927 3938 esti),

154 3940 259 3991 uertatn
271 3930 324 4000 (2),
341 3930 490 3984 dimidium
506 3930 558 4001 (4).
576 3933 629 3985 llas
643 3931 783 4057 siqungar,
797 3952 852 3991 non
866 3954 930 3993 con·

134 3955 231 4064 acient
246 4011 317 4068 octo,
335 4001 383 4056 sed
397 4008 500 4072 septem
514 4008 669 4057 tantummo
689 4019 715 4058 o.

173 4087 273 4141 οΔεκοις
287 4088 321 4127 en
338 4088 386 4144 pro
402 4075 504 4141 δικάδα,
522 4071 550 4128 nl
565 4079 606 4129 est
620 4090 759 4128 rtuinerum
779 4075 929 4134 derrariurn.

171 4155 275 4222 ’Μονάς
288 4159 328 4208 est
342 4151 442 4219 unitas,
458 4152 624 4226 principium
641 4152 768 4210 nuureri:
802 4162 829 4211 et
852 4166 931 4215 sexta

138 4251 200 4308 pars
214 4232 320 4288 numeri
332 4231 443 4286 senarii.

180 4316 190 4340 ·
199 4314 274 4375 Λυὰς,
292 4302 321 4358 id
343 4310 384 4358 est
405 4319 530 4359 rannerus
543 4304 674 4376 binarius,
686 4306 732 4378 qui
747 4315 859 4380 estpars
870 4316 931 4365 ter-

137 4387 176 4442 tIa
189 4384 299 4440 senarii.

173 4457 180 4485 ¹
193 4465 283 4532 Τρῖὰς,
295 4471 420 4510 numerus
440 4453 584 4523 ternarius,
601 4455 701 4510 senarii
715 4456 876 4513 dimidium.
945 4467 969 4524 D

172 4545 181 4573 ¹
197 4535 228 4591 ld
244 4543 295 4600 est,
331 4551 374 4590 ars
384 4541 461 4589 sexta
474 4532 574 4589 senarii
586 4533 658 4607 (quaa
668 4535 820 4606 estuuitas)
833 4535 931 4606 juncta

136 4551 329 4678 niediolqumf
336 4614 376 4662 est
398 4621 528 4660 numerus
542 4605 689 4675 ternarius)
701 4606 789 4677 gignit
802 4614 930 4678 quatuor,

137 4696 184 4734 seu
200 4694 344 4733 numerum
361 4676 577 4750 quaternarium,
589 4676 636 4749 qui
649 4676 741 4734 Graece
752 4677 857 4733 dicitur
873 4706 930 4739 w.

135 4767 194 4838 ρᾶς,
210 4774 270 4829 quae
284 4756 356 4811 alnia
372 4756 463 4811 iocari
491 4756 610 4825 videtur,
636 4756 711 4828 quod
732 4763 855 4830 quatuor·
871 4760 932 4815 ele-

136 4845 229 4893 menta
242 4838 393 4918 contineat,
408 4837 510 4909 quibus
524 4854 638 4911 corpora
660 4845 789 4896 coustant
806 4845 835 4894 et
854 4840 932 4896 alun-

135 4914 296 4967 turomnra.

177 4984 192 5026 ¹¹
206 4991 314 5057 ιιιτιὰς,
329 4980 358 5036 id
375 4988 416 5036 est
440 4997 566 5035 nummus
580 4980 722 5050 quinarius
737 4982 826 5037 oritur
842 4997 877 5037 ex
892 4999 931 5038 sc·

135 5062 207 5117 narii
224 5070 298 5133 parte
313 5061 394 5117 tertia
410 5059 633 5132 (quaestionis)
657 5066 684 5114 et
708 5061 809 5117 senarii
838 5061 931 5128 medio

138 5144 225 5217 (quod
238 5157 279 5203 est
292 5156 397 5227 spiam
412 5145 428 5201 2
441 5143 516 5199 enim
533 5147 560 5196 et
574 5141 591 5198 3
608 5141 716 5199 faciunt
733 5142 760 5199 ὅ.

172 5227 177 5255 ⁵
192 5227 260 5282 Nam
273 5226 297 5292 f,
315 5228 331 5283 2
346 5226 400 5282 elil
414 5225 520 5281 faciunt
534 5222 560 5278 6.

171 5297 248 5353 lflac
262 5305 307 5367 est,
328 5300 352 5366 f,
379 5303 403 5351 et
428 5296 445 5351 6
473 5295 578 5365 [coirent
600 5310 738 5348 ntrrnerurn
753 5294 930 5364 septenarium

136 5367 189 5423 siue
215 5372 314 5431 ἱππάδα
335 5368 484 5442 officiosam,
515 5367 542 5421 id
571 5370 608 5419 est
637 5365 664 5419 iu
690 5366 781 5419 irruitis
807 5368 929 5437 efflatum.

135 5449 199 5504 Not.
216 5449 280 5504 bfss.

141 5558 146 5566 .
171 5519 266 5586 'Quia
284 5520 356 5574 intra
372 5518 510 5574 aunarium
532 5517 590 5572 sola
605 5522 684 5586 inrig
710 5531 754 5569 ires
775 5513 870 5586 gignit,
887 5532 930 5571 nec

135 5599 264 5670 9ignitur.
279 5600 343 5656 Not.
360 5615 425 5654 mss.

285 5697 405 5754 Parnon.
428 5694 555 5754 CXXIV.

1170 476 1247 534 lianc
1257 476 1378 533 sterilem
1388 477 1555 548 perbibentl
1566 497 1572 535 :

977 566 1068 623 Tertia
1082 581 1144 622 cum
1160 573 1219 622 toto
1232 575 1304 623 creat
1318 570 1432 630 incisu
1450 567 1457 605 ¹
1469 586 1476 636 ;
1493 567 1559 626 binc
1572 567 1635 626 fluit
1647 576 1718 641 flate

1228 647 1329 705 Vivere
1344 661 1406 723 post
1420 649 1526 707 cineres
1542 659 1563 686 ¹²
1578 669 1585 719 ;

977 738 1061 794 Totus
1074 753 1136 794 cum
1152 735 1253 804 medio,
1270 741 1448 796 numeraliter
1463 743 1541 800 ι”ννιά
1555 739 1661 814 gignit;

1226 815 1252 871 IS
1265 815 1386 888 triplicat
1399 819 1524 888 τριαῦθηί
1741 884 1745 890 ¹

979 891 1028 950 His
1042 903 1185 966 superacta
1197 904 1285 974 μονὰς.
1303 905 1408 958 πάντων
1425 906 1494 966 rili:
1509 913 1688 956 numerorum
1731 890 1740 902 '

1227 974 1339 1031 Proficit
1352 976 1382 1031 iu
1397 977 1528 1035 decaden.

978 1061 1024 1119 Sic
1037 1063 1127 1135 operis
1138 1062 1268 1118 meritum
1284 1080 1387 1121 merces
1403 1083 1532 1123 mansura
1546 1076 1687 1141 sequetur,

1208 1151 1294 1218 Quam
1310 1157 1384 1224 irai:
1403 1157 1506 1228 effigiat
1521 1168 1543 1213 ¹¹.

978 1221 1043 1284 Tam
1059 1239 1150 1288 manet
1166 1231 1339 1302 herverum,
1356 1251 1437 1308 quam
1458 1235 1504 1308 qui
1525 1250 1606 1307 super
1623 1236 1717 1292 omnia
1735 1234 1778 1293 sol
1849 1269 1855 1280 ·

1244 1318 1300 1378 Nec
1312 1321 1382 1378 ratio
1397 1321 1507 1380 titubat.
1703 1322 1756 1398 [est
1769 1342 1777 1394 ;

977 1408 1057 1464 Anne
1071 1407 1122 1465 tibi
1138 1408 1235 1466 videor
1247 1413 1354 1468 senaria
1369 1411 1506 1485 symbola,
1522 1413 1618 1484 lector,

1240 1500 1376 1558 Elicuisse
1390 1505 1510 1575 parum?

978 1587 1006 1643 Si
1022 1595 1109 1658 potes,
1124 1587 1174 1644 ede
1186 1589 1273 1646 aliam
1287 1592 1373 1649 simili
1388 1595 1496 1652 ratione
1509 1596 1647 1655 cluentem
1661 1614 1669 1666 ;

1237 1677 1322 1735 Cedat
1335 1689 1362 1737 et
1376 1680 1428 1737 iste
1442 1683 1514 1741 loco.

980 1759 1058 1828 Quod
1071 1763 1094 1819 si
1110 1779 1166 1821 non
1180 1767 1252 1838 potis
1266 1776 1323 1837 est3
1338 1771 1472 1842 perfectos
1486 1773 1561 1833 disce
1576 1774 1733 1849 triumphos

1234 1858 1363 1917 Praesulis
1379 1878 1437 1920 esse
1451 1866 1515 1923 mei.

978 1931 1052 1998 Quos
1069 1932 1180 1991 cohibet
1196 1952 1338 2006 numerus,
1359 1958 1440 2014 quem
1459 1951 1491 2000 tu
1506 1944 1565 2016 jam
1583 1947 1636 2004 rite
1655 1951 1776 2027 emergis

1240 2017 1352 2073 Dixeris
1365 2034 1423 2076 esse
1437 2022 1517 2079 llei⁰¹

1016 2099 1078 2156 lbi.
1099 2102 1184 2159 Orata
1200 2105 1309 2174 melius,
1325 2117 1448 2180 superest
1462 2111 1646 2188 quodcunque
1664 2113 1777 2187 laboris,

1241 2195 1379 2267 Expedies
1393 2201 1513 2258 modico.

979 2285 1136 2341 Oclemcns
1160 2285 1290 2357 Trinitas,
1309 2298 1408 2348 nostrae
1428 2309 1536 2367 quoquc
1554 2297 1617 2354 fons
1635 2298 1777 2356 trinitatis.

1183 2374 1251 2431 Nam
1266 2377 1355 2456 tribus
1369 2396 1450 2436 omne
1464 2382 1575 2441 subest:

981 2469 1090 2541 Οὐσίαν,
1112 2466 1194 2547 δὺναμ
1200 2493 1222 2526 ιν
1236 2464 1343 2538 dicunt,
1358 2475 1471 2550 ἱνὲργιαν
1485 2480 1582 2547 atqu&

1193 2552 1261 2620 Quis
1275 2550 1345 2619 sine,
1360 2551 1438 2607 nulla
1452 2561 1527 2633 pieac
1537 2563 1560 2610 Ρ.

981 2652 1031 2707 Est
1045 2651 1127 2708 etiam
1141 2653 1251 2710 trinitas
1263 2655 1362 2709 animae
1374 2652 1546 2709 contermina
1561 2648 1672 2726 nostras,

1185 2774 1189 2779 -
1234 2745 1294 2812 Qua
1305 2743 1337 2799 fit
1351 2743 1441 2814 imago
1455 2741 1523 2799 Dei:

982 2833 1048 2892 Νοῦς
1062 2821 1131 2894 bac,
1147 2831 1229 2899 atque
1241 2832 1324 2904 rigiz,
1342 2823 1425 2878 etiam
1437 2826 1565 2883 triturat
1581 2830 1707 2893 vocatur,

1198 2908 1274 2962 Hauc
1288 2919 1396 2976 quoque
1410 2910 1441 2959 tu
1453 2901 1561 2962 tribuis.

1019 3017 1027 3057 ¹
1040 3016 1109 3073 Nam
1124 3015 1140 3071 Ξ
1158 3020 1185 3070 et
1199 3013 1216 3070 6
1230 3013 1335 3069 faciunt
1347 3013 1375 3081 8,
1390 3013 1448 3068 sive
1461 3017 1567 3075 terete.

1012 3107 1033 3135 ¹¹¹
1057 3099 1140 3166 Ἐλπὶς
1153 3095 1239 3149 uiuere
1250 3099 1310 3164 post
1326 3092 1433 3159 cineres,
1448 3092 1477 3148 id
1491 3099 1533 3148 est
1545 3109 1602 3163 sper
1613 3094 1782 3150 resurreetio·

983 3178 1034 3232 nis
1051 3174 1207 3232 Oclonorius
1222 3172 1295 3228 enim
1307 3172 1335 3226 in
1346 3171 1444 3226 diuinis
1454 3172 1560 3228 Litteris
1575 3172 1678 3229 Nouum
1696 3175 1783 3230 Testa·

983 3254 1107 3312 arentum,
1134 3261 1274 3316 corporum
1302 3243 1541 3312 resurrectionem,
1567 3260 1599 3299 ao
1620 3243 1783 3313 najestatem

983 3319 1057 3391 regni
1071 3317 1121 3374 Dei
1135 3315 1277 3388 siguificat,
1289 3314 1380 3387 inquit
1395 3322 1421 3370 et
1436 3315 1533 3386 probat
1542 3314 1652 3385 Bongus
1664 3314 1697 3370 ad
1709 3315 1783 3373 lrunc

985 3405 1132 3447 numerum
1156 3389 1295 3468 inopere,
1337 3385 1391 3441 uod
1412 3384 1540 3442 inscribit
1558 3386 1674 3455 Mystico
1695 3404 1782 3441 viraine-

984 3479 1077 3518 rorum
1091 3458 1290 3530 significationis
1304 3403 1410 3513 li‘irum.
1428 3456 1479 3512 Ubi
1495 3455 1529 3512 de
1544 3455 1596 3512 boc
1611 3472 1708 3527 genere
1724 3459 1783 3530 plu·

985 3535 1055 3589 rima
1068 3531 1176 3587 erudite
1191 3536 1320 3601 congesta
1333 3529 1419 3584 lector
1433 3527 1569 3599 ejusmodi
1585 3544 1676 3584 rerum
1687 3530 1783 3586 curio-

984 3622 1031 3661 sus
1046 3603 1179 3670 inveniet,
1195 3601 1312 3672 singulis
1325 3598 1448 3655 numeris
1461 3600 1581 3673 propria.

1021 3701 1033 3728 ¹¹
1050 3691 1084 3748 Ut
1106 3688 1229 3747 ostendit
1251 3690 1325 3746 idem
1345 3689 1456 3761 Bongus
1474 3687 1503 3743 in
1523 3704 1638 3748 munero
1659 3686 1788 3760 denario,

986 3764 1060 3820 ultra
1082 3762 1214 3820 medium.

1020 3853 1148 3924 ⁰bepida
1169 3868 1233 3909 sane
1250 3852 1400 3909 collectio:
1422 3853 1478 3924 Ego
1499 3852 1644 3926 triumphos
1664 3854 1692 3910 S.
1714 3853 1785 3909 Ger-

984 3925 1058 3978 mani
1072 3940 1170 3978 enarro
1185 3924 1261 3979 libris
1274 3941 1320 3979 sear
1331 3942 1341 3990 ,·
1354 3925 1429 3994 atqui
1441 3942 1566 3981 numerus
1579 3925 1701 3981 senarius
1717 3941 1785 3995 per-

984 3993 1066 4064 fectus
1093 4000 1140 4061 est,
1167 4011 1227 4064 erqo
1249 4002 1273 4049 et
1294 3995 1404 4065 perfecti
1426 3997 1555 4069 triurnpbi
1576 3997 1629 4056 itti.
1650 3995 1703 4054 Seu
1727 3995 1786 4054 ltaec

986 4062 1091 4120 ludenti
1107 4071 1192 4135 poetic
1205 4063 1395 4120 condonanda.

1021 4150 1078 4207 rid
1102 4159 1152 4218 est,
1176 4152 1323 4218 essentiam,
1345 4153 1469 4206 virtutem
1491 4160 1568 4223 ctqm
1595 4159 1784 4224 operationem,

985 4222 1044 4279 sine
1059 4221 1159 4294 quibus
1174 4221 1250 4277 nulla
1264 4228 1305 4276 est
1319 4227 1392 4300 quea
1407 4237 1456 4276 seu
1469 4229 1577 4277 nutura.
1590 4225 1623 4278 ln
1636 4225 1709 4279 omni
1717 4226 1786 4280 enim

985 4308 1084 4356 natura
1098 4299 1254 4357 rationabili
1267 4299 1488 4371 intellectualique
1501 4301 1555 4356 tria
1569 4301 1621 4356 bac
1640 4302 1785 4373 insepara-

987 4372 1077 4427 biliter
1094 4387 1243 4442 semperque
1262 4371 1500 4443 incorruptibiliter
1515 4373 1648 4428 manentia
1662 4373 1784 4428 mnem-

984 4450 1091 4498 rautnr.
1108 4444 1210 4498 Horum
1224 4445 1382 4513 exemplum.
1398 4442 1482 4499 Nulla
1500 4449 1609 4509 nutura,
1626 4444 1680 4499 siue
1698 4445 1782 4500 ratio·

984 4515 1055 4568 realis
1085 4514 1138 4567 sice
1165 4513 1349 4568 intellectualis
1375 4520 1420 4580 est,
1449 4530 1507 4583 quea
1532 4514 1632 4584 iquoret
1657 4531 1684 4570 ee
1711 4532 1783 4582 esse,

985 4585 1106 4655 qrmmois
1121 4584 1219 4639 nesciat
1237 4584 1302 4654 quid
1321 4584 1363 4639 sit.
1386 4586 1458 4641 Datin
1478 4602 1539 4656 erqo
1562 4585 1641 4641 dico:
1665 4587 1784 4656 Intellipo

986 4673 1026 4710 ine
1040 4672 1108 4720 esse;
1122 4672 1207 4710 nonne
1226 4655 1273 4710 boc
1290 4671 1343 4710 uno
1357 4656 1445 4722 uerbo,
1457 4657 1528 4726 quod
1540 4662 1577 4711 eet
1591 4656 1719 4729 intelligo,
1731 4657 1785 4713 tria

986 4727 1103 4798 siqnifim
1119 4744 1137 4781 a
1151 4743 1177 4781 se
1189 4727 1404 4798 inseparabilia?
1418 4727 1489 4785 Nan
1502 4734 1526 4782 et
1539 4744 1580 4783 me
1593 4745 1655 4797 esee,
1668 4735 1692 4784 et
1698 4744 1783 4801 posse,

986 4804 1009 4852 et
1031 4798 1175 4868 intelligere
1192 4815 1231 4853 me
1251 4814 1303 4853 esse
1320 4799 1486 4854 demonstro:
1499 4815 1553 4854 non
1567 4800 1636 4855 enim
1652 4800 1786 4880 intellige-

986 4886 1051 4938 rem,
1071 4869 1095 4924 si
1109 4886 1161 4924 nan
1176 4885 1271 4935 essen·
1285 4886 1368 4940 neque
1382 4870 1562 4942 iiatelligerern,
1582 4871 1606 4926 si
1623 4871 1720 4926 uirtute
1738 4886 1787 4924 rn-

987 4940 1136 5011 telligenlioe
1144 4957 1260 4996 carerem
1271 4959 1282 5006 ,·
1295 4958 1340 4996 nec
1354 4941 1403 4997 illa
1417 4940 1504 4997 uirtus
1517 4942 1546 4996 in
1557 4958 1598 4997 ine
1611 4942 1680 5009 silet,
1695 4941 1739 4996 sed
1757 4939 1786 4994 in

986 5012 1163 5138 oedratlimeqn
1187 5012 1350 5084 intelligendi
1368 5012 1533 5084 prorumpit.
1557 5012 1598 5068 Ita
1623 5019 1696 5069 notae
1718 5026 1785 5067 mss.

1009 5099 1025 5137 o
1049 5125 1055 5138 .
1094 5099 1130 5154 ug
1152 5125 1158 5138 .

1021 5170 1077 5226 ild
1098 5177 1149 5238 est,
1167 5187 1249 5240 meru,
1270 5173 1340 5228 ratio
1357 5178 1384 5228 et
1400 5171 1521 5244 cogitatio
1542 5188 1590 5229 seu
1613 5170 1786 5237 consilium;

986 5240 1019 5296 de
1039 5241 1140 5312 quibus
1162 5241 1274 5300 additur
1291 5243 1320 5299 in
1336 5243 1410 5299 notis
1429 5259 1494 5299 mss.
1514 5243 1575 5299 cod.
1597 5242 1708 5324 bugd:
1739 5241 1790 5323 lliq

986 5312 1070 5367 tribus
1088 5314 1233 5369 essentialis
1259 5314 1367 5370 trinitas
1388 5315 1485 5370 animm
1511 5314 1546 5369 ud
1572 5314 1713 5385 imapinem
1741 5313 1790 5369 tta

985 5383 1129 5438 carastituta
1152 5384 1278 5440 subsistit.
1304 5385 1389 5440 Porro
1408 5390 1541 5457 quantum
1560 5385 1653 5441 Patres
1677 5382 1790 5440 labora-

986 5455 1087 5521 verint,
1103 5470 1238 5580 quamque
1253 5455 1375 5511 diversas
1388 5455 1447 5511 vias
1462 5454 1587 5523 inierint,
1603 5456 1637 5512 ad
1648 5455 1792 5510 irrvnnien·

985 5525 1047 5580 darn
1064 5542 1188 5596 exponen
1210 5541 1308 5599 amque
1319 5526 1394 5581 illam
1411 5525 1559 5598 imaginem
1573 5535 1600 5583 et
1623 5525 1793 5582 similitudi-

986 5612 1047 5651 netn
1072 5597 1131 5664 Dei,
1157 5613 1239 5669 quam
1270 5599 1298 5653 in
1325 5597 1438 5653 bomine
1466 5605 1571 5655 certain
1599 5605 1640 5654 est
1674 5597 1793 5654 existere

1622 5692 1657 5754 38
