3834 6136
123 202 176 262 25⁵

787 195 940 257 USUAllllI
958 197 1120 256 MONACHI

1728 192 1781 254 256

123 325 152 380 in
169 323 331 380 laterculum
345 339 425 381 suum
440 323 603 379 translatum
618 321 805 378 exhibuimus.
821 322 924 380 Caetera
940 321 1072 385 Anensis
1101 321 1151 378 sub
1182 321 1293 377 initium
1317 321 1367 379 lib.
1391 339 1422 379 rr.
1447 319 1575 377 Historia
1598 320 1781 386 Francorum,

123 395 182 467 ejus
201 403 275 468 gesta
298 413 332 453 ex
347 395 464 452 Actibus
492 395 679 467 apostolorum
704 401 785 466 atque
799 396 923 466 epistolis

125 468 200 523 Petri
216 476 244 523 et
265 467 355 537 Pauli,
372 466 502 523 historice
523 467 551 521 in
567 465 644 522 Actis
665 464 763 521 deduci
782 472 921 538 poterunt,

124 539 169 595 cui
184 540 223 594 rei
245 540 319 596 viam
334 539 464 595 stravisse
484 538 596 594 videtur
615 536 810 592 Tillemontius
822 538 923 594 tomoi

124 610 210 666 variis
229 612 306 680 locis,
330 610 370 665 ibi
385 610 540 666 accuratius
561 606 759 680 expendendis.
775 608 923 676 Notherus,

21 703 24 708 ·
125 682 198 754 quod
216 683 315 738 mirum
330 689 380 750 ost,
396 697 447 736 nec
461 681 546 736 verbo
560 681 593 736 de
604 696 636 735 eo
647 679 784 745 meminit,
795 679 853 751 ejus
865 682 924 736 loco

125 753 296 810 substituens
310 754 490 824 Margaretom
499 752 687 808 Antiochenam
699 768 762 807 cum
773 752 837 806 vitae
851 768 925 808 com·

125 825 227 896 pendio
242 842 276 880 ex
291 824 383 879 verbis
398 823 502 880 Rabani
517 823 603 879 ferme
614 829 754 890 contexto,
771 823 924 880 Ilourauum

125 911 241 968 parvum
257 896 290 951 de
314 895 576 966 Carthaginensibus
591 894 631 950 sic
646 894 789 966 loquitur:
807 896 844 950 Et
857 912 925 950 son-

125 973 226 1021 ctornm
241 966 421 1037 confessorem
435 966 549 1036 Enpenii
562 965 676 1037 episcopi
691 971 714 1021 et
731 966 848 1020 universi
862 965 926 1021 cleri

126 1037 258 1094 Ecatestae.
283 1038 332 1093 His
345 1037 452 1095 accedit
466 1038 560 1094 brevis
573 1036 680 1094 Adonis
695 1037 851 1109 panegyris,
868 1036 926 1092 iere

125 1106 559 1166 adverbnmaNostr'otranssum
580 1107 924 1175 ta;liberaliusaN0tlrero,

127 1179 157 1234 iu
172 1194 227 1253 quo
241 1179 379 1248 advertas,
395 1196 450 1236 uon
462 1180 554 1253 inepte
562 1126 675 1248 Vraheri,
692 1179 925 1249 lectoresinsonta-

128 1250 208 1319 ligae,
223 1259 319 1307 contra
341 1268 422 1325 quam
440 1251 501 1308 Ado
517 1258 543 1306 et
559 1248 708 1317 Usnardus,
726 1250 880 1318 obscurius,
897 1250 926 1305 ni

127 1319 220 1389 fallor,
251 1323 447 1395 expresserint.
475 1323 536 1380 Non
565 1321 654 1380 defuit
683 1321 926 1378 celeberrimorum

126 1393 313 1449 confessorum
341 1394 438 1466 elogiis
465 1395 590 1459 materia,
608 1410 644 1450 ex
671 1392 782 1451 Victore
807 1392 926 1460 Vitensi,

126 1461 271 1520 barbaram
287 1465 362 1523 illam
384 1466 515 1521 llnnerici
535 1465 752 1536 persecutionem
772 1464 832 1520 inse
859 1481 928 1536 pro-
960 1477 965 1483 ·

127 1542 270 1607 sequente;
289 1551 305 1590 a
323 1536 461 1664 principio
481 1536 546 1593 libri
566 1538 601 1604 ΙΙ,
621 1544 652 1593 ut
670 1535 735 1592 virle
752 1536 780 1592 in
799 1535 928 1591 editioni·

127 1605 180 1662 hus
208 1606 341 1663 Chiffletri
361 1615 388 1664 et
438 1608 564 1676 uinartii,
585 1610 628 1663 vel
657 1608 687 1663 in
708 1609 767 1679 ipso
785 1607 876 1663 Surio.
898 1608 929 1662 ln

129 1677 231 1750 quibus
255 1687 346 1736 autem
365 1696 382 1735 a
404 1679 515 1738 Victore
544 1678 653 1736 diderat
672 1677 819 1751 Gregorius
838 1679 967 1744 Ture-B

978 394 1007 450 in
1022 394 1100 450 Actis
1112 392 1286 450 discutietur.
1298 393 1393 450 Videri
1404 392 1520 450 interim
1530 398 1618 464 potest
1628 390 1783 447 l'illemon·

977 466 1034 521 tius
1048 474 1124 521 tomo
1139 465 1214 533 XVI,
1231 465 1447 536 persecutionem
1464 462 1655 520 Wandalicam
1670 461 1778 520 Gallice

979 537 1135 594 describens
1155 553 1245 608 apag.
1268 535 1332 604 ibi,
1354 535 1401 591 ubi
1420 537 1454 593 de
1482 534 1608 607 Eugcuio
1625 542 1653 590 et
1664 533 1731 590 aliis
1746 533 1782 591 ab

978 609 1096 664 articulo
1114 608 1158 673 tl,
1176 623 1235 680 pag.
1263 607 1335 664 stt:
1355 607 1389 662 de
1408 606 1479 663 iacta
1504 616 1596 663 autem
1615 604 1782 662 difficultate

979 680 1045 751 agit,
1062 696 1121 750 pag.
1146 678 1208 736 800.
1225 679 1338 735 Interim
1354 678 1609 735 manifestissimum
1621 686 1675 743 est,
1690 684 1784 734 totum

980 752 1112 807 hactenus
1127 757 1233 808 textum
1247 766 1282 806 ex
1297 750 1411 822 praelato
1420 750 1516 806 Adone
1530 750 1609 830 plane
1620 755 1783 804 mutuatum

980 824 1082 879 Hieron
1105 822 1214 890 mianis,
1225 820 1299 878 Beda
1308 831 1335 878 et
1345 823 1427 878 Floro
1437 821 1591 878 tacentibus
1617 820 1785 876 termam

980 894 1039 950 solo
1095 892 1195 950 suardo
1214 893 1392 965 consignatus
1409 902 1460 960 est,
1481 892 1527 965 qui
1548 892 1620 946 forte
1638 907 1784 947 sacrorum

981 966 1138 1038 pignorum,
1152 964 1299 1038 dequibus
1313 964 1343 1020 in
1351 964 1415 1021 Vita
1430 965 1458 1021 S.
1474 961 1616 1030 beufredi,
1630 979 1683 1017 xxr
1692 962 1783 1032 lunii,

981 1054 1013 1109 pa
1035 1081 1041 1091 .
1066 1036 1127 1105 tlt,
1142 1036 1243 1108 agitur,
1259 1035 1433 1092 translationi
1448 1034 1597 1090 interluit:
1614 1041 1645 1089 ut
1661 1033 1785 1105 proinde

981 1055 1102 1164 duisitari
1113 1107 1227 1162 minime
1239 1107 1334 1179 possit,
1366 1107 1414 1162 uin
1424 1105 1576 1178 genuinum
1588 1111 1617 1161 et
1624 1105 1785 1179 simplicem

983 1188 1090 1236 textum
1107 1179 1275 1247 dederimus,
1300 1123 1413 1234 excisso
1427 1179 1565 1245 Anacteto,
1580 1191 1663 1248 quem
1689 1175 1785 1233 nescio

982 1251 1055 1306 unde
1067 1249 1185 1306 Graven.
1202 1257 1229 1305 et
1243 1250 1344 1305 Melan.
1360 1248 1468 1305 hacdie
1482 1247 1603 1305 meando
1618 1247 1680 1303 loeo
1695 1248 1785 1304 intru-

982 1322 1077 1388 serint,
1092 1320 1235 1377 codicibus
1249 1321 1311 1376 aliis
1334 1319 1492 1391 purioribus
1508 1321 1587 1390 plane
1603 1317 1743 1390 ignotum.
1761 1319 1787 1376 A

982 1400 1061 1449 texto
1078 1392 1231 1448 Usuardino
1256 1391 1414 1463 longissime
1432 1391 1537 1448 recedit
1552 1389 1784 1459 wandalbertus,

983 1463 1062 1536 cuijus
1077 1463 1106 1520 hi
1121 1470 1187 1520 sont
1202 1463 1352 1520 versiculi:

1077 1616 1179 1665 Tertius
1191 1614 1334 1678 AEgyptum
1349 1622 1490 1678 praesentat
1506 1613 1651 1677 Serapium,

1076 1682 1187 1728 Attanus
1200 1687 1225 1726 et
1239 1687 1336 1740 martyr
1353 1678 1449 1727 calesu
1462 1677 1523 1728 bore
1536 1677 1649 1727 nitescit.

858 1825 1047 1884 AUCTARIA.

164 1927 323 1985 Toanxcrn.
344 1927 377 1984 de
396 1927 453 1984 Sila
472 1926 554 1983 habet
572 1942 658 1999 usque
676 1927 710 1982 ad
724 1925 925 1991 consumment,

128 1997 312 2124 delAiricauis
325 2015 411 2072 usque
426 1997 656 2063 edornmiscam
669 1997 926 2068 desuntelogiorum

130 2085 159 2124 re
172 2085 248 2140 iqua.

165 2141 318 2196 Punsnnrsn.
335 2139 364 2196 in
381 2142 394 2197 l
409 2148 438 2197 et
453 2141 469 2197 2
484 2141 551 2197 satis
566 2156 661 2213 purus,
676 2139 782 2195 omittit
796 2140 905 2211 reliqua
920 2157 927 2207 ;

130 2210 231 2292 quibus
245 2210 388 2293 substituit
405 2231 410 2269 :
435 2214 518 2286 «Ipso
532 2212 587 2281 die,
598 2219 699 2269 sanctae
709 2212 862 2282 Margarita
873 2211 928 2266 vir-

132 2298 205 2355 ginis
220 2291 247 2340 et
261 2292 331 2339 mart
356 2300 427 2342 ris.»
536 2341 538 2343 ,

166 2301 396 2411 Auroram-Alex
409 2357 534 2424 basac,
550 2356 612 2427 puri
626 2370 712 2427 nsque
726 2351 760 2408 ad
773 2352 856 2408 esitio
870 2369 929 2408 cro·

130 2426 182 2481 deli
204 2426 273 2481 trusi
293 2433 364 2495 sarit,
394 2428 500 2501 reliqua
526 2427 630 2494 ornnia,
655 2442 715 2498 quae
731 2426 759 2480 in
785 2431 865 2481 textu
881 2440 929 2480 se-

132 2505 265 2570 qunntur,
283 2500 508 2571 pretermittens.

169 2571 316 2626 Roswarn.
333 2570 404 2625 nihil
420 2570 502 2626 babet
512 2569 546 2624 de
560 2567 696 2636 Turiaso,
708 2569 755 2624 sed
771 2570 800 2624 in
815 2568 870 2623 fine
885 2566 929 2621 ad-

133 2640 174 2696 dit
190 2641 349 2711 sequentia:
369 2642 458 2696 «item
469 2640 631 2719 Margaritae.
647 2639 682 2694 Et
695 2639 837 2695 llildradae
847 2638 930 2709 virgi·

133 2713 187 2778 nis,
203 2712 306 2766 sororis
320 2710 409 2767 sancti
424 2711 552 2777 lebuini,
566 2710 624 2764 ileo
638 2709 746 2765 dilectae
755 2718 782 2764 et
792 2711 822 2764 in
834 2710 931 2766 Cantia

130 2782 275 2907 deposithae.
300 2783 387 2838 Attali
409 2781 548 2855 martyris.
564 2780 596 2834 ln
618 2779 750 2853 AEgypto,
774 2780 931 2852 Serapionis

135 2869 232 2908 monac
253 2870 300 2908 r.»

172 2923 298 2979 Gnnvnn.
328 2931 355 2979 et
384 2924 494 2980 noris.
524 2923 645 2978 secondo
667 2923 727 2978 loco
742 2923 930 2980 interserunt:

142 3017 151 3040 ι
164 2994 268 3060 Rornae,
281 2994 416 3065 depositio
426 2993 553 3050 Anacleti
565 3010 671 3066 papan
690 2993 760 3051 Vide
771 2993 887 3067 reliquia
903 2995 931 3049 in

134 3063 197 3119 aliis
211 3063 353 3120 codicibus
367 3066 493 3121 inferius.

170 3135 932 3208 Auream-Max.,Uurnxircr.,Lnrnnn.,inprimapuri,

136 3206 273 3263 subdunt:
293 3209 393 3281 «Apud
411 3209 599 3276 Antiochiam,
612 3209 701 3264 natale
712 3217 811 3263 sanctae
824 3208 935 3279 biarga·
950 3200 972 3258 b
988 3207 1021 3261 Al

136 3285 200 3333 retae
214 3278 341 3350 virginis,
356 3297 416 3352 quae
431 3297 494 3336 cum
508 3287 578 3336 esset
591 3296 727 3335 annorum
743 3296 780 3333 xv
793 3280 843 3334 sub
860 3297 933 3351 prae-

136 3348 208 3405 lecto
227 3351 346 3422 regionis
365 3352 481 3420 Olibrio,
512 3351 672 3407 ostdiversa
683 3366 823 3423 poenarum
836 3367 934 3422 genera

136 3430 163 3476 et
178 3423 311 3494 stupenda
326 3425 467 3492 miracula,
483 3369 594 3480 ridrnum
608 3439 721 3551 agpnnm
740 3424 865 3495 martyrii
879 3423 933 3478 ab·

136 3491 266 3548 scissione
281 3495 379 3566 capitis
391 3494 604 3551 consurrimavit.
649 3510 728 3559 ome,
743 3496 833 3550 natale
845 3493 932 3550 sancti

136 3565 262 3619 Anacleti
277 3581 352 3637 papas
372 3574 400 3621 et
414 3565 554 3636 rrrartyris,
569 3565 617 3637 qui
632 3567 733 3620 tertius
748 3574 809 3634 post
822 3564 932 3621 beatum

136 3633 257 3702 Petrum,
272 3651 335 3691 cum
359 3636 474 3691 rexisset
494 3635 647 3691 Ecclesiam
663 3634 743 3689 aunis
755 3651 784 3688 rx
799 3650 933 3705 persecu-

137 3704 213 3759 tione
235 3706 387 3761 Domitiani
410 3705 542 3776 martyrio
564 3713 711 3760 coronatus
725 3711 801 3759 est·
831 3707 860 3760 ln
876 3705 934 3761 Sila

137 3775 200 3845 puri
226 3782 299 3830 sunt.
320 3777 352 3831 ln
371 3775 510 3831 Africanis
528 3775 628 3831 desunt
650 3790 682 3830 ea
696 3791 757 3847 quae
781 3784 934 3856 sequuntur

138 3851 199 3916 post
210 3845 324 3901 crudelis
338 3846 419 3903 exilio
435 3846 503 3901 trusi
518 3851 588 3901 snat.
605 3847 643 3900 De
657 3845 787 3913 Turiavo,
804 3847 885 3902 nihil.

174 3917 332 3973 mannaan.
344 3926 371 3973 et
382 3920 478 3974 llxnrc.
487 3934 549 3972 cum
559 3916 931 3986 tribnscitatisconveniunt3

140 3988 187 4043 sed
197 3988 281 4044 loelis
293 3997 320 4044 et
331 3988 425 4045 Esdrae
436 3989 538 4044 habent
547 3988 630 4043 tertio
642 3988 711 4050 loco,
723 3995 784 4068 post
794 3989 929 4045 Anacleti.

139 4057 314 4114 Conformior
323 4068 363 4115 est
375 4061 527 4116 bovnnmn.
536 4059 564 4114 in
574 4058 816 4114 annuntiationem
824 4060 931 4130 ordine,

139 4129 185 4184 sed
198 4136 288 4184 totum
302 4130 496 4187 Africanorum
510 4129 628 4202 elogium
643 4129 783 4186 rescindit.

175 4199 352 4256 Carraria:
385 4204 508 4259 ‹Natale
531 4201 618 4257 sancti
640 4201 719 4257 Silee)
742 4202 868 4273 apostoli,
903 4201 932 4259 ui

138 4270 211 4351 apud
220 4272 427 4330 Machedoniam
438 4273 577 4332 Christum
592 4273 620 4328 in
631 4273 803 4345 passionibus
810 4274 868 4330 suis
877 4218 932 4346 gde-

139 4340 258 4410 rrlrcans,
283 4346 457 4416 postmodum
481 4344 627 4417 requievit.
650 4344 826 4401 Alexandriae
845 4345 931 4401 sancti

138 4413 252 4470 loannis
274 4418 447 4488 patriarchae,
471 4417 519 4490 qni
543 4416 638 4471 Ele...
664 4414 930 4491 [Eleemosynarius]

982 1932 1046 1980 suut
1061 1923 1185 1981 Africani
1200 1934 1227 1981 et
1244 1925 1391 1994 l'nriavus,
1404 1942 1522 1998 quorum
1534 1927 1611 1983 loco:
1634 1927 1686 1982 «ln
1698 1925 1787 1980 aava·

983 1996 1033 2062 ria,
1046 1997 1191 2052 translatio
1203 1997 1290 2053 sancti
1306 1997 1409 2053 Castnli
1422 1997 1561 2070 martyris.
1573 1999 1603 2054 ln
1612 1995 1788 2067 babenberg,

983 2067 1070 2122 sancti
1087 2068 1200 2123 Henrici
1216 2069 1390 2140 imperatoris
1402 2069 1598 2125 contessoris·

1018 2139 1178 2200 Aomcmcr.
1195 2146 1256 2211 post
1270 2147 1378 2196 textum
1389 2141 1547 2197 subnectit:
1571 2165 1580 2189 ι
1595 2139 1787 2208 Alexandria,

983 2209 1055 2265 beati
1068 2210 1181 2266 Joannis
1195 2210 1327 2284 episcopi,
1344 2212 1574 2285 Eleemosynarii.
1591 2236 1600 2260 ·
1759 2262 1763 2269 .

1021 2280 1165 2337 Vrcroars.
1180 2291 1208 2338 et
1222 2283 1290 2338 linc.
1305 2282 1386 2338 Suae.
1403 2283 1474 2356 sign.
1490 2300 1566 2339 num.
1583 2282 1644 2351 rub,
1663 2282 1692 2338 in
1708 2282 1784 2338 fine:

991 2375 1001 2399 ι
1020 2352 1120 2408 Eodem
1136 2352 1191 2421 die,
1206 2353 1291 2410 sancti
1304 2354 1598 2411 Minuliiooniessoris.
1610 2354 1716 2412 Eodem
1727 2354 1785 2419 die,

984 2424 1073 2480 sancti
1086 2424 1155 2481 Cleti
1175 2441 1260 2498 papa.
1277 2424 1328 2481 Hic
1342 2442 1376 2481 ex
1391 2434 1527 2507 praecepto
1546 2426 1618 2482 beati
1635 2425 1720 2492 Petri,
1738 2424 1788 2481 vi-

985 2494 1055 2566 ginti
1067 2496 1189 2568 quinque
1206 2497 1377 2569 presbyteros
1393 2514 1420 2552 m
1436 2499 1503 2553 urbe
1519 2499 1605 2553 Roma
1621 2496 1784 2553 ordinavit:

985 2566 1032 2638 qui
1048 2569 1171 2638 sepultus
1185 2577 1225 2623 ost
1237 2567 1318 2638 juxta
1330 2584 1429 2640 corpus
1442 2568 1514 2625 beati
1529 2569 1613 2625 Petri.
1630 2592 1639 2616 ι

1021 2638 1458 2696 Marniu.-Cxarus.-Unransscr.
1471 2658 1476 2696 :
1495 2639 1627 2697 ‹ilenrici
1638 2639 1787 2712 imperato·

986 2711 1033 2788 ris.
1044 2709 1113 2765 Cleti
1125 2720 1233 2781 papaeet
1243 2712 1382 2835 martpris.
1395 2712 1547 2768 Marcellini
1557 2727 1633 2783 papae
1643 2718 1671 2766 et
1683 2719 1787 2782 marty·

986 2796 1052 2834 ris.»
1074 2780 1144 2836 Vide
1159 2797 1228 2836 xxvi
1246 2782 1312 2853 Apri
1328 2782 1360 2836 is.
1377 2783 1515 2855 «Eugenii
1529 2781 1649 2856 episcopi
1663 2780 1788 2838 Cartba-

986 2851 1117 2922 ginensis,
1132 2869 1194 2908 cnm
1211 2861 1269 2908 toto
1282 2854 1356 2909 clero
1371 2854 1457 2912 exilio
1472 2855 1593 2926 relegati.
1608 2879 1618 2903 ι

1021 2923 1053 2977 In
1068 2923 1203 2978 Varrcnn.
1219 2924 1294 2979 deest
1308 2924 1392 2979 Joelis
1406 2933 1433 2980 et
1450 2926 1554 2982 Esdrae.

1022 2994 1206 3049 l'nonsnrrnae
1223 2996 1633 3064 ‹ltem,sanctiArtisii,deanti
1654 2993 1789 3052 uisChri·

986 3064 1021 3120 sti
1033 3064 1188 3134 discipulis.
1208 3090 1217 3113 »
1236 3067 1303 3122 Dein
1315 3069 1476 3123 Srnozzma.
1494 3069 1593 3123 solus:
1617 3089 1627 3114 ι
1666 3067 1786 3138 ugduni,

987 3135 1121 3261 depositio
1145 3136 1232 3191 saucti
1259 3138 1469 3205 Bonaveuturae,
1494 3139 1643 3195 cardinalis
1661 3138 1786 3212 episcopi

1043 3209 1162 3275 ariensis,
1180 3208 1286 3263 ordinis
1301 3210 1448 3264 Minaeum.
1467 3235 1475 3256 ι

1022 3279 1121 3335 Eurrro
1136 3279 1318 3337 Lenaeo-Col.
1333 3279 1456 3351 incipite
1471 3281 1632 3353 hlargarcta,
1645 3290 1679 3338 ιιι
1693 3297 1787 3353 supra,

987 3349 1018 3404 ln
1033 3350 1174 3420 prophetis
1192 3359 1273 3406 recte.
1290 3352 1379 3408 Tum:
1399 3350 1538 3408 ‹Civitate
1550 3352 1785 3426 babenbergensi,

987 3421 1123 3492 depositio
1133 3422 1221 3478 sancti
1231 3422 1342 3480 Heurici
1355 3423 1528 3495 imperatoris
1540 3423 1787 3482 Christianissimi.

987 3492 1039 3559 Qui
1054 3493 1178 3564 regnavit
1190 3510 1251 3549 xxrr
1261 3493 1341 3550 aunis
1350 3495 1401 3550 sub
1411 3511 1483 3550 anno
1495 3497 1608 3551 Domini
1622 3495 1786 3564 millesime,

987 3563 1032 3618 cui
1047 3562 1209 3637 desponsata
1224 3564 1277 3620 luit
1287 3573 1380 3622 sancta
1390 3565 1578 3638 Cunegundis,
1591 3567 1649 3622 lilia
1663 3566 1786 3622 Palatini

986 3634 1096 3691 comitis
1111 3634 1211 3701 libeni,
1223 3635 1302 3707 virgo
1316 3636 1494 3692 devotissima
1516 3636 1568 3704 Qui
1585 3638 1689 3707 pariter
1703 3637 1790 3710 virgi·

987 3706 1087 3760 nitates
1100 3720 1163 3761 suas
1175 3707 1231 3762 Deo
1241 3715 1383 3774 voventes,
1399 3709 1506 3764 occulte
1515 3708 1637 3780 virgines
1652 3707 1787 3782 usquead

987 3776 1069 3830 linem
1085 3775 1149 3831 vitre
1158 3786 1395 3848 permanserunt.»
1413 3780 1452 3835 lle
1465 3781 1597 3836 Anacleto
1608 3779 1698 3848 addit,
1731 3778 1786 3837 uod

995 3847 1141 3918 usepultus
1167 3847 1203 3903 sit
1227 3846 1308 3919 juxta
1333 3865 1432 3922 corpus
1456 3851 1529 3907 beati
1549 3852 1622 3906 Petri
1650 3851 1680 3906 in
1702 3797 1788 3907 Vati-

986 3934 1084 3986 cano,·
1106 3926 1133 3974 et
1147 3917 1220 3992 qnod
1239 3944 1248 3967 ι
1262 3921 1437 3977 constituerit
1448 3930 1479 3977 ut
1493 3922 1581 3978 clerus
1593 3937 1644 3978 nec
1658 3921 1787 3989 barbam,

987 4005 1038 4047 nec
1052 4006 1158 4044 comam
1174 3991 1287 4047 nutriat.
1301 4016 1310 4038 ι
1330 3994 1369 4048 lle
1383 3992 1497 4057 loanne,
1508 4003 1539 4050 ut
1551 3993 1733 4050 Bnoxsman.
1745 4009 1787 4048 su·

987 4076 1045 4132 pra.
1060 4061 1091 4117 In
1104 4061 1161 4116 Sila
1175 4062 1240 4118 satis
1256 4079 1324 4134 pura
1337 4071 1397 4118 est:
1412 4064 1444 4118 In
1459 4063 1599 4120 Africanis
1613 4064 1689 4122 circa
1703 4064 1785 4121 linem

987 4131 1123 4187 turbatur.
1142 4133 1229 4187 Tum:
1254 4158 1263 4180 ι
1278 4133 1408 4202 Pictaris,
1424 4136 1511 4190 sancti
1527 4134 1547 4192 C
1570 4135 1660 4207 priani
1678 4143 1786 4207 marty-

987 4202 1034 4258 ris.
1051 4227 1060 4246 ι
1079 4203 1109 4257 ln
1124 4203 1253 4270 Turiavo,
1269 4205 1425 4276 parallelo
1438 4221 1443 4258 :
1463 4152 1659 4278 ‹CartVagina
1670 4206 1700 4262 in
1715 4205 1786 4263 Airi-

986 4291 1028 4340 ca,
1050 4272 1192 4329 beatorum
1213 4274 1356 4342 Salutaris,
1376 4301 1385 4324 ›
1408 4284 1474 4344 ete,
1493 4278 1602 4350 supplet
1616 4278 1692 4350 quod
1706 4294 1740 4334 su
1759 4292 1787 4333 ra

986 4345 1084 4401 deluit.
1104 4344 1288 4414 ‹Eodemdie,
1300 4347 1540 4404 sanctellilaridas
1548 4347 1697 4420 virginis.»
1716 4372 1726 4395 ι
1757 4347 1786 4404 il·

986 4416 1130 4484 dridam,·
1152 4416 1194 4472 vel
1218 4418 1436 4474 ‹mildritham›
1460 4418 1573 4475 indicat.

138 4494 323 4578 nuncupatur.
339 4491 369 4570 ln
386 4488 661 4571 Amicasanctorum
676 4488 863 4570 confessorum
878 4489 932 4570 llu3
1023 4489 1117 4569 llpmn.
1133 4497 1196 4545 ante
1211 4489 1335 4570 Turiayi,
1346 4490 1461 4546 inserit:
1480 4491 1604 4558 «rioms,
1616 4491 1705 4548 sancti
1716 4492 1787 4547 Ana·

138 4571 211 4627 genn
226 4559 448 4633 Carthagmensrs
457 4575 588 4631 episcopi,
601 4559 734 4615 Salutaris
743 4559 931 4616 archidiaconi
946 4559 970 4619 D
985 4560 1048 4615 cleti
1064 4575 1138 4631 papae
1153 4567 1180 4614 et
1194 4568 1332 4633 martyris.
1348 4585 1357 4608 ›
1376 4562 1412 4616 Et
1425 4561 1459 4618 de
1474 4562 1681 4631 Bonaventmo,
1700 4570 1733 4621 ιιι
1743 4579 1786 4620 ce·

139 4636 166 4682 et
189 4629 318 4699 biurittae,
334 4632 448 4688 secundi
462 4630 491 4686 in
505 4630 597 4686 officio
612 4630 806 4686 ministrorum
823 4639 849 4687 et
865 4630 933 4686 nni-

141 4698 213 4753 versi
227 4701 294 4755 cleri
316 4702 437 4758 ecclesiae
456 4702 589 4782 ejusdem.
611 4702 643 4756 ln
660 4701 803 4756 Britannia
820 4703 932 4769 minori,

140 4769 227 4824 sancti
241 4769 348 4826 Ceriarri
361 4773 482 4842 episcopi
496 4781 523 4826 et
536 4771 711 4826 contessoris.
727 4795 737 4818 ι
759 4772 836 4828 llaud
850 4773 933 4828 dubie

144 4840 269 4907 Tarioni,
284 4842 327 4896 rel
343 4848 375 4896 nt
387 4842 415 4895 in
432 4849 521 4908 textu,
540 4842 661 4896 Tartesi.

175 4912 365 4979 Bnuxmcsn,
386 4912 476 4983 primo
499 4912 568 4979 loco,
580 4911 614 4966 de
628 4912 787 4983 Margareta,
804 4913 889 4968 ferme
904 4922 934 4969 ut

139 4999 230 5062 supra.
247 4984 276 5038 lu
293 4981 435 5056 prophetis
448 4991 475 5037 et
489 4982 554 5049 Sila,
573 4981 640 5037 satis
648 4999 758 5108 purum
773 4984 807 5040 de
821 4983 934 5040 Africa-

140 5070 193 5121 ms,
210 5055 282 5111 sistit
310 5056 337 5110 iu
378 5055 433 5110 alsi
451 5059 513 5108 snm
536 5053 627 5108 exilio.
668 5054 799 5125 equitur:
826 5079 834 5101 ι
853 5054 934 5136 Apud

139 5125 347 5203 Alexandriam,
399 5127 436 5182 ati
451 5122 564 5181 loannis
584 5123 755 5196 patriarchae,
768 5125 822 5181 viri
836 5128 896 5196 Der,
908 5136 935 5182 et

140 5211 168 5249 m
184 5199 373 5269 compassione
384 5206 411 5253 et
421 5198 658 5267 eleemosynarum
669 5195 795 5268 largitate
806 5198 932 5269 piissimi.

141 5266 205 5320 item
224 5267 251 5321 in
266 5270 445 5337 Alexandria,
463 5275 619 5324 sanctorum
635 5269 750 5335 Meunae,
766 5268 933 5349 Serapionis,

140 5337 258 5415 Zflerronis
273 5347 299 5393 et
317 5342 396 5397 Nesei
417 5341 650 5413 presbyterorum.
664 5361 673 5385 ι
692 5339 816 5411 Denique
832 5355 858 5393 m
875 5341 934 5395 l'u-

140 5422 217 5533 rTravo
228 5408 389 5488 potissimus
398 5421 457 5479 est;
474 5409 570 5469 scribit
586 5418 676 5466 tamen
695 5409 778 5465 etiam
796 5427 858 5466 cum
872 5410 935 5466 aliis

167 5495 267 5533 armna.

177 5549 356 5606 flacanorrrn.
385 5551 501 5609 Esdram
530 5554 644 5622 omittit,
675 5559 702 5608 et
726 5552 794 5608 loeli
814 5553 934 5626 elogium

140 5628 225 5692 aptat,
240 5621 320 5691 quale
338 5621 371 5676 de
390 5621 458 5678 Osca
477 5623 603 5681 dedimus
620 5642 638 5680 v
653 5623 746 5696 hujus.
759 5624 788 5678 ln
799 5625 855 5680 Sila
869 5625 935 5681 satis

140 5707 225 5764 purus
240 5697 290 5746 est.
306 5690 435 5761 Sequitur
449 5693 556 5764 longior
570 5695 685 5752 historia
699 5695 733 5751 do
747 5703 840 5752 sancta
858 5697 934 5752 hiar-

141 5770 241 5837 gareta,
258 5761 285 5819 in
303 5777 356 5835 qua
371 5778 422 5819 nec
434 5764 516 5820 draco
532 5766 609 5821 rufus
623 5767 807 5837 desideratur,
823 5777 875 5826 etc.
895 5769 936 5826 De

987 4630 1061 4687 dices
1076 4632 1245 4687 Faenenrrn.
1266 4648 1357 4705 supra.

1024 4701 1165 4757 Gnarum:
1179 4702 1320 4769 «Pictavis,
1331 4703 1546 4778 sanctiCipriani
1559 4703 1787 4777 martyrisltem,

988 4772 1123 4844 depositio
1138 4774 1225 4830 sancti
1240 4774 1354 4830 loannis
1369 4776 1529 4848 patriarchae
1543 4774 1729 4832 Alexandrini
1744 4793 1788 4832 co·

988 4853 1137 4970 pnomemo
1150 4845 1275 4901 Eleemos
1298 4846 1379 4915 narii,
1391 4847 1543 4903 secundnm
1556 4847 1625 4903 alios
1636 4864 1654 4902 x
1665 4845 1729 4903 Kal.
1741 4847 1790 4902 Fe·

1007 4915 1102 4970 ruarii.
1117 4915 1242 4985 Lugduni
1287 4916 1369 4985 allice,
1385 4917 1521 4992 depositio
1534 4918 1621 4974 sancti
1637 4919 1789 4974 Beneven-

989 4994 1056 5042 turae
1071 4986 1190 5068 episcopi
1207 4988 1383 5058 Albanensis,
1399 4990 1427 5045 S.
1448 4990 1481 5047 ll.
1501 4990 1535 5044 E.
1556 4988 1712 5061 presbyteri
1727 5005 1787 5047 car·

989 5057 1369 5125 dinnlis,ordmisllinornm.
1381 5060 1434 5127 Qui
1443 5060 1510 5128 rita,
1523 5060 1634 5132 ingenio
1643 5059 1791 5133 etscriptis

990 5128 1067 5199 (dum
1083 5130 1112 5184 in
1129 5129 1171 5183 his
1192 5131 1229 5185 ita
1243 5131 1335 5188 studet
1349 5131 1551 5187 illuminationi
1565 5130 1739 5199 intellectus,
1756 5138 1789 5187 ιιι

990 5208 1077 5255 ιοιιιιιι
1093 5200 1192 5256 referat
1208 5201 1241 5257 ad
1259 5203 1464 5275 religiositatem
1483 5210 1511 5258 et
1521 5203 1648 5284 pietatem
1660 5201 1789 5274 affectus)

990 5272 1140 5342 plurimum
1157 5271 1342 5329 Christianam
1354 5275 1514 5347 religionem
1527 5273 1688 5341 illustravit,
1702 5273 1791 5329 Sans·

991 5360 1116 5404 ranrcroma
1135 5358 1190 5397 non
1215 5344 1354 5401 immerito
1379 5345 1494 5401 sortitus
1516 5354 1556 5401 est
1572 5360 1683 5400 nomen.
1701 5343 1793 5402 Hu'us

989 5413 1089 5469 festum
1103 5422 1229 5470 servatur
1242 5414 1389 5471 Dominica
1403 5416 1522 5472 secunda
1533 5417 1634 5471 mensis
1648 5414 1727 5470 tulii.
1744 5361 1790 5473 di·

991 5484 1075 5540 vitate
1090 5485 1319 5557 Babenbergensi,
1331 5486 1466 5559 depositio
1476 5487 1564 5544 sancti
1579 5485 1692 5542 ilenrici
1703 5486 1791 5559 impe·

989 5556 1089 5613 ratoris
1101 5557 1342 5625 Christianissimi,
1358 5558 1441 5631 hujus
1455 5558 1576 5614 nominis
1589 5557 1684 5629 primi,
1698 5556 1790 5630 quoad

989 5628 1175 5698 imperatores,
1197 5628 1417 5686 benedictionem
1443 5630 1626 5703 imperialem,
1640 5645 1690 5685 seu
1705 5645 1792 5686 coro·

989 5713 1052 5753 nam
1070 5706 1217 5778 assecntos.
1233 5700 1317 5772 Cujus
1331 5717 1403 5757 uxor
1424 5700 1602 5774 Cunegnndis
1618 5699 1699 5772 virgo
1718 5716 1792 5756 san-

989 5768 1121 5839 ctissima,
1142 5773 1346 5846 juvenculaque
1359 5772 1557 5846 pulcherrima,
1573 5771 1607 5829 ed
1625 5772 1681 5830 hoo
1695 5771 1791 5829 virum
