3834 6136
144 212 196 268 679

804 196 963 257 estahol
993 194 1152 257 MONACill

1749 189 1800 264 113

180 331 314 402 Martyres
320 324 490 398 Agatbenses
499 322 735 395 Hieronymiauis‚
749 321 840 392 Beda,
849 322 941 392 lilero,
960 332 984 391 Α
1002 323 1047 378 331
1059 320 1110 378 336
1123 319 1179 402 alie
1191 318 1304 402 nomine
1313 318 1348 374 ad
1357 324 1459 399 certain
1468 316 1562 400 sedem
1572 317 1702 376 reducat.
1713 319 1802 380 Seeie

144 401 265 467 Rabana,
282 399 339 454 ime
353 397 435 453 etiam
454 397 577 452 Reuiane
592 410 677 465 parvo
699 393 799 465 ignoti,
821 394 944 451 31933-
1003 410 1062 449 rum
1075 407 1188 448 nemina
1203 407 1232 447 in
1248 389 1412 462 apographis
1427 388 1580 445 uniformia
1593 400 1652 446 nen
1667 398 1743 460 suut,
1755 409 1803 451 uec

145 472 269 529 daiberte
284 474 436 533 canuntur;
453 466 613 523 distinctius
624 465 723 537 signati
740 464 773 520 ab
784 465 880 521 Adone
893 484 899 521 :
912 468 943 522 lii

146 543 281 598 territorio
303 540 447 612 Apetbeesi
469 539 497 592 ia
521 537 685 603 Cessurieee,
710 544 808 592 331333
830 552 866 591 ex
884 535 944 609 ipso

146 615 285 670 Usuardus
301 613 330 667 in
345 619 424 667 13313
444 616 538 665 333133
551 609 687 664 verbatim
703 608 858 678 descripsit.
875 608 943 663 Acta

144 686 238 757 311333
261 683 348 739 edidit
372 684 467 737 Petrus
491 681 519 734 in
544 678 694 749 Catalogo:
721 679 776 734 alia
799 678 943 735 diffusiora

144 758 222 824 citat,
235 771 289 810 nen
301 754 394 822 331331,
408 752 529 809 Catullus
541 750 569 804 in
584 768 632 806 sna
641 750 794 818 occitania,
806 766 866 822 pag.
878 751 941 819 ate,

145 844 178 882 ex
194 826 294 900 quibus
309 827 401 897 priore
414 829 554 880 contracta
565 823 715 877 existimat.
732 822 849 877 Multum
862 821 943 877 fallor

145 899 173 953 ni
187 897 340 955 Catelliana
355 897 414 968 ipsa
429 911 501 950 anno
516 893 585 949 1656
600 894 634 949 ad
654 892 819 948 bollandum
835 893 941 948 miserit

145 970 284 1035 Pessinus,
313 969 341 1023 in
366 966 465 1039 viginti
493 970 594 1036 septem
622 965 755 1020 lectiones
780 964 939 1033 distributa,

145 1057 215 1112 333,
239 1048 270 1095 31
287 1039 403 1095 candide
419 1039 512 1103 latear,
538 1036 608 1091 mibi
623 1050 712 1107 nequa
732 1051 793 1090 uam
811 1037 939 1109 placent;

145 1112 232 1167 sedile
248 1111 315 1181 ipsis
324 1117 443 1165 statuere
453 1104 568 1163 alterius
582 1106 635 1163 leci
646 1115 696 1163 est.
709 1051 784 1162 huoi
794 1108 941 1164 metricum

148 1181 335 1240 wandalberti
349 1179 505 1235 encomium
518 1195 523 1233 :

238 1294 343 1354 Quartis
358 1293 500 1356 Modestus,
515 1293 648 1344 Florentia
661 1292 842 1358 Tybeiiusque

237 1358 316 1407 ’13133
333 1358 464 1422 martyrio,
482 1357 548 1408 trine
566 1371 611 1420 pre
630 1358 732 1405 nemine
747 1357 854 1419 lulgent.

180 1469 211 1525 ln
227 1467 452 1540 llieronymianis
466 1467 520 1524 bec
531 1467 576 1523 die
583 1467 681 1593 prime
696 1466 758 1523 lece
774 1465 891 1537 legitur:
908 1465 942 1520 Iu

143 1540 296 1607 Antiochia,
309 1540 410 1595 3313113
419 1545 573 1594 sanctorum
608 1537 709 1592 eiaetrii
718 1537 841 1618 episcopi,
850 1535 942 1617 deieci

143 1611 258 1679 dinami,
274 1611 385 1666 Eustosi
397 1616 421 1665 et
434 1612 564 1665 seciorem
580 1608 645 1677 ejus.
668 1609 758 1664 113331
779 1608 824 1664 hic
843 1613 941 1662 merite

143 1683 369 1752 Florentibus,ut
378 1682 542 1738 Demetrium
555 1681 635 1736 illum
645 1680 691 1736 'vel
705 1677 940 1748 subDemetriuoi,

999 465 1105 536 uspiam
1115 463 1314 520 determinatus
1322 476 1463 517 numerus.
1473 459 1601 517 llabauus
1612 460 1803 536 1633333311-

999 552 1034 592 na
1046 551 1138 608 presse
1155 533 1233 606 sequi
1246 533 1366 601 videtur,
1383 533 1450 587 dum
1467 531 1584 588 scribit:
1606 533 1641 588 le
1651 533 1801 607 Antiochia,

997 609 1089 662 nutele
1104 606 1231 662 demetrii
1250 605 1374 675 episcopi,
1390 603 1510 665 Araoesi.
1528 605 1673 659 Eustachii
1686 612 1711 660 et
1726 608 1801 664 seete

997 696 1059 734 reim
1073 677 1142 746 ejus.
1167 677 1210 732 Ad
1233 675 1339 731 Adonis
1360 682 1465 730 1331331
1489 689 1545 729 333
1568 676 1711 746 pertinere
1733 685 1803 736 reete

997 749 1107 806 censuit
1126 748 1318 820 Resweydus3
1342 748 1372 801 in
1392 744 1544 817 appendice
1557 745 1689 816 babetur,
1704 748 1805 806 Asiani

997 820 1119 888 diaconi,
1144 819 1265 875 Eeetesii
1288 826 1312 873 et
1337 818 1470 872 socierum
1495 818 1661 874 eorumdem.
1690 819 1806 879 Diversa

998 892 1112 948 [isnardi
1129 890 1237 964 phrasis
1251 888 1373 945 ostendit
1397 904 1432 942 eii
1458 888 1466 941 i
1488 904 1518 943 so
1542 889 1620 944 iente
1646 889 1806 949 immediate

997 963 1128 1019 hausisse.
1156 962 1208 1018 Sed
1226 963 1299 1017 unde
1314 960 1438 1015 dicemus
1452 905 1606 1015 3113331313
1623 960 1704 1017 illem
1716 978 1805 1021 acees-

996 1036 1072 1103 sisse,
1088 1040 1113 1089 et
1126 1035 1243 1089 alierum
1258 1032 1375 1103 eiyiiitii
1395 1031 1456 1085 Non
1470 1038 1511 1086 est
1528 1038 1585 1086 tam
1599 1031 1686 1089 facile
1700 1034 1805 1096 nedum

996 1106 1075 1161 illurn
1091 1107 1208 1173 solvere,
1221 1105 1273 1159 nisi
1290 1120 1305 1158 a
1325 1110 1382 1157 erte
1396 1102 1533 1157 fateamur
1541 1118 1650 1159 errasse
1660 1104 1798 1178 Nostrum,

996 1185 1024 1232 et
1038 1182 1148 1232 sanctes
1162 1176 1232 1231 alies
1246 1175 1280 1231 ad
1295 1120 1365 1256 ahias
1383 1173 1509 1244 regiones
1528 1181 1688 1255 spectantes
1702 1192 1800 1250 perpe-

996 1264 1056 1304 ram
1070 1248 1098 1302 in
1119 1263 1205 1302 unum
1228 1248 1390 1317 collegisse;
1416 1260 1466 1300 uec
1486 1261 1554 1301 iere
1568 1262 1646 1302 viam
1661 1248 1792 1320 explanat,

997 1320 1053 1375 ime
1068 1319 1160 1390 potius
1174 1318 1317 1374 involvere
1330 1316 1442 1371 videtur
1456 1316 1553 1372 notula
1568 1316 1732 1389 Castelleui,
1746 1335 1791 1393 qui

996 1397 1072 1463 parte
1086 1390 1246 1446 Eustasium
1262 1387 1366 1460 tangit;
1383 1387 1454 1443 terte
1468 1388 1570 1443 melius
1580 1388 1723 1458 divinem,
1733 1390 1789 1450 diiii

995 1464 1065 1518 elios
1079 1461 1172 1532 viginti
1186 1460 1361 1517 ,1131333333
1384 1458 1474 1514 131633
1496 1459 1640 1530 prioribus
1655 1459 1786 1543 disjungit.

996 1533 1130 1589 Ceterum
1151 1533 1190 1588 ita
1210 1531 1351 1604 scripsisse
1369 1530 1535 1598 Usuardum,
1556 1540 1643 1604 atque
1667 1539 1746 1589 etiem
1765 1535 1786 1591 iii

995 1605 1114 1660 Martiae
1129 1611 1156 1659 et
1170 1601 1376 1676 Agatbensibus
1389 1607 1498 1656 tentum
1513 1610 1643 1659 nostrum
1655 1618 1719 1658 vere
1731 1603 1786 1662 Usu·

994 1676 1124 1732 ardiuum
1139 1691 1197 1732 esse
1210 1691 1245 1731 ex
1258 1674 1386 1731 codicum
1400 1672 1516 1729 arbitrie
1529 1673 1737 1730 admittendum
1746 1686 1784 1734 eit.
1806 1693 1808 1698 ’

868 1811 1059 1869 AUCTARlA.

178 1915 348 1982 Terinaeus,
369 1928 425 1968 neu
444 1912 559 1967 omnino
574 1925 668 1984 purus,
692 1909 786 1966 delicit
806 1908 835 1965 in
852 1908 942 1982 elogio
957 1913 979 1971 Β
994 1910 1155 1983 baptizavit.
1172 1913 1234 1984 lpse
1251 1909 1307 1978 die,
1330 1903 1467 1979 depositio
1486 1904 1633 1978 Bernerdi,
1649 1909 1699 1982 qui
1718 1908 1784 1967 Lati-

142 1995 296 2057 martyrum
312 1982 523 2055 Agatbensium.

177 2056 208 2110 ln
223 2054 447 2109 huiusne-Mai.
461 2055 551 2123 prima
565 2053 741 2107 annuntiatio
755 2052 864 2108 turbata
879 2060 937 2120 est;

140 2124 261 2182 3333363
275 2130 384 2178 nonest
403 2123 523 2193 integra;
540 2123 620 2178 tertia
635 2122 865 2195 pretermittitur.

177 2197 337 2261 11333333,
355 2194 384 2249 13
398 2200 477 2248 textu
491 2193 558 2250 satis
577 2210 671 2283 purus,
693 2194 722 2249 in
746 2193 801 2248 fine
821 2192 936 2264 adjicit:

148 2291 157 2314 «
177 2267 281 2322 Eodem
297 2266 342 2320 die
358 2263 386 2319 in
400 2264 555 2321 Brittannia
569 2265 684 2334 Lentia,
699 2264 835 2336 depositio
850 2266 937 2321 sancti

140 2337 213 2393 lusti
234 2335 432 2407 archiepiscopi
455 2343 482 2390 31
504 2335 688 2404 contessoris,
715 2337 760 2407 331
786 2344 898 2416 quartus
923 2354 938 2392 a

139 2408 220 2464 beate
235 2406 390 2477 Augustino
407 2406 468 2459 t'uit.
485 2406 652 2467 Aurelianis.
669 2407 813 2462 Moiiitoris
827 2407 938 2479 episco-

160 2479 168 2532 i
193 2479 367 2534 confessuris.
395 2477 497 2547 l'igilia
524 2478 596 2532 beati
622 2478 733 2533 Martini
764 2478 895 2550 episcopi.
921 2505 930 2525 «

139 2496 299 2608 hiemineris
321 2548 444 2604 codicem
467 2549 542 2603 bunc
564 2548 776 2620 Ultrajectinum
799 2565 866 2617 esse,
889 2550 935 2605 ubi

138 2621 315 2687 cathedralis,
339 2627 432 2691 postea
446 2620 658 2691 ii‘ietiepolitaua
674 2621 798 2688 eeclesia,
817 2621 936 2677 Martiae

140 2692 296 2747 dicataest.

174 2762 341 2829 Pausaniam,
358 2762 386 2817 in
402 2761 489 2834 prima
504 2762 560 2817 lere
575 2762 688 2835 integer,
709 2764 738 2819 in
753 2763 873 2821 secunda
886 2780 935 2819 re-

138 2842 213 2889 secat
227 2833 367 2903 elegium;
384 2832 464 2887 tertia
478 2833 563 2890 deest.

174 2906 329 2973 Aureum,
345 2904 537 2960 6111363333.
554 2913 581 2960 31
605 2907 786 2975 Uenetum,
807 2907 837 2962 iu
855 2914 934 2963 textu

139 2976 204 3031 setis
220 2975 292 3047 puri,
309 2974 462 3046 adjiciunt:
487 2977 677 3047 «Aurelianis,
692 2978 838 3035 Meniteris
855 2979 934 3050 epis-

139 3047 212 3118 copi.
231 3072 240 3094 ·
262 3047 312 3101 Est
326 3046 356 3100 13
370 3045 513 3102 codicibus
528 3048 665 3118 plurimis.

172 3119 417 3185 durusne-Max,
437 3119 595 3173 llurnaiacr
610 3128 636 3175 et
651 3120 785 3187 Laruae,
806 3121 835 3174 in
853 3127 933 3176 textu

137 3190 199 3260 puri
215 3198 288 3257 sunt,
314 3189 362 3245 sed
377 3190 497 3245 secundo
511 3190 571 3245 1333
587 3207 685 3245 noiain
702 3190 773 3246 banc
787 3191 931 3246 annuntia·

996 1999 1096 2041 nerum
1111 1983 1217 2057 primus
1230 1979 1616 2039 1311631133633333313313
1630 1980 1781 2052 patriarchi.

994 2056 1172 2122 Aurelianis,
1198 2053 1335 2124 depositio
1365 2051 1452 2106 sancti
1486 2051 1637 2107 Meniteris
1663 2052 1782 2126 episcopi.

995 2126 1097 2193 113333,
1113 2124 1199 2180 333311
1218 2121 1318 2178 Leonis
1335 2136 1420 2192 papae.
1436 2143 1446 2164 ι
1467 2120 1537 2177 Vide
1552 2123 1683 2191 notulam
1694 2122 1782 2182 Castel-

994 2196 1060 2250 lani.
1091 2220 1100 2242 «
1124 2194 1206 2277 Apud
1228 2194 1400 2258 verdunum,
1425 2189 1562 2263 depositio
1588 2196 1681 2251 sancti
1708 2196 1781 2253 Mauri

993 2266 1115 2338 ejusdem
1131 2266 1254 2323 civitatis
1265 2262 1396 2347 episcopi.
1417 2289 1425 2312 ι

1029 2339 1209 2394 1113333333.
1239 2335 1338 2407 incipit
1362 2335 1396 2389 ab
1420 2336 1641 2408 Agatbensibus,
1668 2337 1781 2395 3311333

992 2411 1059 2466 33113
1081 2427 1158 2483 pure.
1187 2409 1257 2464 Tum
1280 2408 1314 2464 de
1337 2407 1475 2479 Nympha,
1501 2417 1531 2464 ut
1556 2411 1585 2464 iu
1633 2409 1779 2467 recedenti.

990 2483 1030 2536 63
1046 2481 1227 2537 Antiochenis
1248 2480 1314 2536 satis
1329 2478 1408 2545 bene,
1433 2479 1533 2536 deinde
1553 2481 1589 2537 de
1628 2482 1743 2554 ripbone
1759 2490 1780 2536 et

991 2553 1118 2625 Respicio
1142 2559 1172 2607 ut
1196 2567 1287 2623 supra.
1316 2550 1467 2631 Sequitur:
1494 2576 1502 2599 «
1527 2553 1591 2624 lpse
1618 2555 1676 2622 die,
1705 2554 1779 2609 333311

991 2625 1101 2680 61331131
1118 2641 1193 2696 pape
1208 2630 1234 2680 et
1255 2629 1396 2694 martyris,
1422 2623 1469 2692 331
1492 2623 1547 2677 1311
1571 2625 1618 2679 313
1640 2632 1717 2681 totus
1734 2625 1779 2680 933

990 2696 1123 2764 (1333133,
1148 2704 1175 2751 31
1197 2695 1227 2749 13
1249 2694 1303 2749 fide
1327 2692 1497 2761 catholicus,
1523 2695 1590 2766 quia
1613 2696 1779 2768 congregavit

989 2768 1139 2823 concilium
1158 2773 1255 2822 centra
1276 2765 1389 2837 Cyrum,
1415 2762 1539 2836 Sergium
1559 2774 1587 2822 31
1604 2767 1720 2824 Paulum
1734 2767 1777 2822 be·

989 2839 1089 2895 retices
1104 2833 1300 2909 et'episcepes.
1321 2835 1392 2902 Quia
1406 2836 1470 2891 illos
1484 2836 1518 2893 de
1533 2838 1592 2894 suis
1605 2838 1777 2912 dignitatibus

988 2909 1079 2981 ejecit,
1099 2910 1193 2981 jussus
1215 2916 1256 2964 est
1273 2908 1422 2979 aspatario
1437 2907 1561 2980 Olympii
1586 2909 1718 2979 interfici,
1738 2910 1776 2983 qui

988 2997 1044 3037 nen
1060 2981 1208 3053 permissus
1220 2988 1261 3035 est
1276 2981 1362 3035 3633
1376 2986 1501 3034 sanctum
1516 2979 1670 3038 Mertiuum
1684 2983 1774 3047 videre,

987 3053 1053 3125 3313
1070 3069 1159 3110 33333
1171 3060 1212 3108 331
1227 3051 1349 3107 effectus.
1373 3050 1477 3105 Herum
1492 3049 1605 3109 heresis
1621 3060 1691 3123 erat,
1714 3053 1775 3127 quud

987 3140 1135 3180 neemiam
1153 3140 1202 3180 nec
1225 3123 1293 3179 duas
1315 3121 1473 3177 voluntates
1487 3138 1535 3178 seu
1558 3124 1731 3196 operationes
1751 3124 1774 3178 in

986 3194 1097 3252 Christe
1118 3211 1175 3250 esse
1196 3194 1407 3250 confitebantur.
1434 3193 1555 3249 Tandem
1578 3195 1624 3250 313
1648 3196 1739 3252 beatus
1751 3195 1772 3248 31

136 3261 240 3317 tionem
256 3261 410 3317 iniebiint:
434 3286 443 3306 «
458 3260 553 3316 Naiale
567 3270 724 3319 sanctorum
740 3262 888 3334 Triphenis
904 3271 930 3317 et
948 3269 971 3329 G
985 3266 1093 3337 capitur
1101 3276 1128 3322 et
1141 3263 1411 3334 Constantinopolim
1427 3263 1547 3332 ducitur,
1560 3282 1612 3322 nec
1624 3266 1667 3323 sic
1679 3268 1772 3340 aequie-

138 3333 265 3405 llespicii.
283 3359 292 3380 ι
312 3334 342 3387 13
357 3332 411 3387 fine
425 3333 613 3390 subnectunt:
637 3334 826 3402 «Aurelianis,
842 3333 929 3390 sancti

137 3404 281 3460 Meniteris
294 3405 425 3476 episcopi.
443 3430 451 3451 ι

171 3476 336 3542 Lemnian,
361 3477 389 3529 iii
415 3483 493 3531 textu
519 3476 737 3547 precedentibus
752 3477 857 3602 Ἰ333133
879 3485 930 3543 331,

135 3555 286 3671 3133333331
306 3547 516 3602 annuntiatione
538 3547 682 3618 interjecta
695 3548 729 3603 de
775 3549 890 3623 ripbone
905 3558 932 3604 et

159 3634 273 3687 espicio.

168 3689 291 3742 Auseae.
303 3695 331 3742 et
344 3689 454 3754 Durare,
471 3688 650 3743 recentiorem
666 3688 783 3744 formam
798 3689 928 3744 induunt.

133 3754 178 3812 Sic
192 3756 276 3824 eiiiiu,
294 3756 372 3812 Marti
378 3773 413 3810 no
428 3772 496 3828 papa
506 3758 540 3812 ed
555 3775 595 3812 iiii
607 3759 751 3825 translate,
763 3758 929 3813 hodiernum

133 3834 239 3881 tentum
255 3827 421 3882 ordiuntur:
447 3851 456 3872 «
478 3826 574 3883 Natale
594 3835 753 3884 sanctoruni
775 3828 928 3901 Martyrum

132 3898 280 3968 Tripbeuis
294 3907 321 3952 et
342 3897 470 3968 Respicii.
487 3898 555 3952 item
579 3906 680 3956 sanctae
702 3900 829 3971 Nimpliae
844 3901 928 3971 virgi-

133 3969 185 4035 nis,
201 3984 283 4040 quain
298 3968 384 4023 filiani
401 3968 543 4024 Aureliani
564 3969 769 4025 Maxiniiliaiius
784 3969 929 4042 episcopus

130 4039 290 4111 baptizavit.
317 4065 326 4089 ι
349 4041 380 4095 ln
393 4037 597 4109 Agatbensibus
617 4047 645 4094 et
667 4040 849 4097 Antiochenis
865 4043 927 4113 puri

130 4118 203 4167 sunt.
234 4112 266 4167 ln
293 4111 358 4179 line,
385 4110 420 4165 de
447 4109 594 4180 Monitere,
622 4118 654 4167 ut
675 4110 733 4184 jam
760 4129 816 4169 uon
842 4115 926 4169 semel

129 4198 323 4334 81116111133333.
336 4271 342 4308 :
366 4275 375 4300 «
390 4252 485 4335 Natale
500 4254 588 4313 sancti
602 4254 714 4335 Martini
729 4272 805 4329 papae
814 4262 841 4311 et
856 4274 926 4313 mar·

26 4333 28 4339 ⁴
130 4332 272 4398 lyrisque
289 4325 324 4381 eb
340 4325 506 4382 catholicam
521 4326 603 4381 iidem
625 4328 659 4383 ab
674 4337 841 4400 imperatore
856 4327 925 4386 Cen·

128 4397 234 4453 3133313
249 4396 387 4465 haeretico,
403 4397 432 4452 in
447 4397 538 4452 insula
548 4398 666 4454 Cersona
680 4401 766 4455 exilio
779 4401 835 4455 rele
853 4408 923 4467 atus,

127 4467 234 4540 quievit
259 4469 288 4523 in
309 4470 438 4524 Domino.
464 4469 570 4540 Corpus
590 4469 648 4541 ejus
668 4471 782 4526 Romam
807 4416 924 4526 33131313

128 4539 224 4594 multis
245 4540 386 4595 miraculis
409 4541 505 4612 fulget.
528 4565 537 4587 ι
560 4542 590 4595 13
611 4542 730 4598 3333313
747 4559 796 4614 pre
815 4543 924 4611 Tiberii,

987 3337 1038 3404 311,
1062 3338 1090 3393 13
1108 3338 1193 3392 males
1214 3336 1349 3392 sustinere
1366 3335 1468 3401 vellet;
1489 3335 1563 3392 unde
1585 3335 1640 3392 hac
1654 3338 1688 3392 de
1704 3353 1773 3393 causa

987 3409 1105 3465 Cerseue
1126 3407 1285 3462 inexilium
1304 3406 1435 3473 mittitur,
1457 3406 1504 3462 ubi
1526 3407 1670 3477 quendam
1691 3409 1772 3465 beatus

987 3481 1114 3538 Clemens
1128 3496 1195 3552 papa
1209 3477 1332 3560 degebat,
1350 3487 1377 3533 31
1396 3477 1498 3533 ibidem
1512 3478 1652 3535 Martinus
1668 3481 1772 3536 feliciter

986 3553 1115 3622 migrauit
1127 3552 1161 3607 ad
1176 3553 1336 3615 Dominum,
1353 3556 1459 3621 martyr
1473 3549 1577 3621 pariter
1591 3559 1619 3606 et
1633 3552 1770 3608 eeuiesser.

985 3623 1153 3691 Aurelianis,
1177 3621 1312 3695 depositio
1327 3621 1423 3700 ¹sancti
1443 3620 1591 3676 Meiiitoris
1613 3623 1770 3705 episeopiet

983 3694 1158 3750 contessoris.
1183 3695 1214 3749 ln
1239 3694 1361 3760 Beemia,
1387 3701 1487 3748 333313
1510 3691 1689 3764 6331331113,
1711 3693 1770 3749 iiia

984 3766 1071 3820 sancti
1087 3765 1277 3821 Wentzeselai.
1294 3790 1304 3812 ›
1326 3763 1396 3819 Vide
1410 3765 1482 3819 13133
1496 3764 1625 3821 (133333.

1020 3839 1179 3897 Aeuiciscr.
1192 3837 1219 3890 in
1235 3835 1307 3891 tine:
1326 3857 1336 3880 «
1350 3836 1518 3903 Aurelianis,
1534 3837 1626 3892 sancti
1638 3835 1769 3895 Meuiteris

983 3907 1113 3977 episcopi.
1137 3907 1198 3977 lpse
1222 3906 1277 3974 die,
1302 3907 1389 3963 saneti
1412 3906 1494 3963 Probi
1511 3907 1714 3967 confessoris·
1733 3908 1768 3964 Au

983 3978 1102 4049 episcopi
1118 3978 1307 4033 llaieuuatis?

1018 4048 1474 4109 6133313.·1]33333.·1133311333.;
1500 4078 1510 4101 «
1529 4053 1636 4109 Tiberii
1650 4052 1768 4127 martyris

982 4137 1043 4176 curii
1066 4121 1157 4176 sociis.
1183 4121 1294 4175 Martini
1319 4137 1394 4192 papae
1415 4132 1442 4179 et
1465 4125 1644 4182 confessoris.
1670 4123 1768 4198 Georgii

981 4191 1110 4261 discipuli
1129 4190 1241 4247 Christi.
1259 4214 1268 4237 i

1017 4264 1083 4318 1133.
1100 4261 1181 4317 Susa.
1197 4262 1321 4334 signatus
1344 4281 1421 4322 num.
1447 4266 1523 4323 bid:
1548 4293 1559 4318 ι
1580 4268 1614 4325 13
1638 4267 1768 4327 1333113313

980 4333 1182 4401 Aurelianensi,
1194 4334 1280 4390 sancti
1293 4335 1392 4392 Verani
1402 4338 1524 4412 episcopi
1533 4347 1562 4396 et
1571 4340 1761 4398 3331333336.»

980 4405 1029 4460 Ε31
1046 4406 1289 4474 &bellicensium
1307 4410 1447 4478 sepultura
1469 4420 1552 4468 uetus
1568 4429 1575 4468 ε
1591 4413 1628 4468 (13
1643 4410 1766 4486 3333113

980 4475 1165 4534 Castellanuni
1183 4478 1228 4533 die
1241 4481 1377 4551 sequenti.

1015 4550 1046 4604 ln
1058 4549 1190 4605 11331333.
1207 4549 1257 4605 336
1273 4567 1349 4606 num.
1366 4550 1437 4609 oete
1449 4552 1526 4610 deest
1538 4557 1718 4615 annuntiatio
1730 4554 1765 4612 ul·

127 4610 224 4688 scribit
243 4611 304 4676 l'iti,
320 4610 353 4664 de
374 4619 474 4690 caetero
496 4611 595 4690 innliac
616 4621 643 4667 et
665 4617 695 4667 13
717 4614 798 4669 tertia
816 4628 962 4686 annun-1)
979 4618 1055 4675 tima.
1067 4620 1226 4692 Adjicitur:
1246 4621 1427 4691 «Beneventi,
1442 4629 1530 4684 sancti
1547 4626 1656 4686 Menuae
1667 4628 1765 4687 aoeies

126 4685 353 4756 tratione-purus,
372 4697 401 4734 in
417 4680 472 4737 sine
486 4681 602 4751 adiicit:
626 4684 818 4754 «Aurelianis,
833 4687 921 4742 sancti
978 4693 1057 4747 soris.
1074 4717 1083 4741 ›
1108 4693 1298 4749 9363331611
1318 4696 1390 4766 apud
1406 4696 1484 4752 alios.
1533 4690 1537 4695 ’

126 4745 272 4802 Meiiiteris
286 4749 417 4819 episcopi.
436 4776 446 4799 i

162 4816 361 4871 becumen:
385 4819 508 4876 «Natale
530 4822 602 4878 beati
625 4824 737 4880 Martini
760 4843 844 4898 papae.
871 4828 922 4884 Hic

126 4886 550 4960 11333333136333113333111331,
563 4893 656 4965 13333
668 4895 829 4967 dampnavit
844 4900 920 4971 pravi

124 4958 262 5034 dogmatis
271 4968 433 5040 assertorem
444 4963 558 5019 Paulum
571 4964 752 5021 Constantine
773 4969 918 5038 clitorium,

124 5032 185 5088 falsi
206 5031 327 5087 nominis
348 5032 539 5104 patriarcham.
567 5036 678 5108 l'repter
693 4986 920 5108 3331333333-

124 5103 184 5160 eius
199 5103 348 5174 imperator
363 5103 508 5161 haereticus
522 5107 612 5178 ipsum
625 5108 659 5162 ab
670 5109 785 5166 ecclesia
799 5120 917 5193 raptum,

123 5175 196 5247 apud
210 5175 357 5232 Cersenam
374 5174 458 5232 Liciae
473 5178 503 5233 iu
519 5178 636 5234 exilium
653 5180 737 5249 misit,
754 5191 781 5238 et
803 5183 841 5238 ibi
861 5183 918 5257 ipsc

124 5247 297 5316 niigravitad
314 5246 466 5317 Christum,
483 5250 578 5306 multis
592 5251 620 5306 in
633 5252 728 5307 eodem
745 5254 816 5324 loce,
833 5280 841 5302 ·
864 5265 916 5312 etc.

123 5317 320 5387 Agatbensium
337 5328 490 5393 martyrum
511 5338 655 5377 numerum
680 5334 769 5398 auget,
790 5327 918 5384 3133331-

123 5384 205 5442 bens:
221 5390 268 5444 «ln
278 5391 418 5446 territorio
430 5393 577 5474 Agatbensi
592 5393 621 5449 in
632 5394 788 5467 Cesariono,
804 5407 917 5455 sancte-

124 5470 185 5535 rum
200 5468 350 5539 martyrum
366 5463 479 5533 Liberii,
492 5465 604 5535 Tiberii,
622 5466 738 5524 Modesti
752 5478 779 5533 et
797 5471 916 5528 Floren-

123 5542 183 5582 cia.
206 5526 472 5604 epitomatorem.
489 5561 497 5583 ·
520 5539 551 5592 13
564 5537 747 5597 Antiochenis
761 5558 846 5613 purus
863 5551 913 5600 est.

123 5595 212 5676 Tum:
237 5622 255 5680 ¹.
268 5602 370 5659 Eodem
386 5605 440 5686 dic,
466 5610 556 5664 natale
579 5617 735 5666 sauctorum
760 5621 915 5688 martyrum

123 5667 271 5739 Tripbenis
282 5679 309 5726 et
323 5675 452 5746 Respicii.
473 5679 509 5733 Et
523 5689 623 5737 sanctie
635 5682 770 5764 Nymphae
785 5685 912 5758 virginis,

122 5739 445 5818 6113333311331,3333
460 5760 571 5807 sanctus
584 5752 760 5812 Mamiliauus
770 5757 914 5831 episcopus
965 5758 1073 5829 Eodem

1012 4762 1172 4820 Srnozziau.
1195 4783 1201 4819 :
1227 4788 1236 4811 «
1257 4764 1376 4822 Ciuitate
1400 4769 1465 4839 Agri
1487 4769 1597 4841 pinensi
1635 4768 1765 4844 depositio

976 4835 1062 4913 saneti
1074 4834 1217 4892 Cuniberti
1229 4837 1321 4917 episce
1341 4785 1496 4896 1113313113
1511 4816 1671 4912 Millidhne,
1681 4842 1763 4902 nuce

975 4904 1074 4961 Leonis
1088 4906 1262 4964 contessoris.
1278 4933 1287 4955 ι
1311 4854 1380 4964 dide
1396 4910 1428 4965 (13
1443 4919 1560 4984 3133333
1577 4930 1621 4971 xii
1633 4914 1705 4971 Ner.

1010 4975 1228 5034 Beneuentum:
1253 5004 1262 5029 ι
1282 4980 1448 5049 Aurelianis,
1469 4982 1586 5040 Minoris
1604 4985 1759 5060 episcopi·

974 5046 1044 5118 Lege
1057 5049 1207 5105 Meiiitoris.
1231 5072 1240 5096 «
1259 5051 1321 5123 lpse
1335 5051 1391 5120 die,
1406 5054 1493 5109 saneti
1508 5054 1597 5112 Mauri
1611 5057 1763 5131 episcopiet

973 5118 1145 5176 contessoris.
1163 5147 1172 5169 ι
1194 5122 1225 5177 13
1242 5122 1364 5180 Romano
1378 5134 1420 5181 est
1434 5142 1484 5181 viii
1502 5126 1681 5186 Novembris.

1008 5191 1163 5248 Luxurias.
1174 5193 1272 5249 scribit
1281 5210 1344 5251 cuin
1355 5196 1417 5252 aliis
1427 5212 1527 5269 supra:
1546 5199 1762 5270 «vindonissa

972 5261 1010 5316 cti
1024 5262 1112 5342 Mauri
1126 5262 1248 5337 episcopi
1262 5273 1289 5321 et
1300 5267 1475 5325 confessoris.
1492 5294 1502 5319 ›

1007 5332 1101 5389 Editio
1112 5335 1301 5394 Lusisse-Cei..
1317 5338 1416 5412 incipit
1431 5357 1437 5395 :
1459 5342 1589 5412 «Roma,
1602 5344 1697 5403 331313
1707 5359 1762 5403 sau·

970 5410 1078 5460 aterum
1093 5414 1248 5480 martyrum
1261 5407 1410 5482 l'ripbouie
1417 5419 1446 5468 31
1459 5411 1512 5470 1133
1532 5412 1591 5471 1311.
1604 5439 1617 5465 ι
1714 5416 1721 5428 “

970 5473 1004 5555 de
1015 5475 1154 5558 Nympha,
1170 5485 1201 5534 ut
1212 5494 1306 5553 supra.
1321 5429 1606 5555 InAgatbeusihuset
1616 5486 1762 5547 muccis·

968 5553 1685 5703 3333333133113331

967 5687 1022 5745 uir
1035 5666 1761 5825 Amemuiyieqpup'iaouupm-,se

1080 5760 1221 5839 (13313311
1244 5766 1762 5849 nummismata-etsie
