<?xml version="1.0" encoding="UTF-8"?>
<!DOCTYPE html PUBLIC "-//W3C//DTD XHTML 1.0 Transitional//EN"
    "http://www.w3.org/TR/xhtml1/DTD/xhtml1-transitional.dtd">
<html xmlns="http://www.w3.org/1999/xhtml" xml:lang="en" lang="en">
 <head>
  <title>
</title>
<meta http-equiv="Content-Type" content="text/html;charset=utf-8" />
  <meta name='ocr-system' content='tesseract 3.04.00' />
  <meta name='ocr-capabilities' content='ocr_page ocr_carea ocr_par ocr_line ocrx_word'/>
</head>
<body>
  <div class='ocr_page' id='page_1' title='image "./patrologiaecurs76unkngoog_0558.png"; bbox 0 0 3834 6136; ppageno 0'>
   <div class='ocr_carea' id='block_1_1' title="bbox 84 286 157 347">
    <p class='ocr_par' dir='ltr' id='par_1_1' title="bbox 84 286 157 347">
     <span class='ocr_line' id='line_1_1' title="bbox 84 286 157 347; baseline -0.055 0"><span class='ocrx_word' id='word_1_1' title='bbox 84 286 157 347; x_wconf 79' lang='grc'>1196</span> 
     </span>
    </p>
   </div>
   <div class='ocr_carea' id='block_1_2' title="bbox 826 286 998 348">
    <p class='ocr_par' dir='ltr' id='par_1_2' title="bbox 826 286 998 348">
     <span class='ocr_line' id='line_1_2' title="bbox 826 286 998 348; baseline -0.012 -1"><span class='ocrx_word' id='word_1_2' title='bbox 826 286 998 348; x_wconf 75' lang='grc'>1111101166.</span> 
     </span>
    </p>
   </div>
   <div class='ocr_carea' id='block_1_3' title="bbox 1666 290 1735 352">
    <p class='ocr_par' dir='ltr' id='par_1_3' title="bbox 1666 290 1735 352">
     <span class='ocr_line' id='line_1_3' title="bbox 1666 290 1735 352; baseline 0.029 -2"><span class='ocrx_word' id='word_1_3' title='bbox 1666 290 1735 352; x_wconf 89' lang='grc'>1196</span> 
     </span>
    </p>
   </div>
   <div class='ocr_carea' id='block_1_4' title="bbox 79 437 1734 607">
    <p class='ocr_par' dir='ltr' id='par_1_4' title="bbox 79 437 1734 607">
     <span class='ocr_line' id='line_1_4' title="bbox 81 437 1734 516; baseline 0.003 -19"><span class='ocrx_word' id='word_1_4' title='bbox 81 447 184 498; x_wconf 91' lang='lat' dir='ltr'><strong>etcum</strong></span> <span class='ocrx_word' id='word_1_5' title='bbox 198 437 261 495; x_wconf 90' lang='lat' dir='ltr'><strong>aliis</strong></span> <span class='ocrx_word' id='word_1_6' title='bbox 269 438 384 496; x_wconf 91' lang='lat' dir='ltr'><strong>boniset</strong></span> <span class='ocrx_word' id='word_1_7' title='bbox 388 438 472 511; x_wconf 86' lang='lat' dir='ltr'><strong>justis</strong></span> <span class='ocrx_word' id='word_1_8' title='bbox 483 438 653 510; x_wconf 91' lang='lat' dir='ltr'><strong>hominibus,</strong></span> <span class='ocrx_word' id='word_1_9' title='bbox 667 454 695 498; x_wconf 89' lang='grc'><strong>66</strong></span> <span class='ocrx_word' id='word_1_10' title='bbox 709 449 878 498; x_wconf 84' lang='grc'>6666666616</span> <span class='ocrx_word' id='word_1_11' title='bbox 892 442 917 503; x_wconf 82' lang='grc' dir='ltr'><strong>Α</strong></span> <span class='ocrx_word' id='word_1_12' title='bbox 930 437 1049 496; x_wconf 87' lang='lat' dir='ltr'><strong>Sabbato</strong></span> <span class='ocrx_word' id='word_1_13' title='bbox 1063 438 1246 512; x_wconf 86' lang='lat' dir='ltr'><strong>Pentecostes,</strong></span> <span class='ocrx_word' id='word_1_14' title='bbox 1258 441 1280 498; x_wconf 89' lang='lat' dir='ltr'><strong>si</strong></span> <span class='ocrx_word' id='word_1_15' title='bbox 1296 442 1343 516; x_wconf 93' lang='lat' dir='ltr'><strong>qui</strong></span> <span class='ocrx_word' id='word_1_16' title='bbox 1362 442 1450 498; x_wconf 91' lang='lat' dir='ltr'><strong>velint</strong></span> <span class='ocrx_word' id='word_1_17' title='bbox 1468 455 1568 516; x_wconf 89' lang='lat' dir='ltr'><strong>aquam</strong></span> <span class='ocrx_word' id='word_1_18' title='bbox 1582 457 1734 502; x_wconf 88' lang='lat' dir='ltr'><strong>consecra-</strong></span> 
     </span>
     <span class='ocr_line' id='line_1_5' title="bbox 79 528 1734 607; baseline 0.001 -17"><span class='ocrx_word' id='word_1_19' title='bbox 79 545 174 590; x_wconf 88' lang='lat' dir='ltr'><strong>oeram</strong></span> <span class='ocrx_word' id='word_1_20' title='bbox 191 528 292 601; x_wconf 91' lang='lat' dir='ltr'><strong>populo</strong></span> <span class='ocrx_word' id='word_1_21' title='bbox 314 545 396 603; x_wconf 88' lang='lat' dir='ltr'><strong>snper</strong></span> <span class='ocrx_word' id='word_1_22' title='bbox 420 539 538 605; x_wconf 90' lang='lat' dir='ltr'><strong>quatuor</strong></span> <span class='ocrx_word' id='word_1_23' title='bbox 560 531 712 602; x_wconf 84' lang='lat' dir='ltr'><strong>Evangelia</strong></span> <span class='ocrx_word' id='word_1_24' title='bbox 735 540 881 606; x_wconf 84' lang='lat' dir='ltr'><strong>purgatum</strong></span> <span class='ocrx_word' id='word_1_25' title='bbox 937 536 992 585; x_wconf 90' lang='lat' dir='ltr'><strong>tam</strong></span> <span class='ocrx_word' id='word_1_26' title='bbox 1006 528 1041 586; x_wconf 90' lang='lat' dir='ltr'><strong>ad</strong></span> <span class='ocrx_word' id='word_1_27' title='bbox 1054 532 1238 603; x_wconf 77' lang='lat' dir='ltr'>aspersionem</span> <span class='ocrx_word' id='word_1_28' title='bbox 1264 531 1293 588; x_wconf 94' lang='lat' dir='ltr'><strong>in</strong></span> <span class='ocrx_word' id='word_1_29' title='bbox 1313 531 1410 589; x_wconf 92' lang='lat' dir='ltr'><strong>domos</strong></span> <span class='ocrx_word' id='word_1_30' title='bbox 1432 549 1496 590; x_wconf 90' lang='lat' dir='ltr'><strong>suas</strong></span> <span class='ocrx_word' id='word_1_31' title='bbox 1519 533 1653 607; x_wconf 88' lang='lat' dir='ltr'><strong>accipere,</strong></span> <span class='ocrx_word' id='word_1_32' title='bbox 1671 541 1734 593; x_wconf 85' lang='lat' dir='ltr'><strong>anta</strong></span> 
     </span>
    </p>
   </div>
   <div class='ocr_carea' id='block_1_5' title="bbox 77 617 881 877">
    <p class='ocr_par' dir='ltr' id='par_1_5' title="bbox 77 617 881 877">
     <span class='ocr_line' id='line_1_6' title="bbox 79 617 880 694; baseline 0 -16"><span class='ocrx_word' id='word_1_33' title='bbox 79 618 214 678; x_wconf 75' lang='lat' dir='ltr'><strong>Ecclesia</strong></span> <span class='ocrx_word' id='word_1_34' title='bbox 230 617 337 676; x_wconf 92' lang='lat' dir='ltr'><strong>reddat.</strong></span> <span class='ocrx_word' id='word_1_35' title='bbox 354 619 382 676; x_wconf 90' lang='lat' dir='ltr'><strong>Si</strong></span> <span class='ocrx_word' id='word_1_36' title='bbox 398 619 460 693; x_wconf 92' lang='lat' dir='ltr'><strong>quis</strong></span> <span class='ocrx_word' id='word_1_37' title='bbox 474 628 566 677; x_wconf 90' lang='lat' dir='ltr'><strong>autem</strong></span> <span class='ocrx_word' id='word_1_38' title='bbox 581 621 651 678; x_wconf 90' lang='grc'>66166</span> <span class='ocrx_word' id='word_1_39' title='bbox 664 620 802 678; x_wconf 84' lang='lat' dir='ltr'>desiderat</span> <span class='ocrx_word' id='word_1_40' title='bbox 816 637 880 694; x_wconf 91' lang='lat' dir='ltr'><strong>qua·</strong></span> 
     </span>
     <span class='ocr_line' id='line_1_7' title="bbox 80 709 881 784; baseline -0.001 -16"><span class='ocrx_word' id='word_1_41' title='bbox 80 712 121 768; x_wconf 87' lang='lat' dir='ltr'><strong>les</strong></span> <span class='ocrx_word' id='word_1_42' title='bbox 134 716 216 766; x_wconf 89' lang='lat' dir='ltr'><strong>testes</strong></span> <span class='ocrx_word' id='word_1_43' title='bbox 239 709 274 765; x_wconf 92' lang='lat' dir='ltr'><strong>ad</strong></span> <span class='ocrx_word' id='word_1_44' title='bbox 298 710 500 766; x_wconf 74' lang='lat' dir='ltr'><strong>accusationem</strong></span> <span class='ocrx_word' id='word_1_45' title='bbox 524 709 697 767; x_wconf 85' lang='lat' dir='ltr'><strong>sacerdotum</strong></span> <span class='ocrx_word' id='word_1_46' title='bbox 721 711 806 784; x_wconf 77' lang='lat' dir='ltr'><strong>recipi</strong></span> <span class='ocrx_word' id='word_1_47' title='bbox 827 711 881 768; x_wconf 91' lang='lat' dir='ltr'><strong>de-</strong></span> 
     </span>
     <span class='ocr_line' id='line_1_8' title="bbox 77 799 880 877; baseline -0.001 -17"><span class='ocrx_word' id='word_1_48' title='bbox 77 802 175 870; x_wconf 88' lang='lat' dir='ltr'><strong>beant,</strong></span> <span class='ocrx_word' id='word_1_49' title='bbox 190 809 217 858; x_wconf 91' lang='lat' dir='ltr'><strong>et</strong></span> <span class='ocrx_word' id='word_1_50' title='bbox 231 799 298 874; x_wconf 91' lang='lat' dir='ltr'><strong>quid</strong></span> <span class='ocrx_word' id='word_1_51' title='bbox 312 799 346 856; x_wconf 91' lang='lat' dir='ltr'><strong>de</strong></span> <span class='ocrx_word' id='word_1_52' title='bbox 358 809 515 859; x_wconf 78' lang='lat' dir='ltr'><strong>accusatore</strong></span> <span class='ocrx_word' id='word_1_53' title='bbox 528 801 685 860; x_wconf 87' lang='lat' dir='ltr'><strong>iaciendum</strong></span> <span class='ocrx_word' id='word_1_54' title='bbox 700 803 746 873; x_wconf 91' lang='lat' dir='ltr'><strong>sit,</strong></span> <span class='ocrx_word' id='word_1_55' title='bbox 761 803 880 877; x_wconf 83' lang='lat' dir='ltr'><strong>pleniter</strong></span> 
     </span>
    </p>
   </div>
   <div class='ocr_carea' id='block_1_6' title="bbox 77 889 536 964">
    <p class='ocr_par' dir='ltr' id='par_1_6' title="bbox 77 889 536 964">
     <span class='ocr_line' id='line_1_9' title="bbox 77 889 536 964; baseline -0.002 -14"><span class='ocrx_word' id='word_1_56' title='bbox 77 893 109 949; x_wconf 93' lang='grc'><strong>16</strong></span> <span class='ocrx_word' id='word_1_57' title='bbox 121 889 275 950; x_wconf 89' lang='lat' dir='ltr'><strong>canonibus</strong></span> <span class='ocrx_word' id='word_1_58' title='bbox 290 890 404 963; x_wconf 90' lang='lat' dir='ltr'><strong>reperiri</strong></span> <span class='ocrx_word' id='word_1_59' title='bbox 427 892 536 964; x_wconf 88' lang='lat' dir='ltr'><strong>poterit.</strong></span> 
     </span>
    </p>
   </div>
   <div class='ocr_carea' id='block_1_7' title="bbox 77 1013 876 1177">
    <p class='ocr_par' dir='ltr' id='par_1_7' title="bbox 77 1013 876 1177">
     <span class='ocr_line' id='line_1_10' title="bbox 77 1013 876 1086; baseline -0.005 -12"><span class='ocrx_word' id='word_1_60' title='bbox 77 1015 146 1075; x_wconf 79' lang='lat' dir='ltr'><strong>Cae.</strong></span> <span class='ocrx_word' id='word_1_61' title='bbox 163 1015 210 1072; x_wconf 85' lang='lat' dir='ltr'><strong>tv.</strong></span> <span class='ocrx_word' id='word_1_62' title='bbox 232 1014 265 1072; x_wconf 86' lang='lat' dir='ltr'><strong>Ut</strong></span> <span class='ocrx_word' id='word_1_63' title='bbox 272 1013 420 1085; x_wconf 82' lang='lat' dir='ltr'><strong>presbyteri</strong></span> <span class='ocrx_word' id='word_1_64' title='bbox 435 1014 550 1070; x_wconf 77' lang='lat' dir='ltr'><strong>chrisma</strong></span> <span class='ocrx_word' id='word_1_65' title='bbox 565 1014 704 1086; x_wconf 84' lang='lat' dir='ltr'><strong>diiipenter</strong></span> <span class='ocrx_word' id='word_1_66' title='bbox 717 1013 876 1070; x_wconf 82' lang='lat' dir='ltr'><strong>custodiant.</strong></span> 
     </span>
     <span class='ocr_line' id='line_1_11' title="bbox 278 1104 684 1177; baseline 0.007 -18"><span class='ocrx_word' id='word_1_67' title='bbox 278 1105 323 1160; x_wconf 86' lang='lat' dir='ltr'><strong>Ex</strong></span> <span class='ocrx_word' id='word_1_68' title='bbox 338 1105 433 1161; x_wconf 89' lang='lat' dir='ltr'><strong>eodem</strong></span> <span class='ocrx_word' id='word_1_69' title='bbox 449 1104 529 1173; x_wconf 90' lang='lat' dir='ltr'><strong>libro,</strong></span> <span class='ocrx_word' id='word_1_70' title='bbox 546 1121 604 1177; x_wconf 90' lang='lat' dir='ltr'><strong>cap.</strong></span> <span class='ocrx_word' id='word_1_71' title='bbox 623 1106 684 1162; x_wconf 84' lang='grc'>166.</span> 
     </span>
    </p>
   </div>
   <div class='ocr_carea' id='block_1_8' title="bbox 115 1202 874 1276">
    <p class='ocr_par' dir='ltr' id='par_1_8' title="bbox 115 1202 874 1276">
     <span class='ocr_line' id='line_1_12' title="bbox 115 1202 874 1276; baseline 0.001 -18"><span class='ocrx_word' id='word_1_72' title='bbox 115 1203 157 1276; x_wconf 77' lang='lat' dir='ltr'><strong>(v,</strong></span> <span class='ocrx_word' id='word_1_73' title='bbox 172 1203 232 1276; x_wconf 88' lang='grc'>80.)</span> <span class='ocrx_word' id='word_1_74' title='bbox 244 1202 401 1276; x_wconf 85' lang='lat' dir='ltr'><strong>Presbyteri</strong></span> <span class='ocrx_word' id='word_1_75' title='bbox 412 1203 463 1259; x_wconf 90' lang='lat' dir='ltr'><strong>sub</strong></span> <span class='ocrx_word' id='word_1_76' title='bbox 473 1203 566 1276; x_wconf 89' lang='lat' dir='ltr'><strong>sigillo</strong></span> <span class='ocrx_word' id='word_1_77' title='bbox 576 1203 734 1262; x_wconf 89' lang='lat' dir='ltr'><strong>custodiant</strong></span> <span class='ocrx_word' id='word_1_78' title='bbox 742 1202 874 1273; x_wconf 88' lang='lat' dir='ltr'><strong>chrisma,</strong></span> 
     </span>
    </p>
   </div>
   <div class='ocr_carea' id='block_1_9' title="bbox 935 617 1431 692">
    <p class='ocr_par' dir='ltr' id='par_1_9' title="bbox 935 617 1431 692">
     <span class='ocr_line' id='line_1_13' title="bbox 935 617 1431 692; baseline 0.006 -17"><span class='ocrx_word' id='word_1_79' title='bbox 935 617 1092 676; x_wconf 87' lang='lat' dir='ltr'><strong>chrismatis</strong></span> <span class='ocrx_word' id='word_1_80' title='bbox 1103 620 1240 692; x_wconf 89' lang='lat' dir='ltr'><strong>accipiant</strong></span> <span class='ocrx_word' id='word_1_81' title='bbox 1249 621 1431 678; x_wconf 78' lang='lat' dir='ltr'><strong>infusionem.</strong></span> 
     </span>
    </p>
   </div>
   <div class='ocr_carea' id='block_1_10' title="bbox 935 745 1733 823">
    <p class='ocr_par' dir='ltr' id='par_1_10' title="bbox 935 745 1733 823">
     <span class='ocr_line' id='line_1_14' title="bbox 935 745 1733 823; baseline 0.005 -20"><span class='ocrx_word' id='word_1_82' title='bbox 935 745 1000 804; x_wconf 79' lang='lat' dir='ltr'><strong>Car.</strong></span> <span class='ocrx_word' id='word_1_83' title='bbox 1028 747 1089 803; x_wconf 88' lang='lat' dir='ltr'>XII.</span> <span class='ocrx_word' id='word_1_84' title='bbox 1118 747 1157 803; x_wconf 88' lang='lat' dir='ltr'><strong>De</strong></span> <span class='ocrx_word' id='word_1_85' title='bbox 1183 748 1382 818; x_wconf 74' lang='lat' dir='ltr'><strong>confirmatione</strong></span> <span class='ocrx_word' id='word_1_86' title='bbox 1410 750 1592 823; x_wconf 83' lang='lat' dir='ltr'><strong>episcoporum</strong></span> <span class='ocrx_word' id='word_1_87' title='bbox 1623 750 1733 822; x_wconf 78' lang='lat' dir='ltr'><strong>opleta</strong></span> 
     </span>
    </p>
   </div>
   <div class='ocr_carea' id='block_1_11' title="bbox 932 818 1732 1260">
    <p class='ocr_par' dir='ltr' id='par_1_11' title="bbox 932 818 1732 1260">
     <span class='ocr_line' id='line_1_15' title="bbox 1190 818 1462 890; baseline 0.015 -17"><span class='ocrx_word' id='word_1_88' title='bbox 1190 818 1300 874; x_wconf 80' lang='lat' dir='ltr'><strong>sollicite</strong></span> <span class='ocrx_word' id='word_1_89' title='bbox 1311 821 1462 890; x_wconf 77' lang='lat' dir='ltr'><strong>quaerenda.</strong></span> 
     </span>
     <span class='ocr_line' id='line_1_16' title="bbox 1170 909 1489 982; baseline 0.006 -18"><span class='ocrx_word' id='word_1_90' title='bbox 1170 910 1214 965; x_wconf 86' lang='lat' dir='ltr'><strong>Ex</strong></span> <span class='ocrx_word' id='word_1_91' title='bbox 1237 909 1343 978; x_wconf 89' lang='lat' dir='ltr'><strong>eodem,</strong></span> <span class='ocrx_word' id='word_1_92' title='bbox 1358 925 1418 982; x_wconf 92' lang='lat' dir='ltr'><strong>cap.</strong></span> <span class='ocrx_word' id='word_1_93' title='bbox 1446 910 1489 966; x_wconf 81' lang='lat'><strong>73.</strong></span> 
     </span>
     <span class='ocr_line' id='line_1_17' title="bbox 970 1006 1732 1080; baseline 0.003 -16"><span class='ocrx_word' id='word_1_94' title='bbox 970 1009 1020 1080; x_wconf 87' lang='lat' dir='ltr'><strong>(vr,</strong></span> <span class='ocrx_word' id='word_1_95' title='bbox 1035 1008 1095 1080; x_wconf 93' lang='grc'>82.)</span> <span class='ocrx_word' id='word_1_96' title='bbox 1114 1009 1149 1066; x_wconf 89' lang='lat' dir='ltr'><strong>Ut</strong></span> <span class='ocrx_word' id='word_1_97' title='bbox 1162 1024 1259 1066; x_wconf 89' lang='lat' dir='ltr'><strong>omnes</strong></span> <span class='ocrx_word' id='word_1_98' title='bbox 1274 1008 1423 1064; x_wconf 82' lang='lat' dir='ltr'><strong>maximam</strong></span> <span class='ocrx_word' id='word_1_99' title='bbox 1439 1024 1533 1066; x_wconf 88' lang='lat' dir='ltr'><strong>curam</strong></span> <span class='ocrx_word' id='word_1_100' title='bbox 1548 1006 1680 1078; x_wconf 82' lang='lat' dir='ltr'><strong>habeant,</strong></span> <span class='ocrx_word' id='word_1_101' title='bbox 1697 1025 1732 1066; x_wconf 89' lang='lat' dir='ltr'><strong>ne</strong></span> 
     </span>
     <span class='ocr_line' id='line_1_18' title="bbox 932 1090 1732 1170; baseline -0.003 -15"><span class='ocrx_word' id='word_1_102' title='bbox 932 1098 991 1155; x_wconf 90' lang='lat' dir='ltr'><strong>sine</strong></span> <span class='ocrx_word' id='word_1_103' title='bbox 1004 1090 1214 1155; x_wconf 83' lang='lat' dir='ltr'><strong>confirmatione</strong></span> <span class='ocrx_word' id='word_1_104' title='bbox 1235 1096 1356 1169; x_wconf 87' lang='lat' dir='ltr'><strong>episcopi</strong></span> <span class='ocrx_word' id='word_1_105' title='bbox 1375 1096 1437 1170; x_wconf 91' lang='lat' dir='ltr'><strong>quis</strong></span> <span class='ocrx_word' id='word_1_106' title='bbox 1452 1098 1540 1153; x_wconf 92' lang='lat' dir='ltr'><strong>vitam</strong></span> <span class='ocrx_word' id='word_1_107' title='bbox 1555 1096 1645 1168; x_wconf 90' lang='lat' dir='ltr'><strong>liniat,</strong></span> <span class='ocrx_word' id='word_1_108' title='bbox 1665 1098 1732 1154; x_wconf 90' lang='lat' dir='ltr'><strong>ani-</strong></span> 
     </span>
     <span class='ocr_line' id='line_1_19' title="bbox 932 1185 1228 1260; baseline -0.003 -18"><span class='ocrx_word' id='word_1_109' title='bbox 932 1202 1029 1260; x_wconf 92' lang='lat' dir='ltr'><strong>maque</strong></span> <span class='ocrx_word' id='word_1_110' title='bbox 1045 1185 1228 1259; x_wconf 85' lang='lat' dir='ltr'><strong>periclitetur.</strong></span> 
     </span>
    </p>
   </div>
   <div class='ocr_carea' id='block_1_12' title="bbox 74 1290 1728 1382">
    <p class='ocr_par' dir='ltr' id='par_1_12' title="bbox 74 1290 1728 1382">
     <span class='ocr_line' id='line_1_20' title="bbox 74 1290 1728 1382; baseline 0.01 -33"><span class='ocrx_word' id='word_1_111' title='bbox 74 1299 104 1349; x_wconf 88' lang='lat' dir='ltr'><strong>et</strong></span> <span class='ocrx_word' id='word_1_112' title='bbox 119 1292 190 1348; x_wconf 93' lang='lat' dir='ltr'><strong>nulli</strong></span> <span class='ocrx_word' id='word_1_113' title='bbox 202 1290 253 1348; x_wconf 92' lang='lat' dir='ltr'><strong>snb</strong></span> <span class='ocrx_word' id='word_1_114' title='bbox 268 1300 402 1365; x_wconf 77' lang='lat' dir='ltr'><strong>praetextu</strong></span> <span class='ocrx_word' id='word_1_115' title='bbox 417 1293 560 1351; x_wconf 76' lang='lat' dir='ltr'><strong>medicina</strong></span> <span class='ocrx_word' id='word_1_116' title='bbox 575 1293 619 1349; x_wconf 89' lang='lat' dir='ltr'><strong>vel</strong></span> <span class='ocrx_word' id='word_1_117' title='bbox 630 1292 758 1349; x_wconf 84' lang='lat' dir='ltr'><strong>maleficii</strong></span> <span class='ocrx_word' id='word_1_118' title='bbox 773 1291 876 1349; x_wconf 89' lang='lat' dir='ltr'><strong>donare</strong></span> <span class='ocrx_word' id='word_1_119' title='bbox 930 1307 996 1366; x_wconf 57' lang='lat' dir='ltr'><strong>cst,</strong></span> <span class='ocrx_word' id='word_1_120' title='bbox 1007 1310 1082 1366; x_wconf 73' lang='lat' dir='ltr'><strong>xm,</strong></span> <span class='ocrx_word' id='word_1_121' title='bbox 1095 1310 1134 1366; x_wconf 58' lang='lat' dir='ltr'><strong>De</strong></span> <span class='ocrx_word' id='word_1_122' title='bbox 1143 1309 1202 1365; x_wconf 67' lang='lat' dir='ltr'><strong>vtro</strong></span> <span class='ocrx_word' id='word_1_123' title='bbox 1214 1315 1238 1365; x_wconf 64' lang='lat' dir='ltr'><strong>er</strong></span> <span class='ocrx_word' id='word_1_124' title='bbox 1249 1309 1359 1366; x_wconf 68' lang='lat' dir='ltr'><strong>multare</strong></span> <span class='ocrx_word' id='word_1_125' title='bbox 1368 1307 1397 1364; x_wconf 76' lang='lat' dir='ltr'><strong>in</strong></span> <span class='ocrx_word' id='word_1_126' title='bbox 1406 1308 1578 1366; x_wconf 73' lang='lat' dir='ltr'><strong>matrimonio</strong></span> <span class='ocrx_word' id='word_1_127' title='bbox 1587 1310 1728 1382; x_wconf 85' lang='lat' dir='ltr'><strong>copulatis,</strong></span> 
     </span>
    </p>
   </div>
   <div class='ocr_carea' id='block_1_13' title="bbox 73 1381 824 1457">
    <p class='ocr_par' dir='ltr' id='par_1_13' title="bbox 73 1381 824 1457">
     <span class='ocr_line' id='line_1_21' title="bbox 73 1381 824 1457; baseline -0.004 -16"><span class='ocrx_word' id='word_1_128' title='bbox 73 1390 253 1457; x_wconf 85' lang='lat' dir='ltr'><strong>praesumant.</strong></span> <span class='ocrx_word' id='word_1_129' title='bbox 271 1382 350 1451; x_wconf 89' lang='lat' dir='ltr'><strong>Quod</strong></span> <span class='ocrx_word' id='word_1_130' title='bbox 369 1383 392 1439; x_wconf 88' lang='lat' dir='ltr'><strong>si</strong></span> <span class='ocrx_word' id='word_1_131' title='bbox 408 1382 535 1451; x_wconf 86' lang='lat' dir='ltr'><strong>iecerint,</strong></span> <span class='ocrx_word' id='word_1_132' title='bbox 550 1381 655 1439; x_wconf 88' lang='lat' dir='ltr'><strong>honere</strong></span> <span class='ocrx_word' id='word_1_133' title='bbox 670 1382 824 1453; x_wconf 83' lang='lat' dir='ltr'><strong>priventur.</strong></span> 
     </span>
    </p>
   </div>
   <div class='ocr_carea' id='block_1_14' title="bbox 209 1506 741 1671">
    <p class='ocr_par' dir='ltr' id='par_1_14' title="bbox 209 1506 741 1671">
     <span class='ocr_line' id='line_1_22' title="bbox 209 1506 741 1580; baseline -0.004 -14"><span class='ocrx_word' id='word_1_134' title='bbox 209 1506 274 1566; x_wconf 77' lang='lat' dir='ltr'><strong>Cre.</strong></span> <span class='ocrx_word' id='word_1_135' title='bbox 292 1506 327 1564; x_wconf 87' lang='lat' dir='ltr'><strong>V.</strong></span> <span class='ocrx_word' id='word_1_136' title='bbox 342 1508 408 1564; x_wconf 80' lang='lat' dir='ltr'><strong>item</strong></span> <span class='ocrx_word' id='word_1_137' title='bbox 425 1507 492 1563; x_wconf 82' lang='lat' dir='ltr'><strong>uode</strong></span> <span class='ocrx_word' id='word_1_138' title='bbox 503 1524 588 1580; x_wconf 84' lang='lat' dir='ltr'><strong>supro</strong></span> <span class='ocrx_word' id='word_1_139' title='bbox 604 1508 632 1564; x_wconf 83' lang='lat' dir='ltr'><strong>in</strong></span> <span class='ocrx_word' id='word_1_140' title='bbox 644 1507 741 1565; x_wconf 80' lang='grc'>6661661.</span> 
     </span>
     <span class='ocr_line' id='line_1_23' title="bbox 404 1597 546 1671; baseline -0.014 -16"><span class='ocrx_word' id='word_1_141' title='bbox 404 1598 469 1671; x_wconf 86' lang='lat' dir='ltr'><strong>Cap.</strong></span> <span class='ocrx_word' id='word_1_142' title='bbox 485 1597 546 1655; x_wconf 85' lang='lat' dir='ltr'><strong>tot.</strong></span> 
     </span>
    </p>
   </div>
   <div class='ocr_carea' id='block_1_15' title="bbox 109 1694 871 1771">
    <p class='ocr_par' dir='ltr' id='par_1_15' title="bbox 109 1694 871 1771">
     <span class='ocr_line' id='line_1_24' title="bbox 109 1694 871 1771; baseline -0.005 -15"><span class='ocrx_word' id='word_1_143' title='bbox 109 1699 146 1756; x_wconf 89' lang='lat' dir='ltr'><strong>Ut</strong></span> <span class='ocrx_word' id='word_1_144' title='bbox 160 1696 303 1771; x_wconf 84' lang='lat' dir='ltr'><strong>presbyter</strong></span> <span class='ocrx_word' id='word_1_145' title='bbox 317 1697 363 1769; x_wconf 91' lang='lat' dir='ltr'><strong>qui</strong></span> <span class='ocrx_word' id='word_1_146' title='bbox 378 1703 503 1753; x_wconf 88' lang='lat' dir='ltr'><strong>sanctum</strong></span> <span class='ocrx_word' id='word_1_147' title='bbox 527 1695 648 1754; x_wconf 90' lang='lat' dir='ltr'><strong>chrisma</strong></span> <span class='ocrx_word' id='word_1_148' title='bbox 669 1694 814 1752; x_wconf 87' lang='lat' dir='ltr'><strong>donaverit</strong></span> <span class='ocrx_word' id='word_1_149' title='bbox 835 1694 871 1752; x_wconf 95' lang='lat' dir='ltr'><strong>ad</strong></span> 
     </span>
    </p>
   </div>
   <div class='ocr_carea' id='block_1_16' title="bbox 67 1785 909 1868">
    <p class='ocr_par' dir='ltr' id='par_1_16' title="bbox 67 1785 909 1868">
     <span class='ocr_line' id='line_1_25' title="bbox 67 1785 909 1868; baseline -0.005 -22"><span class='ocrx_word' id='word_1_150' title='bbox 67 1786 209 1862; x_wconf 88' lang='lat' dir='ltr'><strong>judicium</strong></span> <span class='ocrx_word' id='word_1_151' title='bbox 231 1787 458 1857; x_wconf 89' lang='lat' dir='ltr'><strong>subvertendum,</strong></span> <span class='ocrx_word' id='word_1_152' title='bbox 481 1796 623 1860; x_wconf 88' lang='lat' dir='ltr'><strong>postquam</strong></span> <span class='ocrx_word' id='word_1_153' title='bbox 654 1788 688 1845; x_wconf 90' lang='lat' dir='ltr'><strong>de</strong></span> <span class='ocrx_word' id='word_1_154' title='bbox 709 1785 795 1858; x_wconf 89' lang='lat' dir='ltr'><strong>gradu</strong></span> <span class='ocrx_word' id='word_1_155' title='bbox 821 1803 909 1868; x_wconf 78' lang='lat' dir='ltr'><strong>suoB</strong></span> 
     </span>
    </p>
   </div>
   <div class='ocr_carea' id='block_1_17' title="bbox 69 1877 580 1952">
    <p class='ocr_par' dir='ltr' id='par_1_17' title="bbox 69 1877 580 1952">
     <span class='ocr_line' id='line_1_26' title="bbox 69 1877 580 1952; baseline -0.004 -16"><span class='ocrx_word' id='word_1_156' title='bbox 69 1877 214 1952; x_wconf 90' lang='lat' dir='ltr'><strong>depositus</strong></span> <span class='ocrx_word' id='word_1_157' title='bbox 227 1877 320 1945; x_wconf 84' lang='lat' dir='ltr'><strong>luerit,</strong></span> <span class='ocrx_word' id='word_1_158' title='bbox 338 1893 450 1933; x_wconf 91' lang='lat' dir='ltr'><strong>manum</strong></span> <span class='ocrx_word' id='word_1_159' title='bbox 460 1877 580 1935; x_wconf 89' lang='lat' dir='ltr'><strong>amittat.</strong></span> 
     </span>
    </p>
   </div>
   <div class='ocr_carea' id='block_1_18' title="bbox 125 2003 814 2168">
    <p class='ocr_par' dir='ltr' id='par_1_18' title="bbox 125 2003 814 2168">
     <span class='ocr_line' id='line_1_27' title="bbox 125 2003 814 2064; baseline -0.003 -1"><span class='ocrx_word' id='word_1_160' title='bbox 125 2005 191 2063; x_wconf 78' lang='lat' dir='ltr'><strong>Car.</strong></span> <span class='ocrx_word' id='word_1_161' title='bbox 205 2005 253 2064; x_wconf 80' lang='lat' dir='ltr'><strong>tt.</strong></span> <span class='ocrx_word' id='word_1_162' title='bbox 272 2005 418 2063; x_wconf 77' lang='grc'>1116661666</span> <span class='ocrx_word' id='word_1_163' title='bbox 436 2003 569 2061; x_wconf 78' lang='lat' dir='ltr'><strong>ebrietatis</strong></span> <span class='ocrx_word' id='word_1_164' title='bbox 589 2004 695 2061; x_wconf 81' lang='lat' dir='ltr'><strong>manino</strong></span> <span class='ocrx_word' id='word_1_165' title='bbox 708 2003 814 2061; x_wconf 82' lang='lat' dir='ltr'><strong>uitetur.</strong></span> 
     </span>
     <span class='ocr_line' id='line_1_28' title="bbox 320 2095 636 2168; baseline 0 -17"><span class='ocrx_word' id='word_1_166' title='bbox 320 2097 364 2152; x_wconf 85' lang='lat' dir='ltr'><strong>Ex</strong></span> <span class='ocrx_word' id='word_1_167' title='bbox 377 2095 483 2164; x_wconf 87' lang='lat' dir='ltr'><strong>eodem,</strong></span> <span class='ocrx_word' id='word_1_168' title='bbox 500 2111 560 2168; x_wconf 89' lang='lat' dir='ltr'><strong>cap.</strong></span> <span class='ocrx_word' id='word_1_169' title='bbox 575 2095 636 2153; x_wconf 92' lang='grc'>161.</span> 
     </span>
    </p>
   </div>
   <div class='ocr_carea' id='block_1_19' title="bbox 107 2192 934 2270">
    <p class='ocr_par' dir='ltr' id='par_1_19' title="bbox 107 2192 934 2270">
     <span class='ocr_line' id='line_1_29' title="bbox 107 2192 934 2270; baseline -0.008 -16"><span class='ocrx_word' id='word_1_170' title='bbox 107 2197 148 2270; x_wconf 86' lang='grc'><strong>(6,</strong></span> <span class='ocrx_word' id='word_1_171' title='bbox 167 2195 226 2268; x_wconf 94' lang='grc'>96.)</span> <span class='ocrx_word' id='word_1_172' title='bbox 243 2195 370 2268; x_wconf 81' lang='lat' dir='ltr'><strong>Magnum</strong></span> <span class='ocrx_word' id='word_1_173' title='bbox 386 2195 488 2250; x_wconf 92' lang='lat' dir='ltr'><strong>malum</strong></span> <span class='ocrx_word' id='word_1_174' title='bbox 503 2192 654 2262; x_wconf 89' lang='lat' dir='ltr'><strong>ebrietatis,</strong></span> <span class='ocrx_word' id='word_1_175' title='bbox 679 2192 753 2249; x_wconf 90' lang='lat' dir='ltr'><strong>unde</strong></span> <span class='ocrx_word' id='word_1_176' title='bbox 775 2192 869 2249; x_wconf 91' lang='lat' dir='ltr'><strong>omnia</strong></span> <span class='ocrx_word' id='word_1_177' title='bbox 933 2197 934 2200; x_wconf 76' lang='grc'>’</span> 
     </span>
    </p>
   </div>
   <div class='ocr_carea' id='block_1_20' title="bbox 66 2282 867 2536">
    <p class='ocr_par' dir='ltr' id='par_1_20' title="bbox 66 2282 867 2536">
     <span class='ocr_line' id='line_1_30' title="bbox 68 2282 866 2360; baseline -0.005 -18"><span class='ocrx_word' id='word_1_178' title='bbox 68 2286 140 2344; x_wconf 89' lang='lat' dir='ltr'><strong>vitia</strong></span> <span class='ocrx_word' id='word_1_179' title='bbox 151 2285 299 2360; x_wconf 91' lang='lat' dir='ltr'><strong>pullulant,</strong></span> <span class='ocrx_word' id='word_1_180' title='bbox 317 2284 406 2341; x_wconf 90' lang='lat' dir='ltr'><strong>modis</strong></span> <span class='ocrx_word' id='word_1_181' title='bbox 423 2283 553 2340; x_wconf 92' lang='lat' dir='ltr'><strong>omnibus</strong></span> <span class='ocrx_word' id='word_1_182' title='bbox 567 2298 664 2341; x_wconf 88' lang='lat' dir='ltr'><strong>cavere</strong></span> <span class='ocrx_word' id='word_1_183' title='bbox 679 2282 866 2356; x_wconf 70' lang='lat' dir='ltr'><strong>precipimus.</strong></span> 
     </span>
     <span class='ocr_line' id='line_1_31' title="bbox 67 2370 866 2444; baseline -0.006 -13"><span class='ocrx_word' id='word_1_184' title='bbox 67 2375 122 2444; x_wconf 86' lang='lat' dir='ltr'><strong>Qui</strong></span> <span class='ocrx_word' id='word_1_185' title='bbox 136 2381 228 2431; x_wconf 80' lang='grc'>661666</span> <span class='ocrx_word' id='word_1_186' title='bbox 243 2372 296 2430; x_wconf 90' lang='lat' dir='ltr'><strong>hoc</strong></span> <span class='ocrx_word' id='word_1_187' title='bbox 310 2374 398 2429; x_wconf 84' lang='grc'>611666</span> <span class='ocrx_word' id='word_1_188' title='bbox 412 2372 543 2441; x_wconf 88' lang='grc'>66166611,</span> <span class='ocrx_word' id='word_1_189' title='bbox 568 2370 866 2428; x_wconf 86' lang='lat' dir='ltr'><strong>excommunicandum</strong></span> 
     </span>
     <span class='ocr_line' id='line_1_32' title="bbox 66 2460 867 2536; baseline -0.01 -12"><span class='ocrx_word' id='word_1_190' title='bbox 66 2482 132 2524; x_wconf 89' lang='lat' dir='ltr'><strong>enm</strong></span> <span class='ocrx_word' id='word_1_191' title='bbox 146 2479 205 2521; x_wconf 91' lang='lat' dir='ltr'><strong>esse</strong></span> <span class='ocrx_word' id='word_1_192' title='bbox 219 2463 392 2522; x_wconf 86' lang='lat' dir='ltr'><strong>decrevimus</strong></span> <span class='ocrx_word' id='word_1_193' title='bbox 404 2477 490 2536; x_wconf 90' lang='lat' dir='ltr'><strong>nsque</strong></span> <span class='ocrx_word' id='word_1_194' title='bbox 509 2461 544 2518; x_wconf 92' lang='lat' dir='ltr'><strong>ad</strong></span> <span class='ocrx_word' id='word_1_195' title='bbox 558 2460 779 2518; x_wconf 88' lang='lat' dir='ltr'><strong>emendationem</strong></span> <span class='ocrx_word' id='word_1_196' title='bbox 794 2475 867 2518; x_wconf 92' lang='lat' dir='ltr'><strong>oon-</strong></span> 
     </span>
    </p>
   </div>
   <div class='ocr_carea' id='block_1_21' title="bbox 66 2572 718 2751">
    <p class='ocr_par' dir='ltr' id='par_1_21' title="bbox 66 2572 718 2751">
     <span class='ocr_line' id='line_1_33' title="bbox 66 2572 173 2630; baseline -0.019 -15"><span class='ocrx_word' id='word_1_197' title='bbox 66 2572 173 2630; x_wconf 75' lang='lat' dir='ltr'><strong>gruem.</strong></span> 
     </span>
     <span class='ocr_line' id='line_1_34' title="bbox 214 2675 718 2751; baseline -0.014 -9"><span class='ocrx_word' id='word_1_198' title='bbox 214 2681 280 2742; x_wconf 75' lang='lat' dir='ltr'><strong>Cae.</strong></span> <span class='ocrx_word' id='word_1_199' title='bbox 295 2681 356 2739; x_wconf 83' lang='lat' dir='ltr'><strong>Vll.</strong></span> <span class='ocrx_word' id='word_1_200' title='bbox 376 2681 415 2737; x_wconf 86' lang='lat' dir='ltr'><strong>De</strong></span> <span class='ocrx_word' id='word_1_201' title='bbox 428 2680 536 2737; x_wconf 84' lang='lat' dir='ltr'><strong>eeclesia</strong></span> <span class='ocrx_word' id='word_1_202' title='bbox 550 2675 718 2751; x_wconf 75' lang='lat' dir='ltr'><strong>edificanda.</strong></span> 
     </span>
    </p>
   </div>
   <div class='ocr_carea' id='block_1_22' title="bbox 261 2768 668 2844">
    <p class='ocr_par' dir='ltr' id='par_1_22' title="bbox 261 2768 668 2844">
     <span class='ocr_line' id='line_1_35' title="bbox 261 2768 668 2844; baseline -0.007 -15"><span class='ocrx_word' id='word_1_203' title='bbox 261 2773 305 2829; x_wconf 81' lang='lat' dir='ltr'><strong>Ex</strong></span> <span class='ocrx_word' id='word_1_204' title='bbox 319 2772 413 2829; x_wconf 93' lang='lat' dir='ltr'><strong>eodem</strong></span> <span class='ocrx_word' id='word_1_205' title='bbox 428 2771 510 2840; x_wconf 90' lang='lat' dir='ltr'><strong>libro,</strong></span> <span class='ocrx_word' id='word_1_206' title='bbox 528 2786 588 2844; x_wconf 91' lang='lat' dir='ltr'><strong>cap.</strong></span> <span class='ocrx_word' id='word_1_207' title='bbox 606 2768 668 2826; x_wconf 86' lang='grc'>882.</span> 
     </span>
    </p>
   </div>
   <div class='ocr_carea' id='block_1_23' title="bbox 64 2863 865 3125">
    <p class='ocr_par' dir='ltr' id='par_1_23' title="bbox 64 2863 865 3125">
     <span class='ocr_line' id='line_1_36' title="bbox 103 2863 865 2944; baseline -0.009 -17"><span class='ocrx_word' id='word_1_208' title='bbox 103 2874 145 2944; x_wconf 88' lang='grc'><strong>(6,</strong></span> <span class='ocrx_word' id='word_1_209' title='bbox 156 2871 233 2944; x_wconf 89' lang='grc'>229.)</span> <span class='ocrx_word' id='word_1_210' title='bbox 249 2871 335 2927; x_wconf 91' lang='lat' dir='ltr'><strong>Nemo</strong></span> <span class='ocrx_word' id='word_1_211' title='bbox 350 2870 491 2927; x_wconf 89' lang='lat' dir='ltr'><strong>ecelesiam</strong></span> <span class='ocrx_word' id='word_1_212' title='bbox 506 2867 624 2925; x_wconf 86' lang='lat' dir='ltr'><strong>aedificet</strong></span> <span class='ocrx_word' id='word_1_213' title='bbox 648 2873 794 2939; x_wconf 89' lang='lat' dir='ltr'><strong>antequam</strong></span> <span class='ocrx_word' id='word_1_214' title='bbox 820 2863 865 2921; x_wconf 92' lang='lat' dir='ltr'><strong>ci-</strong></span> 
     </span>
     <span class='ocr_line' id='line_1_37' title="bbox 64 2955 865 3033; baseline -0.006 -17"><span class='ocrx_word' id='word_1_215' title='bbox 64 2960 161 3017; x_wconf 88' lang='lat' dir='ltr'><strong>vitatis</strong></span> <span class='ocrx_word' id='word_1_216' title='bbox 183 2960 327 3033; x_wconf 89' lang='lat' dir='ltr'><strong>episcopus</strong></span> <span class='ocrx_word' id='word_1_217' title='bbox 351 2960 455 3027; x_wconf 87' lang='lat' dir='ltr'><strong>veniat,</strong></span> <span class='ocrx_word' id='word_1_218' title='bbox 479 2965 506 3014; x_wconf 93' lang='lat' dir='ltr'><strong>et</strong></span> <span class='ocrx_word' id='word_1_219' title='bbox 533 2956 637 3013; x_wconf 91' lang='lat' dir='ltr'><strong>ibidem</strong></span> <span class='ocrx_word' id='word_1_220' title='bbox 661 2972 770 3012; x_wconf 87' lang='lat' dir='ltr'><strong>crucem</strong></span> <span class='ocrx_word' id='word_1_221' title='bbox 799 2955 865 3027; x_wconf 84' lang='lat' dir='ltr'><strong>figat</strong></span> 
     </span>
     <span class='ocr_line' id='line_1_38' title="bbox 64 3043 864 3125; baseline -0.011 -18"><span class='ocrx_word' id='word_1_222' title='bbox 64 3051 186 3125; x_wconf 91' lang='lat' dir='ltr'><strong>publice,</strong></span> <span class='ocrx_word' id='word_1_223' title='bbox 206 3058 308 3106; x_wconf 87' lang='lat' dir='ltr'><strong>stante</strong></span> <span class='ocrx_word' id='word_1_224' title='bbox 322 3046 458 3122; x_wconf 79' lang='lat' dir='ltr'><strong>pratiniat</strong></span> <span class='ocrx_word' id='word_1_225' title='bbox 473 3046 520 3119; x_wconf 90' lang='lat' dir='ltr'><strong>qui</strong></span> <span class='ocrx_word' id='word_1_226' title='bbox 540 3045 676 3102; x_wconf 80' lang='lat' dir='ltr'><strong>adificare</strong></span> <span class='ocrx_word' id='word_1_227' title='bbox 701 3044 771 3112; x_wconf 88' lang='lat' dir='ltr'><strong>vult,</strong></span> <span class='ocrx_word' id='word_1_228' title='bbox 796 3043 864 3116; x_wconf 93' lang='lat' dir='ltr'><strong>quid</strong></span> 
     </span>
    </p>
   </div>
   <div class='ocr_carea' id='block_1_24' title="bbox 964 1381 1692 1544">
    <p class='ocr_par' dir='ltr' id='par_1_24' title="bbox 964 1381 1692 1544">
     <span class='ocr_line' id='line_1_39' title="bbox 964 1381 1692 1454; baseline 0.005 -17"><span class='ocrx_word' id='word_1_229' title='bbox 964 1387 987 1437; x_wconf 87' lang='lat' dir='ltr'><strong>et</strong></span> <span class='ocrx_word' id='word_1_230' title='bbox 997 1387 1089 1454; x_wconf 83' lang='lat' dir='ltr'><strong>postea</strong></span> <span class='ocrx_word' id='word_1_231' title='bbox 1097 1381 1195 1437; x_wconf 77' lang='lat' dir='ltr'><strong>dicertis</strong></span> <span class='ocrx_word' id='word_1_232' title='bbox 1205 1399 1235 1437; x_wconf 87' lang='lat' dir='ltr'><strong>eo</strong></span> <span class='ocrx_word' id='word_1_233' title='bbox 1245 1398 1298 1436; x_wconf 87' lang='grc'><strong>666</strong></span> <span class='ocrx_word' id='word_1_234' title='bbox 1310 1397 1387 1454; x_wconf 84' lang='lat' dir='ltr'><strong>porse</strong></span> <span class='ocrx_word' id='word_1_235' title='bbox 1399 1398 1458 1436; x_wconf 84' lang='lat' dir='ltr'><strong>eam</strong></span> <span class='ocrx_word' id='word_1_236' title='bbox 1471 1381 1638 1438; x_wconf 77' lang='lat' dir='ltr'><strong>cuberacum</strong></span> <span class='ocrx_word' id='word_1_237' title='bbox 1651 1398 1692 1441; x_wconf 86' lang='lat' dir='ltr'><strong>ce.</strong></span> 
     </span>
     <span class='ocr_line' id='line_1_40' title="bbox 1176 1471 1477 1544; baseline -0.003 -15"><span class='ocrx_word' id='word_1_238' title='bbox 1176 1473 1220 1529; x_wconf 81' lang='lat' dir='ltr'><strong>Ex</strong></span> <span class='ocrx_word' id='word_1_239' title='bbox 1236 1471 1342 1540; x_wconf 90' lang='lat' dir='ltr'><strong>eodem,</strong></span> <span class='ocrx_word' id='word_1_240' title='bbox 1357 1488 1417 1544; x_wconf 91' lang='lat' dir='ltr'><strong>cap.</strong></span> <span class='ocrx_word' id='word_1_241' title='bbox 1432 1472 1477 1528; x_wconf 92' lang='grc'><strong>91.</strong></span> 
     </span>
    </p>
   </div>
   <div class='ocr_carea' id='block_1_25' title="bbox 925 1571 1729 2003">
    <p class='ocr_par' dir='ltr' id='par_1_25' title="bbox 925 1571 1729 2003">
     <span class='ocr_line' id='line_1_41' title="bbox 964 1571 1729 1645; baseline 0.001 -16"><span class='ocrx_word' id='word_1_242' title='bbox 964 1573 1015 1645; x_wconf 77' lang='lat' dir='ltr'><strong>(vr,</strong></span> <span class='ocrx_word' id='word_1_243' title='bbox 1031 1572 1090 1644; x_wconf 85' lang='grc'>66.)</span> <span class='ocrx_word' id='word_1_244' title='bbox 1109 1572 1138 1629; x_wconf 90' lang='lat' dir='ltr'><strong>Si</strong></span> <span class='ocrx_word' id='word_1_245' title='bbox 1152 1571 1197 1629; x_wconf 93' lang='lat' dir='ltr'><strong>vir</strong></span> <span class='ocrx_word' id='word_1_246' title='bbox 1211 1579 1238 1629; x_wconf 91' lang='lat' dir='ltr'><strong>et</strong></span> <span class='ocrx_word' id='word_1_247' title='bbox 1252 1572 1352 1629; x_wconf 90' lang='lat' dir='ltr'><strong>mulier</strong></span> <span class='ocrx_word' id='word_1_248' title='bbox 1365 1571 1565 1644; x_wconf 88' lang='lat' dir='ltr'><strong>conjunxerint</strong></span> <span class='ocrx_word' id='word_1_249' title='bbox 1578 1589 1608 1630; x_wconf 92' lang='grc'><strong>66</strong></span> <span class='ocrx_word' id='word_1_250' title='bbox 1622 1572 1651 1629; x_wconf 92' lang='grc'><strong>16</strong></span> <span class='ocrx_word' id='word_1_251' title='bbox 1665 1589 1729 1630; x_wconf 89' lang='lat' dir='ltr'><strong>ma-</strong></span> 
     </span>
     <span class='ocr_line' id='line_1_42' title="bbox 927 1661 1728 1737; baseline 0.004 -19"><span class='ocrx_word' id='word_1_252' title='bbox 927 1662 1069 1733; x_wconf 88' lang='lat' dir='ltr'><strong>trimonio,</strong></span> <span class='ocrx_word' id='word_1_253' title='bbox 1083 1673 1111 1721; x_wconf 86' lang='grc'><strong>61</strong></span> <span class='ocrx_word' id='word_1_254' title='bbox 1124 1671 1217 1737; x_wconf 90' lang='lat' dir='ltr'><strong>postea</strong></span> <span class='ocrx_word' id='word_1_255' title='bbox 1229 1662 1332 1719; x_wconf 86' lang='lat' dir='ltr'><strong>dixerit</strong></span> <span class='ocrx_word' id='word_1_256' title='bbox 1348 1661 1449 1719; x_wconf 91' lang='lat' dir='ltr'><strong>mulier</strong></span> <span class='ocrx_word' id='word_1_257' title='bbox 1458 1661 1493 1719; x_wconf 91' lang='lat' dir='ltr'><strong>de</strong></span> <span class='ocrx_word' id='word_1_258' title='bbox 1506 1663 1635 1720; x_wconf 88' lang='lat' dir='ltr'><strong>virenon</strong></span> <span class='ocrx_word' id='word_1_259' title='bbox 1648 1678 1728 1734; x_wconf 87' lang='lat' dir='ltr'><strong>posse</strong></span> 
     </span>
     <span class='ocr_line' id='line_1_43' title="bbox 925 1750 1726 1826; baseline 0.002 -19"><span class='ocrx_word' id='word_1_260' title='bbox 925 1750 1028 1808; x_wconf 89' lang='lat' dir='ltr'><strong>nubere</strong></span> <span class='ocrx_word' id='word_1_261' title='bbox 1042 1769 1105 1810; x_wconf 92' lang='lat' dir='ltr'><strong>cnm</strong></span> <span class='ocrx_word' id='word_1_262' title='bbox 1122 1768 1162 1822; x_wconf 89' lang='lat' dir='ltr'><strong>ea,</strong></span> <span class='ocrx_word' id='word_1_263' title='bbox 1174 1754 1197 1808; x_wconf 89' lang='lat' dir='ltr'><strong>si</strong></span> <span class='ocrx_word' id='word_1_264' title='bbox 1209 1753 1330 1826; x_wconf 88' lang='lat' dir='ltr'><strong>potuerit</strong></span> <span class='ocrx_word' id='word_1_265' title='bbox 1344 1750 1461 1824; x_wconf 89' lang='lat' dir='ltr'><strong>probare</strong></span> <span class='ocrx_word' id='word_1_266' title='bbox 1476 1751 1549 1826; x_wconf 89' lang='lat' dir='ltr'><strong>quod</strong></span> <span class='ocrx_word' id='word_1_267' title='bbox 1564 1767 1661 1808; x_wconf 91' lang='lat' dir='ltr'><strong>verum</strong></span> <span class='ocrx_word' id='word_1_268' title='bbox 1678 1753 1726 1824; x_wconf 90' lang='lat' dir='ltr'><strong>sit,</strong></span> 
     </span>
     <span class='ocr_line' id='line_1_44' title="bbox 925 1842 1727 1916; baseline 0.005 -19"><span class='ocrx_word' id='word_1_269' title='bbox 925 1842 1043 1915; x_wconf 90' lang='lat' dir='ltr'><strong>accipiat</strong></span> <span class='ocrx_word' id='word_1_270' title='bbox 1052 1842 1148 1913; x_wconf 93' lang='lat' dir='ltr'><strong>alium,</strong></span> <span class='ocrx_word' id='word_1_271' title='bbox 1163 1860 1195 1899; x_wconf 89' lang='lat' dir='ltr'><strong>eo</strong></span> <span class='ocrx_word' id='word_1_272' title='bbox 1207 1842 1281 1916; x_wconf 93' lang='lat' dir='ltr'><strong>quod</strong></span> <span class='ocrx_word' id='word_1_273' title='bbox 1289 1843 1371 1915; x_wconf 84' lang='lat' dir='ltr'><strong>juxta</strong></span> <span class='ocrx_word' id='word_1_274' title='bbox 1384 1843 1550 1915; x_wconf 78' lang='lat' dir='ltr'><strong>Apostolum</strong></span> <span class='ocrx_word' id='word_1_275' title='bbox 1560 1858 1618 1900; x_wconf 92' lang='lat' dir='ltr'><strong>non</strong></span> <span class='ocrx_word' id='word_1_276' title='bbox 1633 1843 1727 1916; x_wconf 91' lang='lat' dir='ltr'><strong>potuit</strong></span> 
     </span>
     <span class='ocr_line' id='line_1_45' title="bbox 926 1931 1573 2003; baseline -0.002 -15"><span class='ocrx_word' id='word_1_277' title='bbox 926 1932 968 1989; x_wconf 93' lang='lat' dir='ltr'><strong>illi</strong></span> <span class='ocrx_word' id='word_1_278' title='bbox 982 1931 1096 1989; x_wconf 85' lang='lat' dir='ltr'><strong>reddere</strong></span> <span class='ocrx_word' id='word_1_279' title='bbox 1106 1933 1151 1989; x_wconf 91' lang='lat' dir='ltr'><strong>vir</strong></span> <span class='ocrx_word' id='word_1_280' title='bbox 1167 1948 1233 1988; x_wconf 90' lang='lat' dir='ltr'><strong>suus</strong></span> <span class='ocrx_word' id='word_1_281' title='bbox 1247 1931 1373 1988; x_wconf 91' lang='lat' dir='ltr'><strong>debitum</strong></span> <span class='ocrx_word' id='word_1_282' title='bbox 1389 1933 1418 2003; x_wconf 90' lang='grc'><strong>(1</strong></span> <span class='ocrx_word' id='word_1_283' title='bbox 1432 1932 1495 1989; x_wconf 81' lang='lat' dir='ltr'><strong>Cor.</strong></span> <span class='ocrx_word' id='word_1_284' title='bbox 1508 1932 1573 2003; x_wconf 87' lang='lat' dir='ltr'><strong>vu).</strong></span> 
     </span>
    </p>
   </div>
   <div class='ocr_carea' id='block_1_26' title="bbox 919 2056 1724 3122">
    <p class='ocr_par' dir='ltr' id='par_1_26' title="bbox 960 2056 1687 2298">
     <span class='ocr_line' id='line_1_46' title="bbox 960 2056 1687 2185; baseline -0.008 -65"><span class='ocrx_word' id='word_1_285' title='bbox 960 2059 1026 2120; x_wconf 78' lang='lat' dir='ltr'><strong>Car.</strong></span> <span class='ocrx_word' id='word_1_286' title='bbox 1043 2058 1118 2116; x_wconf 85' lang='lat' dir='ltr'><strong>XIV.</strong></span> <span class='ocrx_word' id='word_1_287' title='bbox 1133 2059 1173 2118; x_wconf 85' lang='lat' dir='ltr'><strong>De</strong></span> <span class='ocrx_word' id='word_1_288' title='bbox 1184 2059 1382 2185; x_wconf 42' lang='lat' dir='ltr'><strong>raptorib‘ritset</strong></span> <span class='ocrx_word' id='word_1_289' title='bbox 1398 2056 1484 2130; x_wconf 87' lang='lat' dir='ltr'><strong>raptis</strong></span> <span class='ocrx_word' id='word_1_290' title='bbox 1497 2057 1645 2130; x_wconf 78' lang='lat' dir='ltr'><strong>virgi-uibus</strong></span> <span class='ocrx_word' id='word_1_291' title='bbox 1661 2063 1687 2114; x_wconf 88' lang='lat' dir='ltr'><strong>et</strong></span> 
     </span>
     <span class='ocr_line' id='line_1_47' title="bbox 1274 2146 1373 2185; baseline 0 0"><span class='ocrx_word' id='word_1_292' title='bbox 1274 2148 1300 2185; x_wconf 80' lang='lat' dir='ltr'><strong>et</strong></span> <span class='ocrx_word' id='word_1_293' title='bbox 1320 2146 1373 2185; x_wconf 81' lang='grc'>616.</span> 
     </span>
     <span class='ocr_line' id='line_1_48' title="bbox 1169 2224 1477 2298; baseline 0 -17"><span class='ocrx_word' id='word_1_294' title='bbox 1169 2226 1214 2281; x_wconf 83' lang='lat' dir='ltr'><strong>Ex</strong></span> <span class='ocrx_word' id='word_1_295' title='bbox 1235 2224 1342 2293; x_wconf 93' lang='lat' dir='ltr'><strong>eodem,</strong></span> <span class='ocrx_word' id='word_1_296' title='bbox 1356 2241 1416 2298; x_wconf 92' lang='lat' dir='ltr'><strong>cap.</strong></span> <span class='ocrx_word' id='word_1_297' title='bbox 1432 2224 1477 2281; x_wconf 93' lang='grc'><strong>96.</strong></span> 
     </span>
    </p>

    <p class='ocr_par' dir='ltr' id='par_1_27' title="bbox 919 2321 1724 3122">
     <span class='ocr_line' id='line_1_49' title="bbox 960 2321 1723 2397; baseline -0.001 -16"><span class='ocrx_word' id='word_1_298' title='bbox 960 2325 1011 2397; x_wconf 76' lang='lat' dir='ltr'><strong>(vr,</strong></span> <span class='ocrx_word' id='word_1_299' title='bbox 1027 2323 1087 2395; x_wconf 83' lang='grc'>96.)</span> <span class='ocrx_word' id='word_1_300' title='bbox 1102 2321 1130 2378; x_wconf 92' lang='lat' dir='ltr'><strong>Si</strong></span> <span class='ocrx_word' id='word_1_301' title='bbox 1152 2322 1215 2397; x_wconf 92' lang='lat' dir='ltr'><strong>quis</strong></span> <span class='ocrx_word' id='word_1_302' title='bbox 1235 2321 1350 2378; x_wconf 89' lang='lat' dir='ltr'><strong>alterius</strong></span> <span class='ocrx_word' id='word_1_303' title='bbox 1367 2336 1505 2393; x_wconf 91' lang='lat' dir='ltr'><strong>sponsam,</strong></span> <span class='ocrx_word' id='word_1_304' title='bbox 1521 2321 1658 2395; x_wconf 85' lang='lat' dir='ltr'><strong>virginem</strong></span> <span class='ocrx_word' id='word_1_305' title='bbox 1674 2331 1723 2380; x_wconf 90' lang='lat' dir='ltr'><strong>aut</strong></span> 
     </span>
     <span class='ocr_line' id='line_1_50' title="bbox 922 2412 1724 2486; baseline -0.002 -14"><span class='ocrx_word' id='word_1_306' title='bbox 922 2415 1035 2472; x_wconf 91' lang='lat' dir='ltr'><strong>viduam</strong></span> <span class='ocrx_word' id='word_1_307' title='bbox 1056 2413 1175 2470; x_wconf 89' lang='lat' dir='ltr'><strong>necdum</strong></span> <span class='ocrx_word' id='word_1_308' title='bbox 1199 2412 1389 2484; x_wconf 89' lang='lat' dir='ltr'><strong>desponsatam</strong></span> <span class='ocrx_word' id='word_1_309' title='bbox 1408 2412 1531 2486; x_wconf 90' lang='lat' dir='ltr'><strong>rapuerit</strong></span> <span class='ocrx_word' id='word_1_310' title='bbox 1548 2412 1594 2469; x_wconf 91' lang='lat' dir='ltr'><strong>vel</strong></span> <span class='ocrx_word' id='word_1_311' title='bbox 1615 2413 1724 2470; x_wconf 86' lang='lat' dir='ltr'><strong>iuratus</strong></span> 
     </span>
     <span class='ocr_line' id='line_1_51' title="bbox 921 2504 1722 2580; baseline -0.005 -16"><span class='ocrx_word' id='word_1_312' title='bbox 921 2509 1016 2577; x_wconf 87' lang='lat' dir='ltr'><strong>inerit,</strong></span> <span class='ocrx_word' id='word_1_313' title='bbox 1031 2507 1135 2580; x_wconf 88' lang='lat' dir='ltr'><strong>placuit</strong></span> <span class='ocrx_word' id='word_1_314' title='bbox 1150 2513 1190 2575; x_wconf 93' lang='lat' dir='ltr'><strong>ut,</strong></span> <span class='ocrx_word' id='word_1_315' title='bbox 1206 2507 1264 2562; x_wconf 89' lang='lat' dir='ltr'><strong>sive</strong></span> <span class='ocrx_word' id='word_1_316' title='bbox 1278 2521 1338 2561; x_wconf 92' lang='lat' dir='ltr'><strong>eam</strong></span> <span class='ocrx_word' id='word_1_317' title='bbox 1358 2511 1451 2578; x_wconf 89' lang='lat' dir='ltr'><strong>postea</strong></span> <span class='ocrx_word' id='word_1_318' title='bbox 1465 2504 1650 2576; x_wconf 80' lang='lat' dir='ltr'><strong>sponsaverit,</strong></span> <span class='ocrx_word' id='word_1_319' title='bbox 1664 2505 1722 2561; x_wconf 84' lang='lat' dir='ltr'><strong>sive</strong></span> 
     </span>
     <span class='ocr_line' id='line_1_52' title="bbox 920 2592 1720 2668; baseline -0.004 -15"><span class='ocrx_word' id='word_1_320' title='bbox 920 2598 1070 2666; x_wconf 90' lang='lat' dir='ltr'><strong>dotaverit,</strong></span> <span class='ocrx_word' id='word_1_321' title='bbox 1084 2599 1143 2654; x_wconf 88' lang='lat' dir='ltr'><strong>sive</strong></span> <span class='ocrx_word' id='word_1_322' title='bbox 1155 2611 1221 2664; x_wconf 90' lang='lat' dir='ltr'><strong>non,</strong></span> <span class='ocrx_word' id='word_1_323' title='bbox 1232 2595 1291 2652; x_wconf 90' lang='lat' dir='ltr'><strong>sive</strong></span> <span class='ocrx_word' id='word_1_324' title='bbox 1301 2611 1364 2652; x_wconf 92' lang='lat' dir='ltr'><strong>oum</strong></span> <span class='ocrx_word' id='word_1_325' title='bbox 1378 2602 1524 2668; x_wconf 91' lang='lat' dir='ltr'><strong>parentum</strong></span> <span class='ocrx_word' id='word_1_326' title='bbox 1539 2592 1599 2666; x_wconf 89' lang='lat' dir='ltr'><strong>ejus</strong></span> <span class='ocrx_word' id='word_1_327' title='bbox 1612 2595 1720 2651; x_wconf 87' lang='lat' dir='ltr'><strong>volnu-</strong></span> 
     </span>
     <span class='ocr_line' id='line_1_53' title="bbox 921 2685 1721 2761; baseline -0.004 -16"><span class='ocrx_word' id='word_1_328' title='bbox 921 2696 976 2745; x_wconf 90' lang='lat' dir='ltr'><strong>tate</strong></span> <span class='ocrx_word' id='word_1_329' title='bbox 986 2703 1150 2761; x_wconf 89' lang='lat' dir='ltr'><strong>quocunque</strong></span> <span class='ocrx_word' id='word_1_330' title='bbox 1161 2691 1317 2743; x_wconf 90' lang='lat' dir='ltr'><strong>commento</strong></span> <span class='ocrx_word' id='word_1_331' title='bbox 1328 2685 1415 2757; x_wconf 87' lang='lat' dir='ltr'><strong>ipsam</strong></span> <span class='ocrx_word' id='word_1_332' title='bbox 1430 2685 1554 2757; x_wconf 87' lang='lat' dir='ltr'><strong>accipere</strong></span> <span class='ocrx_word' id='word_1_333' title='bbox 1568 2685 1613 2741; x_wconf 91' lang='lat' dir='ltr'><strong>vel</strong></span> <span class='ocrx_word' id='word_1_334' title='bbox 1627 2692 1721 2742; x_wconf 89' lang='lat' dir='ltr'><strong>tenere</strong></span> 
     </span>
     <span class='ocr_line' id='line_1_54' title="bbox 920 2774 1721 2856; baseline -0.006 -19"><span class='ocrx_word' id='word_1_335' title='bbox 920 2781 1050 2856; x_wconf 90' lang='lat' dir='ltr'><strong>potuerit,</strong></span> <span class='ocrx_word' id='word_1_336' title='bbox 1073 2794 1215 2853; x_wconf 89' lang='lat' dir='ltr'><strong>nunquam</strong></span> <span class='ocrx_word' id='word_1_337' title='bbox 1236 2777 1312 2834; x_wconf 90' lang='lat' dir='ltr'><strong>illam</strong></span> <span class='ocrx_word' id='word_1_338' title='bbox 1328 2792 1443 2832; x_wconf 89' lang='lat' dir='ltr'><strong>uxorem</strong></span> <span class='ocrx_word' id='word_1_339' title='bbox 1470 2774 1569 2833; x_wconf 88' lang='lat' dir='ltr'><strong>habeat</strong></span> <span class='ocrx_word' id='word_1_340' title='bbox 1586 2794 1591 2832; x_wconf 94' lang='lat'><strong>:</strong></span> <span class='ocrx_word' id='word_1_341' title='bbox 1609 2776 1655 2833; x_wconf 90' lang='lat' dir='ltr'><strong>sed</strong></span> <span class='ocrx_word' id='word_1_342' title='bbox 1671 2792 1721 2833; x_wconf 90' lang='lat' dir='ltr'><strong>ra-</strong></span> 
     </span>
     <span class='ocr_line' id='line_1_55' title="bbox 920 2865 1718 2944; baseline -0.005 -18"><span class='ocrx_word' id='word_1_343' title='bbox 920 2871 991 2944; x_wconf 92' lang='lat' dir='ltr'><strong>ptori</strong></span> <span class='ocrx_word' id='word_1_344' title='bbox 1007 2876 1054 2925; x_wconf 92' lang='lat' dir='ltr'><strong>aut</strong></span> <span class='ocrx_word' id='word_1_345' title='bbox 1069 2869 1123 2924; x_wconf 87' lang='lat' dir='ltr'><strong>iuri</strong></span> <span class='ocrx_word' id='word_1_346' title='bbox 1148 2867 1298 2936; x_wconf 78' lang='lat' dir='ltr'><strong>auferatur,</strong></span> <span class='ocrx_word' id='word_1_347' title='bbox 1319 2874 1346 2922; x_wconf 91' lang='grc'><strong>61</strong></span> <span class='ocrx_word' id='word_1_348' title='bbox 1363 2865 1500 2939; x_wconf 84' lang='lat' dir='ltr'><strong>proximis</strong></span> <span class='ocrx_word' id='word_1_349' title='bbox 1514 2865 1572 2922; x_wconf 88' lang='lat' dir='ltr'><strong>suis</strong></span> <span class='ocrx_word' id='word_1_350' title='bbox 1587 2865 1643 2922; x_wconf 91' lang='lat' dir='ltr'><strong>alio</strong></span> <span class='ocrx_word' id='word_1_351' title='bbox 1655 2865 1718 2922; x_wconf 91' lang='lat' dir='ltr'><strong>viro</strong></span> 
     </span>
     <span class='ocr_line' id='line_1_56' title="bbox 919 2955 1717 3033; baseline -0.009 -16"><span class='ocrx_word' id='word_1_352' title='bbox 919 2969 1042 3033; x_wconf 88' lang='lat' dir='ltr'><strong>tempore</strong></span> <span class='ocrx_word' id='word_1_353' title='bbox 1053 2974 1184 3030; x_wconf 88' lang='lat' dir='ltr'><strong>congruo,</strong></span> <span class='ocrx_word' id='word_1_354' title='bbox 1196 2957 1219 3014; x_wconf 92' lang='lat' dir='ltr'><strong>si</strong></span> <span class='ocrx_word' id='word_1_355' title='bbox 1231 2958 1289 3030; x_wconf 89' lang='lat' dir='ltr'><strong>ipsa</strong></span> <span class='ocrx_word' id='word_1_356' title='bbox 1297 2955 1350 3015; x_wconf 90' lang='lat' dir='ltr'><strong>hoc</strong></span> <span class='ocrx_word' id='word_1_357' title='bbox 1360 2957 1463 3011; x_wconf 91' lang='lat' dir='ltr'><strong>malum</strong></span> <span class='ocrx_word' id='word_1_358' title='bbox 1472 2971 1528 3011; x_wconf 91' lang='lat' dir='ltr'><strong>non</strong></span> <span class='ocrx_word' id='word_1_359' title='bbox 1536 2955 1717 3025; x_wconf 87' lang='lat' dir='ltr'><strong>consenserit,</strong></span> 
     </span>
     <span class='ocr_line' id='line_1_57' title="bbox 919 3042 1715 3122; baseline -0.005 -17"><span class='ocrx_word' id='word_1_360' title='bbox 919 3056 1040 3122; x_wconf 89' lang='lat' dir='ltr'><strong>nuptura</strong></span> <span class='ocrx_word' id='word_1_361' title='bbox 1051 3048 1210 3121; x_wconf 78' lang='lat' dir='ltr'><strong>legibusque</strong></span> <span class='ocrx_word' id='word_1_362' title='bbox 1223 3054 1367 3119; x_wconf 89' lang='lat' dir='ltr'><strong>acceptura</strong></span> <span class='ocrx_word' id='word_1_363' title='bbox 1380 3042 1521 3100; x_wconf 87' lang='lat' dir='ltr'><strong>reddatur.</strong></span> <span class='ocrx_word' id='word_1_364' title='bbox 1533 3045 1636 3117; x_wconf 84' lang='lat' dir='ltr'><strong>Raptor</strong></span> <span class='ocrx_word' id='word_1_365' title='bbox 1649 3059 1715 3101; x_wconf 89' lang='lat' dir='ltr'><strong>vero</strong></span> 
     </span>
    </p>
   </div>
   <div class='ocr_carea' id='block_1_27' title="bbox 62 3131 1717 3300">
    <p class='ocr_par' dir='ltr' id='par_1_28' title="bbox 62 3131 1717 3300">
     <span class='ocr_line' id='line_1_58' title="bbox 62 3131 1715 3226; baseline -0.005 -29"><span class='ocrx_word' id='word_1_366' title='bbox 62 3140 99 3197; x_wconf 83' lang='lat' dir='ltr'><strong>ad</strong></span> <span class='ocrx_word' id='word_1_367' title='bbox 112 3140 269 3208; x_wconf 90' lang='lat' dir='ltr'><strong>luminaria,</strong></span> <span class='ocrx_word' id='word_1_368' title='bbox 285 3148 312 3196; x_wconf 90' lang='grc'><strong>61</strong></span> <span class='ocrx_word' id='word_1_369' title='bbox 326 3138 360 3195; x_wconf 89' lang='lat' dir='ltr'><strong>ad</strong></span> <span class='ocrx_word' id='word_1_370' title='bbox 374 3137 538 3205; x_wconf 87' lang='lat' dir='ltr'><strong>custodiam,</strong></span> <span class='ocrx_word' id='word_1_371' title='bbox 554 3145 581 3193; x_wconf 92' lang='grc'><strong>61</strong></span> <span class='ocrx_word' id='word_1_372' title='bbox 594 3136 629 3192; x_wconf 89' lang='lat' dir='ltr'><strong>ad</strong></span> <span class='ocrx_word' id='word_1_373' title='bbox 652 3134 790 3208; x_wconf 90' lang='lat' dir='ltr'><strong>stipendia</strong></span> <span class='ocrx_word' id='word_1_374' title='bbox 809 3151 863 3192; x_wconf 89' lang='lat' dir='ltr'><strong>ou·</strong></span> <span class='ocrx_word' id='word_1_375' title='bbox 878 3164 900 3226; x_wconf 70' lang='lat'>0</span> <span class='ocrx_word' id='word_1_376' title='bbox 917 3139 1046 3205; x_wconf 85' lang='grc'>6166166,</span> <span class='ocrx_word' id='word_1_377' title='bbox 1062 3152 1210 3208; x_wconf 82' lang='lat' dir='ltr'><strong>omnesque</strong></span> <span class='ocrx_word' id='word_1_378' title='bbox 1224 3135 1249 3192; x_wconf 89' lang='lat' dir='ltr'><strong>ei</strong></span> <span class='ocrx_word' id='word_1_379' title='bbox 1265 3133 1477 3200; x_wconf 85' lang='lat' dir='ltr'><strong>consentientes,</strong></span> <span class='ocrx_word' id='word_1_380' title='bbox 1503 3131 1615 3204; x_wconf 91' lang='lat' dir='ltr'><strong>publica</strong></span> <span class='ocrx_word' id='word_1_381' title='bbox 1629 3133 1715 3204; x_wconf 89' lang='lat' dir='ltr'><strong>poeni·</strong></span> 
     </span>
     <span class='ocr_line' id='line_1_59' title="bbox 62 3221 1717 3300; baseline -0.003 -15"><span class='ocrx_word' id='word_1_382' title='bbox 62 3229 173 3286; x_wconf 91' lang='lat' dir='ltr'><strong>stodum</strong></span> <span class='ocrx_word' id='word_1_383' title='bbox 196 3230 324 3300; x_wconf 88' lang='lat' dir='ltr'><strong>sufficiat,</strong></span> <span class='ocrx_word' id='word_1_384' title='bbox 348 3236 376 3287; x_wconf 90' lang='lat' dir='ltr'><strong>et</strong></span> <span class='ocrx_word' id='word_1_385' title='bbox 400 3229 473 3286; x_wconf 85' lang='lat' dir='ltr'><strong>facta</strong></span> <span class='ocrx_word' id='word_1_386' title='bbox 496 3227 645 3284; x_wconf 90' lang='lat' dir='ltr'><strong>donatione</strong></span> <span class='ocrx_word' id='word_1_387' title='bbox 676 3227 717 3283; x_wconf 92' lang='lat' dir='ltr'><strong>sic</strong></span> <span class='ocrx_word' id='word_1_388' title='bbox 745 3226 859 3283; x_wconf 91' lang='lat' dir='ltr'><strong>domum</strong></span> <span class='ocrx_word' id='word_1_389' title='bbox 914 3228 1001 3285; x_wconf 90' lang='lat' dir='ltr'><strong>tentia</strong></span> <span class='ocrx_word' id='word_1_390' title='bbox 1011 3227 1093 3300; x_wconf 87' lang='lat' dir='ltr'><strong>juxta</strong></span> <span class='ocrx_word' id='word_1_391' title='bbox 1106 3224 1266 3282; x_wconf 90' lang='lat' dir='ltr'><strong>canonicam</strong></span> <span class='ocrx_word' id='word_1_392' title='bbox 1283 3222 1475 3279; x_wconf 89' lang='lat' dir='ltr'><strong>auctoritatem</strong></span> <span class='ocrx_word' id='word_1_393' title='bbox 1487 3221 1717 3281; x_wconf 89' lang='lat' dir='ltr'><strong>mulctentur:et</strong></span> 
     </span>
    </p>
   </div>
   <div class='ocr_carea' id='block_1_28' title="bbox 61 3318 190 3377">
    <p class='ocr_par' dir='ltr' id='par_1_29' title="bbox 61 3318 190 3377">
     <span class='ocr_line' id='line_1_60' title="bbox 61 3318 190 3377; baseline 0.008 -2"><span class='ocrx_word' id='word_1_394' title='bbox 61 3318 190 3377; x_wconf 81' lang='lat' dir='ltr'><strong>aedificet.</strong></span> 
     </span>
    </p>
   </div>
   <div class='ocr_carea' id='block_1_29' title="bbox 61 3433 860 3582">
    <p class='ocr_par' dir='ltr' id='par_1_30' title="bbox 61 3433 860 3582">
     <span class='ocr_line' id='line_1_61' title="bbox 61 3433 860 3510; baseline -0.018 -7"><span class='ocrx_word' id='word_1_395' title='bbox 61 3444 128 3503; x_wconf 76' lang='lat' dir='ltr'><strong>Car.</strong></span> <span class='ocrx_word' id='word_1_396' title='bbox 145 3444 219 3503; x_wconf 79' lang='lat' dir='ltr'><strong>vlu,</strong></span> <span class='ocrx_word' id='word_1_397' title='bbox 235 3444 274 3500; x_wconf 87' lang='lat' dir='ltr'><strong>De</strong></span> <span class='ocrx_word' id='word_1_398' title='bbox 288 3460 342 3498; x_wconf 84' lang='grc'><strong>666</strong></span> <span class='ocrx_word' id='word_1_399' title='bbox 352 3439 501 3510; x_wconf 78' lang='lat' dir='ltr'><strong>judicando</strong></span> <span class='ocrx_word' id='word_1_400' title='bbox 524 3451 681 3508; x_wconf 82' lang='lat' dir='ltr'><strong>quemquem</strong></span> <span class='ocrx_word' id='word_1_401' title='bbox 698 3433 795 3506; x_wconf 85' lang='lat' dir='ltr'><strong>absque</strong></span> <span class='ocrx_word' id='word_1_402' title='bbox 818 3435 860 3490; x_wconf 88' lang='lat' dir='ltr'><strong>le-</strong></span> 
     </span>
     <span class='ocr_line' id='line_1_62' title="bbox 331 3511 595 3582; baseline -0.008 -18"><span class='ocrx_word' id='word_1_403' title='bbox 331 3511 421 3582; x_wconf 80' lang='lat' dir='ltr'><strong>gitimo</strong></span> <span class='ocrx_word' id='word_1_404' title='bbox 434 3514 595 3564; x_wconf 83' lang='lat' dir='ltr'><strong>accusatore.</strong></span> 
     </span>
    </p>
   </div>
   <div class='ocr_carea' id='block_1_30' title="bbox 55 3598 858 3866">
    <p class='ocr_par' dir='ltr' id='par_1_31' title="bbox 55 3598 858 3866">
     <span class='ocr_line' id='line_1_63' title="bbox 310 3598 628 3670; baseline -0.022 -14"><span class='ocrx_word' id='word_1_405' title='bbox 310 3600 351 3655; x_wconf 86' lang='lat' dir='ltr'><strong>Ex</strong></span> <span class='ocrx_word' id='word_1_406' title='bbox 368 3598 473 3663; x_wconf 76' lang='lat' dir='ltr'><strong>eedem,</strong></span> <span class='ocrx_word' id='word_1_407' title='bbox 489 3613 548 3670; x_wconf 94' lang='lat' dir='ltr'><strong>cap.</strong></span> <span class='ocrx_word' id='word_1_408' title='bbox 566 3599 628 3658; x_wconf 86' lang='grc'>298,</span> 
     </span>
     <span class='ocr_line' id='line_1_64' title="bbox 97 3698 858 3777; baseline -0.004 -15"><span class='ocrx_word' id='word_1_409' title='bbox 97 3707 140 3777; x_wconf 91' lang='grc'><strong>(6,</strong></span> <span class='ocrx_word' id='word_1_410' title='bbox 157 3700 234 3772; x_wconf 77' lang='grc'>211.)</span> <span class='ocrx_word' id='word_1_411' title='bbox 248 3698 353 3756; x_wconf 79' lang='lat' dir='ltr'><strong>iudicis</strong></span> <span class='ocrx_word' id='word_1_412' title='bbox 367 3715 423 3754; x_wconf 90' lang='lat' dir='ltr'><strong>nou</strong></span> <span class='ocrx_word' id='word_1_413' title='bbox 439 3705 480 3755; x_wconf 88' lang='lat' dir='ltr'><strong>est</strong></span> <span class='ocrx_word' id='word_1_414' title='bbox 494 3699 646 3772; x_wconf 91' lang='lat' dir='ltr'><strong>quemlibet</strong></span> <span class='ocrx_word' id='word_1_415' title='bbox 661 3699 797 3773; x_wconf 87' lang='lat' dir='ltr'><strong>judicare,</strong></span> <span class='ocrx_word' id='word_1_416' title='bbox 814 3704 858 3761; x_wconf 90' lang='lat' dir='ltr'><strong>vel</strong></span> 
     </span>
     <span class='ocr_line' id='line_1_65' title="bbox 55 3787 856 3866; baseline -0.011 -12"><span class='ocrx_word' id='word_1_417' title='bbox 55 3792 256 3858; x_wconf 87' lang='lat' dir='ltr'><strong>condemnare,</strong></span> <span class='ocrx_word' id='word_1_418' title='bbox 283 3787 383 3861; x_wconf 85' lang='lat' dir='ltr'><strong>absque</strong></span> <span class='ocrx_word' id='word_1_419' title='bbox 398 3787 521 3861; x_wconf 91' lang='lat' dir='ltr'><strong>legitimo</strong></span> <span class='ocrx_word' id='word_1_420' title='bbox 543 3799 711 3861; x_wconf 88' lang='lat' dir='ltr'><strong>accusatore,</strong></span> <span class='ocrx_word' id='word_1_421' title='bbox 726 3794 856 3866; x_wconf 82' lang='lat' dir='ltr'><strong>quoniam</strong></span> 
     </span>
    </p>
   </div>
   <div class='ocr_carea' id='block_1_31' title="bbox 57 3876 858 4038">
    <p class='ocr_par' dir='ltr' id='par_1_32' title="bbox 57 3876 858 4038">
     <span class='ocr_line' id='line_1_66' title="bbox 57 3876 858 3953; baseline -0.005 -13"><span class='ocrx_word' id='word_1_422' title='bbox 57 3889 86 3940; x_wconf 86' lang='lat' dir='ltr'><strong>et</strong></span> <span class='ocrx_word' id='word_1_423' title='bbox 112 3878 248 3938; x_wconf 87' lang='lat' dir='ltr'><strong>Dominus</strong></span> <span class='ocrx_word' id='word_1_424' title='bbox 269 3876 367 3934; x_wconf 86' lang='lat' dir='ltr'><strong>ludam</strong></span> <span class='ocrx_word' id='word_1_425' title='bbox 382 3876 471 3933; x_wconf 85' lang='lat' dir='ltr'><strong>iurem</strong></span> <span class='ocrx_word' id='word_1_426' title='bbox 496 3893 554 3933; x_wconf 89' lang='lat' dir='ltr'><strong>esse</strong></span> <span class='ocrx_word' id='word_1_427' title='bbox 577 3876 696 3935; x_wconf 89' lang='lat' dir='ltr'><strong>sciebat:</strong></span> <span class='ocrx_word' id='word_1_428' title='bbox 724 3880 772 3936; x_wconf 89' lang='lat' dir='ltr'><strong>sed</strong></span> <span class='ocrx_word' id='word_1_429' title='bbox 793 3881 858 3953; x_wconf 91' lang='lat' dir='ltr'><strong>qnia</strong></span> 
     </span>
     <span class='ocr_line' id='line_1_67' title="bbox 57 3965 664 4038; baseline -0.008 -10"><span class='ocrx_word' id='word_1_430' title='bbox 57 3987 115 4029; x_wconf 91' lang='lat' dir='ltr'><strong>non</strong></span> <span class='ocrx_word' id='word_1_431' title='bbox 129 3976 171 4026; x_wconf 89' lang='lat' dir='ltr'><strong>est</strong></span> <span class='ocrx_word' id='word_1_432' title='bbox 184 3976 335 4035; x_wconf 90' lang='lat' dir='ltr'><strong>accusatus,</strong></span> <span class='ocrx_word' id='word_1_433' title='bbox 351 3965 414 4022; x_wconf 88' lang='lat' dir='ltr'><strong>ideo</strong></span> <span class='ocrx_word' id='word_1_434' title='bbox 428 3975 537 4023; x_wconf 89' lang='lat' dir='ltr'><strong>nonest</strong></span> <span class='ocrx_word' id='word_1_435' title='bbox 552 3965 664 4038; x_wconf 87' lang='lat' dir='ltr'><strong>ejectus.</strong></span> 
     </span>
    </p>
   </div>
   <div class='ocr_carea' id='block_1_32' title="bbox 57 4093 857 4222">
    <p class='ocr_par' dir='ltr' id='par_1_33' title="bbox 57 4093 857 4222">
     <span class='ocr_line' id='line_1_68' title="bbox 57 4093 857 4222; baseline -0.006 -66"><span class='ocrx_word' id='word_1_436' title='bbox 57 4095 125 4155; x_wconf 71' lang='lat' dir='ltr'><strong>cin.</strong></span> <span class='ocrx_word' id='word_1_437' title='bbox 150 4095 200 4152; x_wconf 90' lang='lat' dir='ltr'><strong>lX.</strong></span> <span class='ocrx_word' id='word_1_438' title='bbox 226 4094 302 4164; x_wconf 79' lang='lat' dir='ltr'><strong>Quod</strong></span> <span class='ocrx_word' id='word_1_439' title='bbox 326 4093 402 4150; x_wconf 75' lang='grc'>161616</span> <span class='ocrx_word' id='word_1_440' title='bbox 388 4109 477 4222; x_wconf 52' lang='grc' dir='ltr'><strong>ἠθτὲοάη</strong></span> <span class='ocrx_word' id='word_1_441' title='bbox 495 4093 531 4149; x_wconf 82' lang='lat' dir='ltr'><strong>sit</strong></span> <span class='ocrx_word' id='word_1_442' title='bbox 548 4094 580 4150; x_wconf 88' lang='lat' dir='ltr'><strong>de</strong></span> <span class='ocrx_word' id='word_1_443' title='bbox 601 4093 728 4166; x_wconf 77' lang='lat' dir='ltr'><strong>religiose</strong></span> <span class='ocrx_word' id='word_1_444' title='bbox 747 4112 857 4167; x_wconf 80' lang='lat' dir='ltr'><strong>prasu-</strong></span> 
     </span>
     <span class='ocr_line' id='line_1_69' title="bbox 465 4182 765 4222; baseline -0.023 -1"><span class='ocrx_word' id='word_1_445' title='bbox 465 4183 520 4222; x_wconf 83' lang='lat' dir='ltr'><strong>am.</strong></span> <span class='ocrx_word' id='word_1_446' title='bbox 764 4182 765 4186; x_wconf 41' lang='lat'>¹</span> 
     </span>
    </p>
   </div>
   <div class='ocr_carea' id='block_1_33' title="bbox 251 4254 657 4328">
    <p class='ocr_par' dir='ltr' id='par_1_34' title="bbox 251 4254 657 4328">
     <span class='ocr_line' id='line_1_70' title="bbox 251 4254 657 4328; baseline 0 -16"><span class='ocrx_word' id='word_1_447' title='bbox 251 4255 407 4312; x_wconf 83' lang='lat' dir='ltr'><strong>Excedam</strong></span> <span class='ocrx_word' id='word_1_448' title='bbox 423 4255 504 4324; x_wconf 94' lang='lat' dir='ltr'><strong>libro,</strong></span> <span class='ocrx_word' id='word_1_449' title='bbox 521 4272 581 4328; x_wconf 91' lang='lat' dir='ltr'><strong>cap.</strong></span> <span class='ocrx_word' id='word_1_450' title='bbox 595 4254 657 4313; x_wconf 83' lang='grc'>163.</span> 
     </span>
    </p>
   </div>
   <div class='ocr_carea' id='block_1_34' title="bbox 55 4354 856 4513">
    <p class='ocr_par' dir='ltr' id='par_1_35' title="bbox 55 4354 856 4513">
     <span class='ocr_line' id='line_1_71' title="bbox 92 4354 856 4428; baseline 0 -16"><span class='ocrx_word' id='word_1_451' title='bbox 92 4358 134 4428; x_wconf 81' lang='lat' dir='ltr'><strong>(v,</strong></span> <span class='ocrx_word' id='word_1_452' title='bbox 151 4355 227 4428; x_wconf 81' lang='grc'>219.)</span> <span class='ocrx_word' id='word_1_453' title='bbox 252 4355 342 4413; x_wconf 87' lang='lat' dir='ltr'><strong>Laicis</strong></span> <span class='ocrx_word' id='word_1_454' title='bbox 358 4355 485 4427; x_wconf 90' lang='lat' dir='ltr'><strong>quamvis</strong></span> <span class='ocrx_word' id='word_1_455' title='bbox 504 4354 649 4427; x_wconf 75' lang='lat' dir='ltr'><strong>religiosis,</strong></span> <span class='ocrx_word' id='word_1_456' title='bbox 672 4355 749 4412; x_wconf 92' lang='lat' dir='ltr'><strong>nulla</strong></span> <span class='ocrx_word' id='word_1_457' title='bbox 764 4364 856 4414; x_wconf 89' lang='lat' dir='ltr'><strong>tamen</strong></span> 
     </span>
     <span class='ocr_line' id='line_1_72' title="bbox 55 4443 855 4513; baseline -0.001 -10"><span class='ocrx_word' id='word_1_458' title='bbox 55 4445 90 4503; x_wconf 92' lang='lat' dir='ltr'><strong>de</strong></span> <span class='ocrx_word' id='word_1_459' title='bbox 110 4444 303 4502; x_wconf 88' lang='lat' dir='ltr'><strong>ecclesiasticis</strong></span> <span class='ocrx_word' id='word_1_460' title='bbox 325 4443 514 4513; x_wconf 85' lang='lat' dir='ltr'><strong>facultatibus,</strong></span> <span class='ocrx_word' id='word_1_461' title='bbox 539 4444 584 4499; x_wconf 88' lang='lat' dir='ltr'><strong>vel</strong></span> <span class='ocrx_word' id='word_1_462' title='bbox 611 4443 645 4500; x_wconf 90' lang='lat' dir='ltr'><strong>de</strong></span> <span class='ocrx_word' id='word_1_463' title='bbox 672 4447 730 4502; x_wconf 85' lang='lat' dir='ltr'><strong>Deo</strong></span> <span class='ocrx_word' id='word_1_464' title='bbox 755 4445 855 4502; x_wconf 86' lang='lat' dir='ltr'><strong>dicatis</strong></span> 
     </span>
    </p>
   </div>
   <div class='ocr_carea' id='block_1_35' title="bbox 910 3309 1785 4281">
    <p class='ocr_par' dir='ltr' id='par_1_36' title="bbox 910 3309 1785 4281">
     <span class='ocr_line' id='line_1_73' title="bbox 914 3309 1785 3389; baseline -0.006 -17"><span class='ocrx_word' id='word_1_465' title='bbox 914 3315 1049 3389; x_wconf 87' lang='lat' dir='ltr'><strong>proximis</strong></span> <span class='ocrx_word' id='word_1_466' title='bbox 1060 3314 1136 3371; x_wconf 88' lang='lat' dir='ltr'><strong>illius</strong></span> <span class='ocrx_word' id='word_1_467' title='bbox 1151 3311 1287 3386; x_wconf 90' lang='lat' dir='ltr'><strong>quidquid</strong></span> <span class='ocrx_word' id='word_1_468' title='bbox 1298 3310 1438 3383; x_wconf 90' lang='lat' dir='ltr'><strong>injustein</strong></span> <span class='ocrx_word' id='word_1_469' title='bbox 1452 3318 1508 3367; x_wconf 89' lang='lat' dir='ltr'><strong>tam</strong></span> <span class='ocrx_word' id='word_1_470' title='bbox 1525 3309 1710 3368; x_wconf 83' lang='lat' dir='ltr'><strong>nefandosce-</strong></span> <span class='ocrx_word' id='word_1_471' title='bbox 1778 3315 1785 3339; x_wconf 89' lang='grc'><em>·</em></span> 
     </span>
     <span class='ocr_line' id='line_1_74' title="bbox 914 3402 1713 3477; baseline -0.005 -17"><span class='ocrx_word' id='word_1_472' title='bbox 914 3405 970 3461; x_wconf 87' lang='grc'>1666</span> <span class='ocrx_word' id='word_1_473' title='bbox 985 3403 1091 3477; x_wconf 77' lang='lat' dir='ltr'><strong>egerint</strong></span> <span class='ocrx_word' id='word_1_474' title='bbox 1105 3403 1135 3459; x_wconf 92' lang='lat' dir='ltr'><strong>in</strong></span> <span class='ocrx_word' id='word_1_475' title='bbox 1149 3402 1234 3472; x_wconf 91' lang='lat' dir='ltr'><strong>triplo</strong></span> <span class='ocrx_word' id='word_1_476' title='bbox 1249 3408 1426 3472; x_wconf 90' lang='lat' dir='ltr'><strong>componant,</strong></span> <span class='ocrx_word' id='word_1_477' title='bbox 1443 3405 1469 3455; x_wconf 91' lang='lat' dir='ltr'><strong>et</strong></span> <span class='ocrx_word' id='word_1_478' title='bbox 1488 3414 1713 3472; x_wconf 89' lang='lat' dir='ltr'><strong>unamquamque</strong></span> 
     </span>
     <span class='ocr_line' id='line_1_75' title="bbox 914 3487 1713 3563; baseline -0.008 -14"><span class='ocrx_word' id='word_1_479' title='bbox 914 3508 971 3550; x_wconf 90' lang='lat' dir='ltr'><strong>rem</strong></span> <span class='ocrx_word' id='word_1_480' title='bbox 986 3490 1112 3549; x_wconf 90' lang='lat' dir='ltr'><strong>semotim</strong></span> <span class='ocrx_word' id='word_1_481' title='bbox 1136 3489 1242 3563; x_wconf 90' lang='lat' dir='ltr'><strong>legibus</strong></span> <span class='ocrx_word' id='word_1_482' title='bbox 1261 3488 1290 3544; x_wconf 92' lang='lat' dir='ltr'><strong>in</strong></span> <span class='ocrx_word' id='word_1_483' title='bbox 1305 3487 1389 3560; x_wconf 89' lang='lat' dir='ltr'><strong>triplo</strong></span> <span class='ocrx_word' id='word_1_484' title='bbox 1412 3487 1569 3543; x_wconf 89' lang='lat' dir='ltr'><strong>restituant.</strong></span> <span class='ocrx_word' id='word_1_485' title='bbox 1584 3487 1713 3559; x_wconf 81' lang='grc'>166666-</span> 
     </span>
     <span class='ocr_line' id='line_1_76' title="bbox 913 3576 1709 3656; baseline -0.005 -17"><span class='ocrx_word' id='word_1_486' title='bbox 913 3588 1037 3656; x_wconf 81' lang='lat' dir='ltr'><strong>temquae</strong></span> <span class='ocrx_word' id='word_1_487' title='bbox 1047 3581 1163 3654; x_wconf 89' lang='lat' dir='ltr'><strong>rapitur,</strong></span> <span class='ocrx_word' id='word_1_488' title='bbox 1179 3579 1203 3636; x_wconf 93' lang='lat' dir='ltr'><strong>si</strong></span> <span class='ocrx_word' id='word_1_489' title='bbox 1217 3587 1264 3635; x_wconf 92' lang='lat' dir='ltr'><strong>aut</strong></span> <span class='ocrx_word' id='word_1_490' title='bbox 1276 3579 1377 3652; x_wconf 89' lang='lat' dir='ltr'><strong>primo,</strong></span> <span class='ocrx_word' id='word_1_491' title='bbox 1393 3586 1440 3635; x_wconf 93' lang='lat' dir='ltr'><strong>aut</strong></span> <span class='ocrx_word' id='word_1_492' title='bbox 1450 3576 1635 3651; x_wconf 90' lang='lat' dir='ltr'><strong>postmodum,</strong></span> <span class='ocrx_word' id='word_1_493' title='bbox 1652 3585 1709 3635; x_wconf 89' lang='lat' dir='ltr'><strong>tam</strong></span> 
     </span>
     <span class='ocr_line' id='line_1_77' title="bbox 913 3667 1713 3740; baseline -0.008 -10"><span class='ocrx_word' id='word_1_494' title='bbox 913 3671 1020 3730; x_wconf 87' lang='lat' dir='ltr'><strong>neiario</strong></span> <span class='ocrx_word' id='word_1_495' title='bbox 1036 3671 1132 3730; x_wconf 89' lang='lat' dir='ltr'><strong>sceleri</strong></span> <span class='ocrx_word' id='word_1_496' title='bbox 1152 3670 1241 3727; x_wconf 90' lang='lat' dir='ltr'><strong>libens</strong></span> <span class='ocrx_word' id='word_1_497' title='bbox 1262 3667 1442 3735; x_wconf 90' lang='lat' dir='ltr'><strong>consenserit,</strong></span> <span class='ocrx_word' id='word_1_498' title='bbox 1456 3683 1598 3740; x_wconf 89' lang='lat' dir='ltr'><strong>nunquam</strong></span> <span class='ocrx_word' id='word_1_499' title='bbox 1618 3676 1713 3740; x_wconf 88' lang='lat' dir='ltr'><strong>postea</strong></span> 
     </span>
     <span class='ocr_line' id='line_1_78' title="bbox 912 3756 1712 3834; baseline -0.009 -15"><span class='ocrx_word' id='word_1_500' title='bbox 912 3761 1008 3832; x_wconf 90' lang='lat' dir='ltr'><strong>nubat,</strong></span> <span class='ocrx_word' id='word_1_501' title='bbox 1024 3759 1072 3819; x_wconf 89' lang='lat' dir='ltr'><strong>sed</strong></span> <span class='ocrx_word' id='word_1_502' title='bbox 1087 3759 1197 3834; x_wconf 88' lang='lat' dir='ltr'><strong>publiea</strong></span> <span class='ocrx_word' id='word_1_503' title='bbox 1210 3758 1372 3833; x_wconf 80' lang='lat' dir='ltr'><strong>poenitentia</strong></span> <span class='ocrx_word' id='word_1_504' title='bbox 1392 3757 1550 3826; x_wconf 89' lang='lat' dir='ltr'><strong>mulctetur,</strong></span> <span class='ocrx_word' id='word_1_505' title='bbox 1559 3765 1586 3813; x_wconf 92' lang='lat' dir='ltr'><strong>et</strong></span> <span class='ocrx_word' id='word_1_506' title='bbox 1598 3756 1649 3815; x_wconf 91' lang='lat' dir='ltr'><strong>sub</strong></span> <span class='ocrx_word' id='word_1_507' title='bbox 1662 3756 1712 3813; x_wconf 88' lang='lat' dir='ltr'><strong>tali</strong></span> 
     </span>
     <span class='ocr_line' id='line_1_79' title="bbox 912 3846 1709 3924; baseline -0.01 -14"><span class='ocrx_word' id='word_1_508' title='bbox 912 3852 1037 3911; x_wconf 91' lang='lat' dir='ltr'><strong>custodia</strong></span> <span class='ocrx_word' id='word_1_509' title='bbox 1057 3858 1184 3924; x_wconf 87' lang='lat' dir='ltr'><strong>ponatur,</strong></span> <span class='ocrx_word' id='word_1_510' title='bbox 1205 3857 1236 3906; x_wconf 92' lang='lat' dir='ltr'><strong>ut</strong></span> <span class='ocrx_word' id='word_1_511' title='bbox 1259 3849 1285 3905; x_wconf 95' lang='lat' dir='ltr'><strong>ei</strong></span> <span class='ocrx_word' id='word_1_512' title='bbox 1307 3847 1466 3904; x_wconf 88' lang='lat' dir='ltr'><strong>nullatenus</strong></span> <span class='ocrx_word' id='word_1_513' title='bbox 1491 3846 1629 3903; x_wconf 86' lang='lat' dir='ltr'><strong>luxuriari</strong></span> <span class='ocrx_word' id='word_1_514' title='bbox 1645 3862 1709 3902; x_wconf 90' lang='lat' dir='ltr'><strong>cum</strong></span> 
     </span>
     <span class='ocr_line' id='line_1_80' title="bbox 912 3936 1710 4016; baseline -0.01 -16"><span class='ocrx_word' id='word_1_515' title='bbox 912 3942 1031 4016; x_wconf 91' lang='lat' dir='ltr'><strong>quodam</strong></span> <span class='ocrx_word' id='word_1_516' title='bbox 1045 3941 1136 4000; x_wconf 90' lang='lat' dir='ltr'><strong>liceat.</strong></span> <span class='ocrx_word' id='word_1_517' title='bbox 1152 3939 1255 3996; x_wconf 82' lang='lat' dir='ltr'><strong>Taliter</strong></span> <span class='ocrx_word' id='word_1_518' title='bbox 1269 3938 1343 3994; x_wconf 90' lang='lat' dir='ltr'><strong>euim</strong></span> <span class='ocrx_word' id='word_1_519' title='bbox 1363 3944 1513 3994; x_wconf 89' lang='lat' dir='ltr'><strong>memorata</strong></span> <span class='ocrx_word' id='word_1_520' title='bbox 1535 3936 1639 4010; x_wconf 86' lang='lat' dir='ltr'><strong>ilagitia</strong></span> <span class='ocrx_word' id='word_1_521' title='bbox 1653 3952 1710 4010; x_wconf 87' lang='lat' dir='ltr'><strong>pn-</strong></span> 
     </span>
     <span class='ocr_line' id='line_1_81' title="bbox 911 4027 1710 4102; baseline -0.009 -12"><span class='ocrx_word' id='word_1_522' title='bbox 911 4034 1034 4099; x_wconf 90' lang='lat' dir='ltr'><strong>niantur,</strong></span> <span class='ocrx_word' id='word_1_523' title='bbox 1054 4041 1085 4086; x_wconf 92' lang='lat' dir='ltr'><strong>ut</strong></span> <span class='ocrx_word' id='word_1_524' title='bbox 1099 4046 1194 4086; x_wconf 89' lang='lat' dir='ltr'><strong>omnes</strong></span> <span class='ocrx_word' id='word_1_525' title='bbox 1215 4037 1382 4101; x_wconf 78' lang='lat' dir='ltr'><strong>cognoscant</strong></span> <span class='ocrx_word' id='word_1_526' title='bbox 1404 4029 1534 4102; x_wconf 90' lang='lat' dir='ltr'><strong>quoniam</strong></span> <span class='ocrx_word' id='word_1_527' title='bbox 1549 4043 1600 4085; x_wconf 92' lang='grc'><strong>666</strong></span> <span class='ocrx_word' id='word_1_528' title='bbox 1615 4027 1710 4085; x_wconf 82' lang='lat' dir='ltr'><strong>saeculi</strong></span> 
     </span>
     <span class='ocr_line' id='line_1_82' title="bbox 912 4120 1710 4199; baseline -0.006 -15"><span class='ocrx_word' id='word_1_529' title='bbox 912 4128 984 4199; x_wconf 88' lang='lat' dir='ltr'><strong>leges</strong></span> <span class='ocrx_word' id='word_1_530' title='bbox 997 4133 1053 4180; x_wconf 82' lang='grc'>1661</span> <span class='ocrx_word' id='word_1_531' title='bbox 1068 4121 1194 4179; x_wconf 81' lang='lat' dir='ltr'><strong>nefandis</strong></span> <span class='ocrx_word' id='word_1_532' title='bbox 1207 4120 1452 4192; x_wconf 88' lang='lat' dir='ltr'><strong>conjunctionibus</strong></span> <span class='ocrx_word' id='word_1_533' title='bbox 1462 4120 1646 4188; x_wconf 91' lang='lat' dir='ltr'><strong>consentiant,</strong></span> <span class='ocrx_word' id='word_1_534' title='bbox 1659 4136 1710 4179; x_wconf 88' lang='grc'><strong>666</strong></span> 
     </span>
     <span class='ocr_line' id='line_1_83' title="bbox 910 4211 1540 4281; baseline -0.014 -7"><span class='ocrx_word' id='word_1_535' title='bbox 910 4219 980 4275; x_wconf 86' lang='lat' dir='ltr'><strong>sacri</strong></span> <span class='ocrx_word' id='word_1_536' title='bbox 993 4230 1112 4275; x_wconf 88' lang='lat' dir='ltr'><strong>canones</strong></span> <span class='ocrx_word' id='word_1_537' title='bbox 1127 4213 1277 4271; x_wconf 91' lang='lat' dir='ltr'><strong>concilium</strong></span> <span class='ocrx_word' id='word_1_538' title='bbox 1288 4211 1376 4267; x_wconf 90' lang='lat' dir='ltr'><strong>ullum</strong></span> <span class='ocrx_word' id='word_1_539' title='bbox 1391 4211 1540 4281; x_wconf 73' lang='lat' dir='ltr'><strong>prebeant.</strong></span> 
     </span>
    </p>
   </div>
   <div class='ocr_carea' id='block_1_36' title="bbox 910 4331 1705 4504">
    <p class='ocr_par' dir='ltr' id='par_1_37' title="bbox 910 4331 1705 4504">
     <span class='ocr_line' id='line_1_84' title="bbox 910 4331 1705 4408; baseline -0.014 -9"><span class='ocrx_word' id='word_1_540' title='bbox 910 4340 976 4400; x_wconf 77' lang='lat' dir='ltr'><strong>Cas.</strong></span> <span class='ocrx_word' id='word_1_541' title='bbox 992 4339 1055 4397; x_wconf 83' lang='lat' dir='ltr'><strong>XV.</strong></span> <span class='ocrx_word' id='word_1_542' title='bbox 1066 4343 1102 4396; x_wconf 85' lang='grc'><strong>116</strong></span> <span class='ocrx_word' id='word_1_543' title='bbox 1116 4337 1156 4394; x_wconf 87' lang='lat' dir='ltr'><strong>lis</strong></span> <span class='ocrx_word' id='word_1_544' title='bbox 1173 4336 1262 4408; x_wconf 83' lang='lat' dir='ltr'><strong>quiin</strong></span> <span class='ocrx_word' id='word_1_545' title='bbox 1277 4335 1354 4391; x_wconf 87' lang='lat' dir='ltr'><strong>dome</strong></span> <span class='ocrx_word' id='word_1_546' title='bbox 1366 4350 1416 4389; x_wconf 88' lang='grc'><strong>666</strong></span> <span class='ocrx_word' id='word_1_547' title='bbox 1430 4332 1578 4389; x_wconf 84' lang='lat' dir='ltr'><strong>oratorium</strong></span> <span class='ocrx_word' id='word_1_548' title='bbox 1586 4331 1705 4404; x_wconf 73' lang='grc'>[6666161.</span> 
     </span>
     <span class='ocr_line' id='line_1_85' title="bbox 1104 4429 1510 4504; baseline -0.015 -13"><span class='ocrx_word' id='word_1_549' title='bbox 1104 4435 1148 4491; x_wconf 80' lang='lat' dir='ltr'><strong>Ex</strong></span> <span class='ocrx_word' id='word_1_550' title='bbox 1161 4432 1257 4490; x_wconf 91' lang='lat' dir='ltr'><strong>eodem</strong></span> <span class='ocrx_word' id='word_1_551' title='bbox 1274 4430 1357 4499; x_wconf 90' lang='lat' dir='ltr'><strong>libro,</strong></span> <span class='ocrx_word' id='word_1_552' title='bbox 1372 4446 1432 4504; x_wconf 92' lang='lat' dir='ltr'><strong>oap.</strong></span> <span class='ocrx_word' id='word_1_553' title='bbox 1450 4429 1510 4486; x_wconf 90' lang='grc'>192.</span> 
     </span>
    </p>
   </div>
   <div class='ocr_carea' id='block_1_37' title="bbox 54 4525 1704 4619">
    <p class='ocr_par' dir='ltr' id='par_1_38' title="bbox 54 4525 1704 4619">
     <span class='ocr_line' id='line_1_86' title="bbox 54 4525 1704 4619; baseline -0.001 -28"><span class='ocrx_word' id='word_1_554' title='bbox 54 4534 226 4604; x_wconf 89' lang='lat' dir='ltr'><strong>hominibus,</strong></span> <span class='ocrx_word' id='word_1_555' title='bbox 243 4534 349 4608; x_wconf 91' lang='lat' dir='ltr'><strong>aliquid</strong></span> <span class='ocrx_word' id='word_1_556' title='bbox 363 4533 530 4606; x_wconf 91' lang='lat' dir='ltr'><strong>disponendi</strong></span> <span class='ocrx_word' id='word_1_557' title='bbox 543 4533 711 4591; x_wconf 88' lang='lat' dir='ltr'><strong>attribuatur</strong></span> <span class='ocrx_word' id='word_1_558' title='bbox 725 4534 851 4592; x_wconf 83' lang='lat' dir='ltr'><strong>facultas.</strong></span> <span class='ocrx_word' id='word_1_559' title='bbox 867 4525 896 4588; x_wconf 87' lang='lat' dir='ltr'>D</span> <span class='ocrx_word' id='word_1_560' title='bbox 947 4546 987 4619; x_wconf 65' lang='lat' dir='ltr'><strong>(p,</strong></span> <span class='ocrx_word' id='word_1_561' title='bbox 1009 4544 1083 4616; x_wconf 67' lang='lat' dir='ltr'><strong>lory</strong></span> <span class='ocrx_word' id='word_1_562' title='bbox 1109 4543 1162 4613; x_wconf 78' lang='lat' dir='ltr'><strong>Qui</strong></span> <span class='ocrx_word' id='word_1_563' title='bbox 1176 4542 1206 4598; x_wconf 79' lang='lat' dir='ltr'><strong>jn</strong></span> <span class='ocrx_word' id='word_1_564' title='bbox 1228 4539 1312 4598; x_wconf 77' lang='lat' dir='ltr'><strong>domo</strong></span> <span class='ocrx_word' id='word_1_565' title='bbox 1326 4554 1375 4595; x_wconf 81' lang='lat' dir='ltr'><strong>sua</strong></span> <span class='ocrx_word' id='word_1_566' title='bbox 1395 4536 1548 4594; x_wconf 84' lang='lat' dir='ltr'><strong>oratorium</strong></span> <span class='ocrx_word' id='word_1_567' title='bbox 1565 4535 1704 4606; x_wconf 85' lang='lat' dir='ltr'><strong>habuerit,</strong></span> 
     </span>
    </p>
   </div>
   <div class='ocr_carea' id='block_1_38' title="bbox 54 4659 852 4806">
    <p class='ocr_par' dir='ltr' id='par_1_39' title="bbox 54 4659 852 4806">
     <span class='ocr_line' id='line_1_87' title="bbox 54 4659 852 4734; baseline -0.001 -15"><span class='ocrx_word' id='word_1_568' title='bbox 54 4660 120 4720; x_wconf 72' lang='lat' dir='ltr'><strong>car.</strong></span> <span class='ocrx_word' id='word_1_569' title='bbox 138 4659 174 4716; x_wconf 88' lang='lat' dir='ltr'><strong>X.</strong></span> <span class='ocrx_word' id='word_1_570' title='bbox 192 4662 222 4717; x_wconf 88' lang='lat' dir='ltr'><strong>Si</strong></span> <span class='ocrx_word' id='word_1_571' title='bbox 240 4662 300 4733; x_wconf 84' lang='lat' dir='ltr'><strong>quis</strong></span> <span class='ocrx_word' id='word_1_572' title='bbox 314 4661 458 4734; x_wconf 84' lang='lat' dir='ltr'><strong>episcopas,</strong></span> <span class='ocrx_word' id='word_1_573' title='bbox 481 4661 628 4734; x_wconf 79' lang='lat' dir='ltr'><strong>presbyter,</strong></span> <span class='ocrx_word' id='word_1_574' title='bbox 651 4661 790 4731; x_wconf 83' lang='lat' dir='ltr'><strong>diaconas,</strong></span> <span class='ocrx_word' id='word_1_575' title='bbox 811 4663 852 4718; x_wconf 88' lang='lat' dir='ltr'><strong>vel</strong></span> 
     </span>
     <span class='ocr_line' id='line_1_88' title="bbox 106 4733 797 4806; baseline 0.001 -19"><span class='ocrx_word' id='word_1_576' title='bbox 106 4733 292 4802; x_wconf 82' lang='lat' dir='ltr'><strong>subdiaconus,</strong></span> <span class='ocrx_word' id='word_1_577' title='bbox 305 4734 341 4789; x_wconf 87' lang='lat' dir='ltr'><strong>od</strong></span> <span class='ocrx_word' id='word_1_578' title='bbox 352 4733 448 4789; x_wconf 82' lang='lat' dir='ltr'><strong>bellum</strong></span> <span class='ocrx_word' id='word_1_579' title='bbox 455 4733 621 4805; x_wconf 84' lang='lat' dir='ltr'><strong>processerit,</strong></span> <span class='ocrx_word' id='word_1_580' title='bbox 637 4733 797 4806; x_wconf 81' lang='lat' dir='ltr'><strong>deponatur.</strong></span> 
     </span>
    </p>
   </div>
   <div class='ocr_carea' id='block_1_39' title="bbox 47 4823 850 5262">
    <p class='ocr_par' dir='ltr' id='par_1_40' title="bbox 292 4823 613 4897">
     <span class='ocr_line' id='line_1_89' title="bbox 292 4823 613 4897; baseline 0.006 -18"><span class='ocrx_word' id='word_1_581' title='bbox 292 4824 336 4879; x_wconf 88' lang='lat' dir='ltr'><strong>Ex</strong></span> <span class='ocrx_word' id='word_1_582' title='bbox 351 4823 422 4879; x_wconf 90' lang='lat' dir='ltr'><strong>libro</strong></span> <span class='ocrx_word' id='word_1_583' title='bbox 436 4841 477 4893; x_wconf 86' lang='lat' dir='ltr'><strong>vr,</strong></span> <span class='ocrx_word' id='word_1_584' title='bbox 492 4840 551 4897; x_wconf 90' lang='lat' dir='ltr'><strong>cap.</strong></span> <span class='ocrx_word' id='word_1_585' title='bbox 568 4824 613 4881; x_wconf 89' lang='grc'>61.</span> 
     </span>
    </p>

    <p class='ocr_par' dir='ltr' id='par_1_41' title="bbox 47 4920 850 5262">
     <span class='ocr_line' id='line_1_90' title="bbox 89 4920 849 4995; baseline 0.003 -18"><span class='ocrx_word' id='word_1_586' title='bbox 89 4920 141 4992; x_wconf 87' lang='lat' dir='ltr'><strong>(vr,</strong></span> <span class='ocrx_word' id='word_1_587' title='bbox 158 4920 216 4992; x_wconf 89' lang='grc'>61.)</span> <span class='ocrx_word' id='word_1_588' title='bbox 232 4920 260 4977; x_wconf 83' lang='grc'><strong>61</strong></span> <span class='ocrx_word' id='word_1_589' title='bbox 273 4922 335 4995; x_wconf 91' lang='lat' dir='ltr'><strong>quis</strong></span> <span class='ocrx_word' id='word_1_590' title='bbox 357 4921 512 4995; x_wconf 89' lang='lat' dir='ltr'><strong>episcopus,</strong></span> <span class='ocrx_word' id='word_1_591' title='bbox 534 4922 689 4995; x_wconf 85' lang='lat' dir='ltr'><strong>presbyter,</strong></span> <span class='ocrx_word' id='word_1_592' title='bbox 704 4922 849 4992; x_wconf 88' lang='lat' dir='ltr'><strong>diaconus,</strong></span> 
     </span>
     <span class='ocr_line' id='line_1_91' title="bbox 48 5009 850 5082; baseline -0.001 -15"><span class='ocrx_word' id='word_1_593' title='bbox 48 5010 95 5067; x_wconf 88' lang='lat' dir='ltr'><strong>vel</strong></span> <span class='ocrx_word' id='word_1_594' title='bbox 117 5009 313 5078; x_wconf 88' lang='lat' dir='ltr'><strong>subdiaconus,</strong></span> <span class='ocrx_word' id='word_1_595' title='bbox 341 5011 375 5067; x_wconf 92' lang='lat' dir='ltr'><strong>ad</strong></span> <span class='ocrx_word' id='word_1_596' title='bbox 399 5009 502 5067; x_wconf 89' lang='lat' dir='ltr'><strong>bellum</strong></span> <span class='ocrx_word' id='word_1_597' title='bbox 531 5012 705 5082; x_wconf 90' lang='lat' dir='ltr'><strong>processerit,</strong></span> <span class='ocrx_word' id='word_1_598' title='bbox 730 5020 757 5068; x_wconf 91' lang='lat' dir='ltr'><strong>et</strong></span> <span class='ocrx_word' id='word_1_599' title='bbox 775 5028 850 5068; x_wconf 83' lang='lat' dir='ltr'><strong>arura</strong></span> 
     </span>
     <span class='ocr_line' id='line_1_92' title="bbox 47 5099 849 5170; baseline 0.006 -13"><span class='ocrx_word' id='word_1_600' title='bbox 47 5099 149 5158; x_wconf 91' lang='lat' dir='ltr'><strong>bellica</strong></span> <span class='ocrx_word' id='word_1_601' title='bbox 157 5101 272 5158; x_wconf 89' lang='lat' dir='ltr'><strong>indutus</strong></span> <span class='ocrx_word' id='word_1_602' title='bbox 280 5102 364 5158; x_wconf 90' lang='grc'>166611</span> <span class='ocrx_word' id='word_1_603' title='bbox 374 5101 408 5158; x_wconf 91' lang='lat' dir='ltr'><strong>ad</strong></span> <span class='ocrx_word' id='word_1_604' title='bbox 417 5100 614 5170; x_wconf 90' lang='lat' dir='ltr'><strong>bellicandum,</strong></span> <span class='ocrx_word' id='word_1_605' title='bbox 624 5100 660 5158; x_wconf 92' lang='lat' dir='ltr'><strong>ab</strong></span> <span class='ocrx_word' id='word_1_606' title='bbox 670 5103 747 5159; x_wconf 91' lang='lat' dir='ltr'><strong>omni</strong></span> <span class='ocrx_word' id='word_1_607' title='bbox 758 5105 849 5163; x_wconf 87' lang='lat' dir='ltr'><strong>allicio</strong></span> 
     </span>
     <span class='ocr_line' id='line_1_93' title="bbox 47 5188 848 5262; baseline 0.005 -16"><span class='ocrx_word' id='word_1_608' title='bbox 47 5188 212 5262; x_wconf 90' lang='lat' dir='ltr'><strong>deponatur,</strong></span> <span class='ocrx_word' id='word_1_609' title='bbox 227 5190 376 5250; x_wconf 90' lang='lat' dir='ltr'><strong>intantum</strong></span> <span class='ocrx_word' id='word_1_610' title='bbox 393 5198 424 5247; x_wconf 93' lang='lat' dir='ltr'><strong>ut</strong></span> <span class='ocrx_word' id='word_1_611' title='bbox 438 5207 488 5250; x_wconf 89' lang='grc'><strong>666</strong></span> <span class='ocrx_word' id='word_1_612' title='bbox 511 5190 608 5249; x_wconf 89' lang='lat' dir='ltr'><strong>laicam</strong></span> <span class='ocrx_word' id='word_1_613' title='bbox 622 5191 848 5250; x_wconf 88' lang='lat' dir='ltr'><strong>communionem</strong></span> 
     </span>
    </p>
   </div>
   <div class='ocr_carea' id='block_1_40' title="bbox 48 5279 158 5336">
    <p class='ocr_par' dir='ltr' id='par_1_42' title="bbox 48 5279 158 5336">
     <span class='ocr_line' id='line_1_94' title="bbox 48 5279 158 5336; baseline 0 0"><span class='ocrx_word' id='word_1_614' title='bbox 48 5279 158 5336; x_wconf 88' lang='lat' dir='ltr'><strong>babeat.</strong></span> 
     </span>
    </p>
   </div>
   <div class='ocr_carea' id='block_1_41' title="bbox 46 5401 849 5546">
    <p class='ocr_par' dir='ltr' id='par_1_43' title="bbox 46 5401 849 5546">
     <span class='ocr_line' id='line_1_95' title="bbox 46 5401 849 5474; baseline -0.002 -12"><span class='ocrx_word' id='word_1_615' title='bbox 46 5401 183 5462; x_wconf 69' lang='grc'>(1661111.</span> <span class='ocrx_word' id='word_1_616' title='bbox 207 5403 247 5460; x_wconf 84' lang='lat' dir='ltr'><strong>De</strong></span> <span class='ocrx_word' id='word_1_617' title='bbox 266 5402 308 5457; x_wconf 83' lang='lat' dir='ltr'><strong>bis</strong></span> <span class='ocrx_word' id='word_1_618' title='bbox 330 5401 377 5473; x_wconf 86' lang='lat' dir='ltr'><strong>qui</strong></span> <span class='ocrx_word' id='word_1_619' title='bbox 398 5402 491 5458; x_wconf 86' lang='grc'>661661</span> <span class='ocrx_word' id='word_1_620' title='bbox 512 5419 611 5474; x_wconf 85' lang='lat' dir='ltr'><strong>equum</strong></span> <span class='ocrx_word' id='word_1_621' title='bbox 627 5404 849 5460; x_wconf 77' lang='grc'>66166616161616</span> 
     </span>
     <span class='ocr_line' id='line_1_96' title="bbox 271 5473 625 5546; baseline -0.006 -15"><span class='ocrx_word' id='word_1_622' title='bbox 271 5473 384 5531; x_wconf 86' lang='grc'>6666616</span> <span class='ocrx_word' id='word_1_623' title='bbox 397 5479 487 5528; x_wconf 80' lang='lat' dir='ltr'><strong>sancta</strong></span> <span class='ocrx_word' id='word_1_624' title='bbox 499 5474 625 5546; x_wconf 85' lang='lat' dir='ltr'><strong>accipere.</strong></span> 
     </span>
    </p>
   </div>
   <div class='ocr_carea' id='block_1_42' title="bbox 85 5562 846 5731">
    <p class='ocr_par' dir='ltr' id='par_1_44' title="bbox 85 5562 846 5731">
     <span class='ocr_line' id='line_1_97' title="bbox 252 5562 642 5637; baseline 0.003 -18"><span class='ocrx_word' id='word_1_625' title='bbox 252 5564 296 5620; x_wconf 83' lang='lat' dir='ltr'><strong>Ex</strong></span> <span class='ocrx_word' id='word_1_626' title='bbox 312 5562 409 5620; x_wconf 91' lang='lat' dir='ltr'><strong>eodem</strong></span> <span class='ocrx_word' id='word_1_627' title='bbox 425 5563 507 5632; x_wconf 91' lang='lat' dir='ltr'><strong>libro,</strong></span> <span class='ocrx_word' id='word_1_628' title='bbox 522 5578 582 5637; x_wconf 86' lang='lat' dir='ltr'><strong>cap.</strong></span> <span class='ocrx_word' id='word_1_629' title='bbox 597 5563 642 5622; x_wconf 89' lang='grc'>82.</span> 
     </span>
     <span class='ocr_line' id='line_1_98' title="bbox 85 5658 846 5731; baseline 0.004 -13"><span class='ocrx_word' id='word_1_630' title='bbox 85 5658 138 5730; x_wconf 85' lang='lat' dir='ltr'><strong>(vr,</strong></span> <span class='ocrx_word' id='word_1_631' title='bbox 155 5659 213 5731; x_wconf 89' lang='grc'>77.)</span> <span class='ocrx_word' id='word_1_632' title='bbox 228 5659 310 5730; x_wconf 89' lang='lat' dir='ltr'><strong>Quod</strong></span> <span class='ocrx_word' id='word_1_633' title='bbox 324 5661 354 5718; x_wconf 93' lang='lat' dir='ltr'><strong>in</strong></span> <span class='ocrx_word' id='word_1_634' title='bbox 368 5658 487 5719; x_wconf 75' lang='lat' dir='ltr'><strong>Sabbata</strong></span> <span class='ocrx_word' id='word_1_635' title='bbox 500 5667 595 5721; x_wconf 78' lang='lat' dir='ltr'><strong>musto</strong></span> <span class='ocrx_word' id='word_1_636' title='bbox 615 5659 737 5729; x_wconf 75' lang='lat' dir='ltr'><strong>Patebat,</strong></span> <span class='ocrx_word' id='word_1_637' title='bbox 757 5663 801 5720; x_wconf 90' lang='lat' dir='ltr'><strong>vel</strong></span> <span class='ocrx_word' id='word_1_638' title='bbox 816 5662 846 5721; x_wconf 92' lang='lat' dir='ltr'><strong>in</strong></span> 
     </span>
    </p>
   </div>
   <div class='ocr_carea' id='block_1_43' title="bbox 905 4625 1705 5154">
    <p class='ocr_par' dir='ltr' id='par_1_45' title="bbox 905 4625 1705 5154">
     <span class='ocr_line' id='line_1_99' title="bbox 908 4625 1705 4707; baseline -0.013 -14"><span class='ocrx_word' id='word_1_639' title='bbox 908 4653 986 4693; x_wconf 90' lang='lat' dir='ltr'><strong>orare</strong></span> <span class='ocrx_word' id='word_1_640' title='bbox 1000 4635 1104 4694; x_wconf 88' lang='lat' dir='ltr'><strong>ibidem</strong></span> <span class='ocrx_word' id='word_1_641' title='bbox 1123 4641 1222 4707; x_wconf 88' lang='lat' dir='ltr'><strong>potest,</strong></span> <span class='ocrx_word' id='word_1_642' title='bbox 1238 4632 1335 4689; x_wconf 91' lang='lat' dir='ltr'><strong>missas</strong></span> <span class='ocrx_word' id='word_1_643' title='bbox 1349 4637 1442 4686; x_wconf 91' lang='lat' dir='ltr'><strong>tamen</strong></span> <span class='ocrx_word' id='word_1_644' title='bbox 1461 4629 1491 4685; x_wconf 91' lang='grc'><strong>16</strong></span> <span class='ocrx_word' id='word_1_645' title='bbox 1511 4643 1543 4685; x_wconf 87' lang='lat' dir='ltr'><strong>eo</strong></span> <span class='ocrx_word' id='word_1_646' title='bbox 1566 4625 1705 4685; x_wconf 89' lang='lat' dir='ltr'><strong>celebrare</strong></span> 
     </span>
     <span class='ocr_line' id='line_1_100' title="bbox 907 4716 1705 4796; baseline -0.014 -14"><span class='ocrx_word' id='word_1_647' title='bbox 907 4742 964 4783; x_wconf 92' lang='lat' dir='ltr'><strong>non</strong></span> <span class='ocrx_word' id='word_1_648' title='bbox 978 4725 1086 4792; x_wconf 87' lang='lat' dir='ltr'><strong>audeat,</strong></span> <span class='ocrx_word' id='word_1_649' title='bbox 1102 4739 1153 4781; x_wconf 91' lang='grc'><strong>666</strong></span> <span class='ocrx_word' id='word_1_650' title='bbox 1167 4739 1246 4796; x_wconf 89' lang='lat' dir='ltr'><strong>agere</strong></span> <span class='ocrx_word' id='word_1_651' title='bbox 1258 4722 1387 4795; x_wconf 89' lang='lat' dir='ltr'><strong>cuiquam</strong></span> <span class='ocrx_word' id='word_1_652' title='bbox 1402 4718 1543 4791; x_wconf 89' lang='lat' dir='ltr'><strong>permittat</strong></span> <span class='ocrx_word' id='word_1_653' title='bbox 1564 4716 1624 4773; x_wconf 87' lang='lat' dir='ltr'><strong>sine</strong></span> <span class='ocrx_word' id='word_1_654' title='bbox 1637 4731 1705 4787; x_wconf 92' lang='lat' dir='ltr'><strong>per-</strong></span> 
     </span>
     <span class='ocr_line' id='line_1_101' title="bbox 907 4805 1703 4885; baseline -0.016 -13"><span class='ocrx_word' id='word_1_655' title='bbox 907 4815 993 4872; x_wconf 92' lang='lat' dir='ltr'><strong>missu</strong></span> <span class='ocrx_word' id='word_1_656' title='bbox 1006 4823 1033 4872; x_wconf 89' lang='lat' dir='ltr'><strong>et</strong></span> <span class='ocrx_word' id='word_1_657' title='bbox 1046 4813 1219 4871; x_wconf 90' lang='lat' dir='ltr'><strong>dedicatione</strong></span> <span class='ocrx_word' id='word_1_658' title='bbox 1229 4811 1350 4885; x_wconf 91' lang='lat' dir='ltr'><strong>episcopi</strong></span> <span class='ocrx_word' id='word_1_659' title='bbox 1365 4809 1442 4866; x_wconf 92' lang='lat' dir='ltr'><strong>illius</strong></span> <span class='ocrx_word' id='word_1_660' title='bbox 1457 4808 1522 4866; x_wconf 88' lang='lat' dir='ltr'><strong>loci.</strong></span> <span class='ocrx_word' id='word_1_661' title='bbox 1538 4805 1651 4876; x_wconf 86' lang='lat' dir='ltr'><strong>Quodsi</strong></span> <span class='ocrx_word' id='word_1_662' title='bbox 1664 4805 1703 4860; x_wconf 87' lang='lat' dir='ltr'><strong>ie-</strong></span> 
     </span>
     <span class='ocr_line' id='line_1_102' title="bbox 905 4893 1703 4972; baseline -0.021 -10"><span class='ocrx_word' id='word_1_663' title='bbox 905 4903 984 4972; x_wconf 85' lang='grc'>66611,</span> <span class='ocrx_word' id='word_1_664' title='bbox 1000 4903 1099 4961; x_wconf 87' lang='lat' dir='ltr'><strong>domus</strong></span> <span class='ocrx_word' id='word_1_665' title='bbox 1118 4902 1194 4959; x_wconf 91' lang='lat' dir='ltr'><strong>illius</strong></span> <span class='ocrx_word' id='word_1_666' title='bbox 1216 4901 1275 4958; x_wconf 82' lang='lat' dir='ltr'><strong>fisci</strong></span> <span class='ocrx_word' id='word_1_667' title='bbox 1300 4898 1408 4956; x_wconf 88' lang='lat' dir='ltr'><strong>viribus</strong></span> <span class='ocrx_word' id='word_1_668' title='bbox 1430 4895 1583 4953; x_wconf 90' lang='lat' dir='ltr'><strong>addicatur.</strong></span> <span class='ocrx_word' id='word_1_669' title='bbox 1606 4893 1703 4951; x_wconf 86' lang='lat' dir='ltr'><strong>Comes</strong></span> 
     </span>
     <span class='ocr_line' id='line_1_103' title="bbox 905 4980 1702 5067; baseline -0.015 -19"><span class='ocrx_word' id='word_1_670' title='bbox 905 5009 981 5062; x_wconf 85' lang='lat' dir='ltr'><strong>vero,</strong></span> <span class='ocrx_word' id='word_1_671' title='bbox 997 4993 1045 5067; x_wconf 91' lang='lat' dir='ltr'><strong>qui</strong></span> <span class='ocrx_word' id='word_1_672' title='bbox 1069 4993 1121 5052; x_wconf 92' lang='lat' dir='ltr'><strong>hoc</strong></span> <span class='ocrx_word' id='word_1_673' title='bbox 1138 4992 1278 5064; x_wconf 85' lang='lat' dir='ltr'><strong>cognovit,</strong></span> <span class='ocrx_word' id='word_1_674' title='bbox 1296 4997 1324 5047; x_wconf 90' lang='lat' dir='ltr'><strong>et</strong></span> <span class='ocrx_word' id='word_1_675' title='bbox 1344 5004 1401 5045; x_wconf 91' lang='lat' dir='ltr'><strong>uon</strong></span> <span class='ocrx_word' id='word_1_676' title='bbox 1415 4985 1568 5058; x_wconf 91' lang='lat' dir='ltr'><strong>probibuit,</strong></span> <span class='ocrx_word' id='word_1_677' title='bbox 1591 4980 1702 5055; x_wconf 89' lang='lat' dir='ltr'><strong>publica</strong></span> 
     </span>
     <span class='ocr_line' id='line_1_104' title="bbox 905 5074 1574 5154; baseline -0.018 -15"><span class='ocrx_word' id='word_1_678' title='bbox 905 5082 1067 5154; x_wconf 88' lang='lat' dir='ltr'><strong>poenitentia</strong></span> <span class='ocrx_word' id='word_1_679' title='bbox 1082 5083 1242 5149; x_wconf 91' lang='lat' dir='ltr'><strong>mulctetur,</strong></span> <span class='ocrx_word' id='word_1_680' title='bbox 1257 5079 1301 5137; x_wconf 91' lang='lat' dir='ltr'><strong>vel</strong></span> <span class='ocrx_word' id='word_1_681' title='bbox 1317 5079 1421 5134; x_wconf 90' lang='lat' dir='ltr'><strong>bonore</strong></span> <span class='ocrx_word' id='word_1_682' title='bbox 1440 5074 1574 5148; x_wconf 89' lang='lat' dir='ltr'><strong>privetur.</strong></span> 
     </span>
    </p>
   </div>
   <div class='ocr_carea' id='block_1_44' title="bbox 940 5166 1666 5335">
    <p class='ocr_par' dir='ltr' id='par_1_46' title="bbox 940 5166 1666 5335">
     <span class='ocr_line' id='line_1_105' title="bbox 940 5166 1666 5283; baseline -0.023 -13"><span class='ocrx_word' id='word_1_683' title='bbox 940 5211 1006 5270; x_wconf 79' lang='lat' dir='ltr'><strong>Cre.</strong></span> <span class='ocrx_word' id='word_1_684' title='bbox 1022 5211 1098 5270; x_wconf 79' lang='lat' dir='ltr'><strong>XVI.</strong></span> <span class='ocrx_word' id='word_1_685' title='bbox 1118 5213 1159 5269; x_wconf 87' lang='lat' dir='ltr'><strong>De</strong></span> <span class='ocrx_word' id='word_1_686' title='bbox 1172 5207 1297 5283; x_wconf 70' lang='lat' dir='ltr'><strong>expositis</strong></span> <span class='ocrx_word' id='word_1_687' title='bbox 1311 5204 1459 5276; x_wconf 70' lang='grc'>1616611666</span> <span class='ocrx_word' id='word_1_688' title='bbox 1474 5218 1506 5258; x_wconf 88' lang='grc'><strong>66</strong></span> <span class='ocrx_word' id='word_1_689' title='bbox 1518 5166 1666 5257; x_wconf 82' lang='grc'>6611666666</span> 
     </span>
     <span class='ocr_line' id='line_1_106' title="bbox 1253 5294 1353 5335; baseline -0.03 0"><span class='ocrx_word' id='word_1_690' title='bbox 1253 5294 1353 5335; x_wconf 76' lang='lat' dir='ltr'><strong>aarum</strong></span> 
     </span>
    </p>
   </div>
   <div class='ocr_carea' id='block_1_45' title="bbox 900 5369 1698 5738">
    <p class='ocr_par' dir='ltr' id='par_1_47' title="bbox 900 5369 1698 5738">
     <span class='ocr_line' id='line_1_107' title="bbox 1132 5369 1465 5445; baseline -0.03 -11"><span class='ocrx_word' id='word_1_691' title='bbox 1132 5377 1177 5434; x_wconf 86' lang='lat' dir='ltr'><strong>Ex</strong></span> <span class='ocrx_word' id='word_1_692' title='bbox 1199 5373 1306 5444; x_wconf 87' lang='lat' dir='ltr'><strong>eodem,</strong></span> <span class='ocrx_word' id='word_1_693' title='bbox 1321 5387 1380 5445; x_wconf 90' lang='lat' dir='ltr'><strong>cap.</strong></span> <span class='ocrx_word' id='word_1_694' title='bbox 1405 5369 1465 5426; x_wconf 81' lang='grc'>161.</span> 
     </span>
     <span class='ocr_line' id='line_1_108' title="bbox 939 5475 1698 5559; baseline -0.022 -12"><span class='ocrx_word' id='word_1_695' title='bbox 939 5487 991 5559; x_wconf 88' lang='lat' dir='ltr'><strong>(vr,</strong></span> <span class='ocrx_word' id='word_1_696' title='bbox 1008 5483 1280 5557; x_wconf 78' lang='grc'>112.)61666661166</span> <span class='ocrx_word' id='word_1_697' title='bbox 1294 5488 1357 5538; x_wconf 90' lang='lat' dir='ltr'><strong>ante</strong></span> <span class='ocrx_word' id='word_1_698' title='bbox 1372 5479 1515 5538; x_wconf 85' lang='lat' dir='ltr'><strong>ecclesiam</strong></span> <span class='ocrx_word' id='word_1_699' title='bbox 1534 5475 1698 5550; x_wconf 84' lang='lat' dir='ltr'><strong>cujusquam</strong></span> 
     </span>
     <span class='ocr_line' id='line_1_109' title="bbox 900 5566 1698 5639; baseline -0.015 -7"><span class='ocrx_word' id='word_1_700' title='bbox 900 5575 986 5632; x_wconf 86' lang='grc'>166611</span> <span class='ocrx_word' id='word_1_701' title='bbox 1005 5574 1182 5632; x_wconf 90' lang='lat' dir='ltr'><strong>miseratione</strong></span> <span class='ocrx_word' id='word_1_702' title='bbox 1210 5571 1353 5637; x_wconf 87' lang='lat' dir='ltr'><strong>collectus,</strong></span> <span class='ocrx_word' id='word_1_703' title='bbox 1378 5566 1589 5628; x_wconf 87' lang='lat' dir='ltr'><strong>contestationis</strong></span> <span class='ocrx_word' id='word_1_704' title='bbox 1614 5572 1698 5639; x_wconf 90' lang='lat' dir='ltr'><strong>ponat</strong></span> 
     </span>
     <span class='ocr_line' id='line_1_110' title="bbox 900 5652 1697 5738; baseline -0.015 -18"><span class='ocrx_word' id='word_1_705' title='bbox 900 5663 1045 5738; x_wconf 87' lang='lat' dir='ltr'><strong>epistolam</strong></span> <span class='ocrx_word' id='word_1_706' title='bbox 1057 5680 1064 5720; x_wconf 76' lang='grc' dir='ltr'><em>ι</em></span> <span class='ocrx_word' id='word_1_707' title='bbox 1075 5671 1104 5721; x_wconf 88' lang='grc'><strong>61</strong></span> <span class='ocrx_word' id='word_1_708' title='bbox 1118 5663 1142 5721; x_wconf 88' lang='grc'><strong>61</strong></span> <span class='ocrx_word' id='word_1_709' title='bbox 1156 5661 1240 5737; x_wconf 90' lang='lat' dir='ltr'><strong>isqui</strong></span> <span class='ocrx_word' id='word_1_710' title='bbox 1254 5660 1387 5722; x_wconf 85' lang='lat' dir='ltr'><strong>collectus</strong></span> <span class='ocrx_word' id='word_1_711' title='bbox 1400 5666 1442 5717; x_wconf 82' lang='lat' dir='ltr'><strong>est</strong></span> <span class='ocrx_word' id='word_1_712' title='bbox 1451 5658 1526 5717; x_wconf 89' lang='lat' dir='ltr'><strong>intra</strong></span> <span class='ocrx_word' id='word_1_713' title='bbox 1535 5655 1628 5715; x_wconf 89' lang='lat' dir='ltr'><strong>decem</strong></span> <span class='ocrx_word' id='word_1_714' title='bbox 1639 5652 1697 5710; x_wconf 90' lang='lat' dir='ltr'><strong>dies</strong></span> 
     </span>
    </p>
   </div>
   <div class='ocr_carea' id='block_1_46' title="bbox 0 0 1922 6136">
    <p class='ocr_par' dir='ltr' id='par_1_48' title="bbox 0 0 1922 6136">
     <span class='ocr_line' id='line_1_111' title="bbox 0 0 1922 6136; baseline 0 6"><span class='ocrx_word' id='word_1_715' title='bbox 0 0 1922 6136; x_wconf 95' lang='lat' dir='ltr'><strong> </strong></span> 
     </span>
    </p>
   </div>
  </div>
 </body>
</html>
