3834 6136
70 273 120 333 537
592 270 910 330 nantinonocttttt.
931 306 966 318 -
984 275 1088 334 MENS.
1110 276 1206 333 SEPT.
1677 281 1732 337 538

78 425 80 429 ,
102 400 228 457 Renes.
252 395 301 452 SS.
325 396 446 478 Timcih.
467 405 497 479 et
516 398 628 478 Apoll:
661 400 716 455 «lii
740 399 874 458 suburbio
889 406 915 464 Α
928 418 1043 475 scopum
1057 410 1085 459 et
1099 403 1295 471 contessorem,
1312 403 1360 476 qui
1373 404 1475 460 colitur
1489 421 1529 460 vii
1552 404 1728 475 Novembris,

69 470 207 537 demensi,-
230 468 321 524 natale
336 476 423 525 sancti
437 468 530 524 lovini
545 470 721 528 contessoris.
739 497 749 519 »
936 476 991 530 «ln
1006 475 1111 544 Africa,
1127 475 1258 543 Victoris,
1270 474 1385 541 Urbani,
1395 475 1529 548 Sapargii.
1541 476 1663 547 Etalibi,
1680 480 1728 536 Fe-

101 545 331 624 Aeuieeuqrrsu.
346 558 352 596 :
376 563 392 623 ι,
402 540 504 597 Eodem
519 540 574 610 die,
597 541 733 600 adventus
749 545 874 628 corporis
928 545 1001 614 licis,
1016 546 1159 603 Ammonii
1173 554 1201 603 et
1214 546 1298 604 Casti.
1315 545 1482 616 Antiochiae,
1496 546 1680 620 Cheugenii.»
1697 552 1728 615 ln

68 616 147 694 beati
159 613 262 670 Felicis
277 620 417 694 martyris.
435 637 444 660 ·
465 614 504 669 lle
518 629 573 695 quo
588 614 679 672 Felice
691 624 787 688 agatur
800 624 874 674 inter
928 617 1153 690 llieronymianie
1164 625 1277 677 vocatur
1293 619 1493 690 dispensaret
1509 620 1666 702 l'hesiqeries,
1685 620 1729 677 iel

68 695 109 744 tot
123 685 250 757 ejusdem
265 700 391 740 nominis
404 692 514 741 sanctos
529 701 636 757 ignoro.
931 690 1150 761 Theophrasto
1174 714 1184 737 ι
1199 690 1312 748 Gerardi
1328 689 1435 746 abbatis
1449 691 1609 747 Broniensis
1623 698 1650 747 et
1663 707 1727 748 con·

100 756 197 814 Editio
219 755 411 814 huneco-Coc.
428 773 434 811 t
459 780 468 803 ‹
485 757 568 829 Apud
587 758 717 832 antiquos
739 760 872 828 Saxones,
928 760 1050 817 tesseris.
1065 762 1147 834 Apud
1163 761 1320 825 Warindas,
1333 761 1404 818 beati
1421 761 1578 835 (landulphi
1590 762 1727 820 confossu-

68 830 158 887 natale
188 834 349 909 sanctorum
375 836 528 900 martyrum
553 828 671 886 duomm
694 830 872 888 Ewaldurum
928 832 976 891 rie.
993 832 1170 905 Scopilionis,
1180 833 1411 905 archipresbyteri
1423 842 1450 888 et
1459 834 1634 890 contessoris.
1647 834 1729 907 Apud

68 903 197 958 fratrum.
214 900 269 967 Qui
286 915 349 955 cum
366 908 456 957 essent
469 899 621 972 presbyteri
632 909 659 958 et
670 901 818 976 praedicere
834 901 873 958 ibi
928 905 1125 960 monasterium
1144 905 1342 973 Werdenense,
1369 905 1511 960 translatio
1533 905 1620 961 sancti
1646 905 1726 962 Lud-

68 973 212 1032 Cbristum
228 987 271 1028 cui
290 971 387 1038 issent,
402 971 592 1043 comprehensi
607 979 702 1028 sunta
717 974 828 1045 paganis
845 981 873 1030 et
928 974 1016 1047 gberi,
1033 976 1152 1048 episcopi
1169 976 1252 1049 primi
1267 976 1490 1032 hlonasterieneis
1504 984 1531 1032 et
1550 977 1726 1046 confessoris,

67 1044 149 1101 occisi
174 1050 202 1100 et
218 1043 247 1098 iri
263 987 381 1124 linium
402 1043 470 1098 lieni
497 1042 622 1115 projecti.
647 1044 735 1117 Super
755 1061 872 1126 quorum
927 1047 1034 1117 prelati
1060 1048 1217 1104 monasterii
1241 1047 1405 1115 fundatoris,
1422 1047 1450 1102 in
1470 1064 1525 1119 quo
1541 1056 1569 1106 et
1588 1048 1728 1105 revelante

67 1132 184 1196 serpen
196 1114 286 1171 multa
300 1113 349 1170 diu
364 1113 413 1195 ΙιικΙ
424 1121 509 1170 noetii
523 1130 666 1195 apparens,
678 1124 706 1171 et
720 1116 767 1172 ubi
782 1125 872 1174 esseut
927 1119 1057 1187 Domino,
1072 1137 1100 1174 se
1114 1119 1187 1175 diem
1199 1120 1332 1190 generalis
1348 1120 1558 1177 resurrectionis
1580 1127 1728 1191 exspecta-

67 1196 91 1244 et
106 1203 191 1260 cuyuii
207 1194 299 1242 essent
318 1192 411 1241 meriti
425 1184 587 1243 declaravit.
608 1187 732 1254 Quomm
756 1203 873 1259 corpore
926 1196 1020 1245 turum
1037 1196 1259 1260 praecognovit·
1284 1189 1356 1248 Vide
1376 1189 1451 1246 diem
1473 1189 1533 1261 ejus
1555 1192 1675 1248 natalem
1698 1191 1727 1248 iii

66 1258 161 1317 fluxus
176 1274 234 1314 nen
248 1255 404 1324 absorbuit,
421 1256 468 1312 sed
490 1256 577 1314 retluo
600 1275 684 1315 cursu
706 1275 755 1331 per
778 1275 873 1330 passus
926 1260 1005 1316 Actis
1020 1261 1055 1318 26
1071 1261 1174 1318 Martii.

66 1330 123 1386 iere
138 1329 325 1404 quadraginta
340 1327 439 1396 millia,
453 1329 603 1386 comitante
621 1346 668 1386 eos
688 1331 750 1387 luce
764 1331 870 1400 divina,
961 1333 1090 1389 Monam:
1116 1356 1125 1379 ι
1145 1334 1182 1388 Et
1206 1333 1236 1389 iii
1259 1332 1362 1388 bronio
1386 1332 1563 1400 monasterio,
1587 1333 1677 1389 natale
1700 1342 1727 1390 et

67 1417 158 1474 nsque
171 1399 318 1480 Coloniam
334 1398 472 1470 provexit,
487 1400 535 1456 iibi
554 1401 614 1474 ipsa
627 1418 743 1474 corpora
755 1401 871 1458 Sancto·
927 1404 1070 1460 translatio
1081 1405 1170 1461 saneti
1190 1403 1304 1461 Gerardi
1317 1404 1434 1472 abbatis,
1453 1405 1501 1477 qui
1516 1411 1580 1486 pust
1596 1404 1726 1462 militiam

67 1488 132 1529 rum
147 1489 163 1528 a
176 1471 375 1546 Pippinoduce
385 1471 564 1539 Francorum,
576 1472 703 1546 quitunc
716 1475 870 1530 Romanum
928 1476 1117 1546 temporalem,
1142 1475 1246 1533 Christi
1266 1475 1405 1548 tyrocinio
1431 1483 1614 1546 mancipatus,
1642 1475 1726 1548 hujus

68 1551 212 1615 sceptrum
227 1542 343 1615 regebat,
368 1559 432 1599 cum
452 1543 583 1600 universo
606 1546 680 1601 clero
701 1545 732 1601 in
755 1545 872 1602 ecclesia
926 1547 1085 1602 monasterii
1100 1547 1231 1603 tundatur
1244 1547 1353 1602 sustitit
1365 1546 1725 1618 mimusjussionebaatu·

70 1616 164 1672 uncti
179 1613 324 1673 Clementis
333 1612 416 1685 juxta
427 1629 525 1670 renum
542 1616 641 1687 porita,
665 1616 802 1688 condigna
818 1632 865 1672 ve·
925 1632 986 1672 rum
1001 1618 1189 1689 apostolorum
1204 1619 1276 1679 Petri
1291 1627 1318 1675 et
1332 1618 1419 1674 Pauli.
1435 1618 1487 1675 llic
1499 1625 1603 1698 postea,
1614 1627 1726 1674 auctore

70 1686 216 1742 neratione
228 1684 339 1741 wudita
352 1692 427 1741 sunt,
439 1686 507 1742 Item
523 1686 594 1758 apud
603 1687 730 1760 antiquos
738 1687 869 1756 Saxones,
925 1687 1038 1745 Christo
1053 1689 1106 1746 tuit
1120 1697 1197 1769 pater
1211 1698 1238 1745 et
1248 1688 1333 1744 abbas
1346 1705 1395 1744 sex
1405 1688 1606 1746 cenobiorum.
1619 1689 1725 1761 Corpus

66 1757 160 1813 musti
179 1755 352 1837 willibrordi
367 1772 382 1811 e
402 1756 489 1828 iacopi
504 1765 531 1813 et
547 1758 688 1830 martyris.
703 1785 712 1808 .
740 1759 872 1833 Sequitur
886 1760 910 1819 B
926 1758 985 1830 eius
1003 1760 1031 1814 in
1042 1760 1147 1816 Bronio
1159 1760 1285 1832 quiescit.
1298 1761 1329 1815 In
1344 1776 1413 1840 pago
1428 1760 1625 1828 buterimeusi,
1636 1760 1724 1818 sancti

66 1826 100 1883 de
117 1828 255 1900 Dionysio
269 1836 297 1884 et
311 1826 369 1885 Caii
389 1827 448 1894 ido,
461 1844 538 1900 pure.
555 1829 644 1885 lum:
668 1855 677 1879 ι
697 1830 779 1901 ltpud
799 1831 872 1886 wi·-
925 1830 1021 1886 luvini
1045 1831 1245 1888 contessoris·
1275 1831 1420 1888 Editiones
1443 1832 1608 1904 posteriores
1629 1830 1723 1888 endem

64 1898 172 1967 undae,
199 1899 274 1955 beati
299 1898 410 1956 Gandul
428 1899 457 1955 hi
490 1900 665 1957 contessoris.
680 1902 784 1958 Eodem
813 1902 869 1972 die,
925 1902 1288 1975 relemntquebabentiir
1311 1902 1341 1958 in
1364 1902 1577 1973 primusomne
1597 1901 1722 1958 addunt:

64 1979 226 2028 mucterum
240 1969 342 2027 Felicis
356 1979 383 2026 et
420 1973 472 2027 asti
488 1981 652 2044 martyrum.
670 1974 731 2045 lpse
745 1973 800 2041 die,
816 1972 870 2030 de-
930 1973 1089 2042 iblosonii,
1105 1974 1241 2031 festivitas
1259 1973 1330 2029 beati
1344 1972 1484 2045 Arnulpbi
1504 1974 1670 2045 martyris·
1692 1975 1724 2029 ln

114 2041 168 2099 itio
182 2042 272 2100 musti
288 2041 425 2098 Madalnei
440 2043 561 2115 episcopi
573 2043 756 2101 virdunensis
765 2053 792 2100 et
805 2061 870 2101 cun·
925 2043 978 2101 hoo
1003 2061 1069 2100 vero
1086 2045 1201 2117 apriori
1220 2044 1364 2112 differunt,
1386 2044 1460 2117 quod
1482 2043 1724 2100 annuntiationem

75 2113 188 2171 erroris.
203 2137 212 2161 ι
238 2114 279 2170 lle
305 2114 488 2170 translatione
509 2114 599 2172 musti
619 2115 749 2189 Ludgeri,
774 2116 870 2172 eadem
924 2116 1052 2188 Dionysii
1066 2124 1170 2190 ponant
1183 2124 1245 2190 post
1259 2116 1433 2184 Auctarium,
1447 2115 1493 2173 cui
1507 2114 1607 2172 litteris
1621 2115 1725 2172 Italicis

64 2183 221 2258 habetque
235 2187 398 2242 Armenii.
413 2202 506 2266 snpra.
924 2187 1050 2244 insemnt
1075 2196 1289 2260 cognomentum
1316 2189 1388 2244 Areo
1445 2188 1492 2243 te.
1524 2187 1722 2260 Frequentiuin

101 2255 252 2314 Gaium:
277 2256 380 2329 repud
393 2267 522 2330 antiquos
536 2259 668 2326 Saxones,
678 2258 766 2315 sancti
776 2258 869 2316 Willi·
924 2257 1331 2330 hujusmodiverieticnumau
1346 2275 1378 2314 su
1410 2273 1486 2314 ciens
1500 2258 1529 2314 iii
1545 2256 1644 2313 barum
1658 2257 1724 2314 edi-

64 2327 161 2385 brerdl
176 2326 300 2401 episcopi
315 2336 342 2384 et
358 2329 498 2400 martyris.
515 2354 525 2381 ι
550 2331 592 2386 lta
605 2330 687 2386 etiam
757 2330 799 2386 uit
812 2330 868 2386 edi·
924 2330 1031 2385 tionum
1046 2331 1208 2403 prelatione
1227 2330 1297 2385 ratio
1314 2328 1454 2394 reddatur,
1478 2329 1595 2384 aliorum
1615 2327 1723 2399 judicio

63 2398 106 2456 tio
121 2399 315 2458 busaeo-Con.
328 2416 360 2456 sn
381 2416 420 2468 re,
436 2400 484 2457 sed
497 2401 584 2457 alium
594 2401 701 2473 egoWi
725 2401 867 2457 ibrcrdum
923 2401 1060 2473 relinque.
1076 2401 1128 2458 llic
1141 2403 1239 2459 saltem
1255 2400 1321 2458 satis
1336 2407 1490 2473 opportune
1506 2399 1662 2456 emendatio
1676 2415 1722 2472 ap·

65 2487 122 2528 uon
137 2471 216 2542 novi,
232 2487 314 2545 quain
327 2417 464 2529 cefebrem
484 2473 564 2529 illum
586 2472 786 2545 'l'rajecteusem
805 2473 869 2547 epi·
922 2471 1013 2544 posite
1026 2480 1077 2529 est.

64 2643 104 2702 Ν
122 2645 193 2702 Nori.
1628 2638 1710 2704 Diels

100 2733 184 2809 Apud
191 2729 371 2797 Corinthum,
378 2729 625 2792 natalisbeatorum
634 2729 725 2805 Crispi
733 2739 760 2789 et
768 2729 965 2806 Caii,qiiomm
976 2732 1103 2789 meminit
1113 2739 1224 2789 sanctus
1233 2730 1336 2788 Paulus
1343 2728 1487 2802 apostolus
1496 2725 1723 2795 Corinthiisscri·

61 2825 140 2882 bene.
150 2824 322 2896 lnAEgypto,
334 2821 583 2879 sanctornmblarci
591 2828 618 2877 et
627 2820 759 2879 biarcieni
767 2821 895 2893 fratrum,
906 2825 1127 2882 etaliorumonm
1138 2824 1178 2880 sis
1188 2819 1445 2886 innumerabilium,
1453 2835 1508 2876 non
1517 2816 1658 2874 inferioris
1666 2816 1721 2889 glo·

62 2914 121 2982 riae,
137 2914 286 2989 utriusque
299 2928 382 2969 sertus
396 2920 478 2985 atque
488 2914 593 2978 etatis,
613 2927 730 2983 qnorum
742 2912 791 2967 alii
807 2921 868 2984 post
884 2912 997 2970 verbera
1011 2922 1038 2971 et
1048 2913 1150 2971 dirersi
1165 2910 1272 2989 generis
1282 2908 1429 2965 horribiles
1436 2908 1587 2976 cruciatus,
1599 2906 1719 2964 dammis

61 3005 160 3064 traditi
175 3011 252 3074 sunt,
268 3004 316 3070 alii
332 3004 451 3064 inmare
464 3001 639 3077 precipitati,
655 3002 784 3059 nonnulli
802 3004 885 3060 etiam
908 3004 997 3078 capite
1008 3004 1081 3075 cesi,
1098 2989 1212 3080 plurimi
1226 3000 1320 3057 inedia
1333 2998 1501 3071 consumpti,
1517 2997 1566 3057 alii
1582 2995 1720 3071 patibulis

60 3094 153 3163 affixi,
170 3093 282 3168 quidum
298 3093 376 3153 etiam
388 3091 478 3165 capite
493 3091 622 3151 deorsum
638 3109 741 3165 presso,
757 3092 915 3164 etpedibus
930 3092 1091 3154 insublime
1108 3091 1235 3158 sublatis,
1245 3087 1433 3152 beatissimam
1443 3086 1580 3161 passionis
1588 3100 1719 3150 coronarii

60 3191 237 3241 meruerunt.
254 3181 370 3241 Ciuitate
380 3182 512 3251 Perisius,
527 3188 628 3239 sancte
642 3185 740 3238 Aurea
754 3181 884 3253 virginis.
1259 3191 1263 3196 ’
1729 3169 1733 3178 ’

826 3294 946 3357 NOTAE.

94 3402 160 3459 Puri
175 3407 241 3462 sunt
253 3400 377 3470 Protea,
393 3396 808 3471 Hmnua.,1teiserp.-tlejsr,
827 3355 939 3452 orem}
952 3402 980 3453 et
994 3395 1097 3454 Melea.

672 3521 877 3590 vanientes
896 3519 1103 3588 Lectiones

96 3625 237 3684 comatum
270 3622 346 3680 osuit
358 3623 498 3680 llerinier.
511 3624 563 3681 Sed
577 3631 650 3680 reete
664 3638 693 3679 ee
706 3620 819 3693 corrigit
830 3620 859 3676 in
873 3617 899 3680 G
913 3619 1023 3691 scripsit
1037 3615 1178 3674 llerinien.
1201 3615 1285 3687 sepite
1298 3613 1421 3669 densam
1438 3626 1525 3693 aerae,
1547 3610 1596 3668 sed
1618 3610 1718 3694 melius

61 3696 218 3755 Corinthii.
234 3640 310 3752 lSem
321 3695 418 3752 scribit
433 3696 576 3762 Mertiaai,
586 3695 634 3752 sed
645 3693 693 3750 alii
708 3699 859 3774 cumtextu
913 3707 977 3747 cum
993 3689 1098 3757 Adone,
1112 3688 1196 3761 capite
1210 3688 1444 3770 mersumpreseo,
1460 3682 1519 3745 ubi,
1535 3697 1628 3738 errore
1649 3699 1716 3754 opi-

57 3776 223 3826 consonant.
237 3768 318 3824 Solus
333 3767 470 3823 Pratensis
484 3767 549 3848 legit
562 3768 697 3822 cruciatos
706 3764 858 3822 horribiles.
914 3778 966 3818 nor
981 3760 1142 3834 typothetae,
1155 3775 1217 3843 'pro
1246 3758 1366 3840 quidqu,
1383 3755 1470 3836 'habet
1483 3754 1584 3818 Molee.
1601 3755 1716 3837 quidem,

58 3839 170 3896 Luxata
182 3845 258 3894 erant
271 3839 301 3894 iii
316 3838 537 3911 Antuerp.-blay.
554 3838 612 3904 hec
626 3837 719 3907 verba,
735 3835 861 3894 nonnulli
913 3833 962 3889 ubi
977 3834 1058 3916 paulo
1072 3839 1136 3888 ante
1149 3832 1239 3914 iaedte
1249 3846 1302 3959 Ero
1317 3829 1405 3912 inedie
1418 3827 1673 3910 :scrupulosusest
1688 3842 1717 3882 in

57 3911 141 3966 etiem
163 3909 246 3981 cupite
267 3912 338 3977 cesi,
363 3926 413 3983 pro
435 3909 536 3983 quibus
559 3909 709 3980 legebatur,
733 3925 786 3963 nori
805 3908 861 3965 siae
913 3905 1031 3960 Parisiis
1044 3905 1236 3977 proPorirrtis.
1274 3902 1372 3982 edati,
1389 3899 1462 3980 Geir,
1474 3898 1547 3979 dqyl,
1562 3899 1638 3970 Cupi,
1652 3905 1716 3967 etc,

56 3983 138 4038 etiam
151 3981 235 4053 eapite
250 3982 325 4036 euri:
343 3997 394 4037 riec
409 3997 520 4036 sensum
539 3996 639 4052 pirrum
664 3978 785 4035 reddidit
799 3978 857 4051 qni,
913 3976 979 4033 alibi
995 3976 1101 4034 dictum
1116 3983 1157 4034 est
1171 3973 1288 4049 sepius:
1305 3971 1414 4033 codices
1436 3968 1491 4025 eibi
1507 3986 1563 4026 nori
1578 3976 1716 4027 constant.

57 4052 156 4110 deletis
169 4070 224 4109 noe
234 4052 300 4121 siae,
312 4052 457 4109 substituit
472 4052 524 4108 olii
538 4052 627 4120 etiem,
643 4058 697 4109 etc.
712 4051 773 4108 Nori
789 4050 860 4106 male

731 4171 1037 4235 oesnnvniiotlus

89 4278 130 4333 De
148 4276 256 4358 Crispo,
267 4275 343 4350 prius
354 4274 582 4358 archisynagogo,
593 4275 723 4347 praeclara
735 4274 766 4330 ht
783 4290 856 4330 men·
911 4271 1145 4351 rsinr'netornm
1166 4281 1227 4338 eep.
1253 4264 1328 4321 xix?
1342 4263 1393 4319 Sed
1415 4261 1474 4318 hec
1493 4261 1607 4318 alterius
1621 4263 1676 4322 loci
1691 4273 1718 4322 et

56 4347 94 4404 tio
108 4348 140 4403 in
155 4348 273 4404 Actibus
286 4348 583 4420 apostolerum,capite
597 4363 679 4402 xviii.
692 4346 855 4420 Coioshpo-
911 4339 955 4396 dis
996 4344 1216 4418 isitionissunt.¹
1395 4403 1401 4414 ⁴
1524 4402 1530 4414 ·
1572 4402 1577 4414 ι
1636 4402 1642 4413 ⁴

54 4419 119 4475 stoli
133 4418 236 4493 bospes
250 4418 417 4493 exprimitur
437 4419 537 4474 ultimo
560 4418 649 4492 capite
668 4415 799 4490 Epistulae
821 4414 855 4471 ad
975 4417 1101 4466 arceret
1130 4409 1286 4489 Marcionita
1309 4405 1344 4462 ab
1368 4402 1718 4484 Hieronymianisdtserte
1804 4450 1809 4456 .

55 4490 204 4548 Romanos.
216 4490 370 4546 Amborum
380 4488 585 4561 conjunctionis
594 4504 703 4545 causam
713 4487 854 4554 existimo,
910 4482 1003 4556 positi,
1019 4489 1061 4537 tot
1071 4481 1301 4559 characteristicis
1312 4494 1327 4532 a
1337 4477 1428 4554 Marco
1441 4482 1468 4529 et
1482 4474 1658 4555 Marcelliano
1676 4491 1716 4530 se-

72 4561 129 4618 uod
144 4561 227 4618 ambo
241 4562 294 4619 soli
308 4560 342 4617 ab
356 4562 490 4634 Apostolo
502 4561 632 4633 baptizati
652 4559 780 4621 dicantur
794 4560 806 4615 I
820 4557 854 4615 ad
909 4560 1071 4634 cernuntur,
1086 4560 1118 4633 Iti
1134 4550 1237 4606 mitum
1248 4547 1427 4631 ,iliwssfffldl
1443 4544 1701 4627 ll⁰l¹¹¹³³02R²b³¹¹¹l

54 4576 116 4690 gor.
136 4650 156 4689 ι.
171 4633 263 4706 Atque
282 4632 346 4688 inde
361 4632 446 4689 terme
461 4632 582 4689 eruenda
595 4640 660 4688 sunt
675 4648 735 4705 quae
750 4631 779 4686 iii
802 4645 855 4686 eo·
908 4625 1006 4682 scribit
1019 4625 1103 4704 diurn
1118 4631 1145 4703 et
1161 4623 1335 4687 diceremur,
1352 4635 1412 4692 qiioe
1422 4633 1632 4674 amanuensium
1644 4633 1702 4698 ¹osci

53 4719 114 4759 rnin
130 4704 242 4761 landem
261 4704 416 4761 indubitate
431 4704 527 4760 referri
538 4712 666 4785 possunt.
688 4703 780 4759 Prima
802 4718 854 4758 eo·
908 4696 1002 4754 tantiae
1030 4694 1204 4751 ascribimus
1239 4694 1400 4776 Romanum
1429 4704 1545 4771 parvum
1571 4690 1714 4748 breviter:

51 4791 114 4831 riim
140 4775 171 4831 in
192 4776 397 4847 Martyrologiis
429 4791 562 4832 memoria
589 4774 704 4830 debetur
729 4774 852 4832 Romano
907 4769 989 4849 alpad
1002 4768 1158 4838 AEpppiom,
1174 4767 1447 4848 Met'ttflfflawwl}
1461 4760 1592 4845 fraitun.
1609 4778 1719 4842 limile

51 4861 151 4918 parvo,
169 4847 217 4902 ubi
229 4847 393 4919 simpliciter
405 4847 565 4919 signantur:
581 4845 662 4917 Apud
684 4847 851 4913 Corinthum,
907 4857 944 4895 eir
966 4841 1113 4898 innumere
1133 4838 1325 4920 multitudiuis.
1348 4835 1454 4892 Adonis
1477 4850 1634 4891 encomium
1653 4841 1719 4890 satis

53 4917 147 4989 Crispi
161 4925 185 4972 et
201 4919 274 4975 Caii.
291 4918 369 4986 Quod
385 4918 431 4976 hio
446 4918 475 4972 iri
500 4924 578 4974 textu
595 4917 799 4989 superadditur,
819 4916 853 4971 ab
906 4921 998 4983 aperte
1013 4927 1048 4966 ex
1062 4910 1180 4991 Eusebii·
1191 4910 1239 4991 lib.
1255 4926 1320 4991 yth,
1338 4924 1398 5034 ssaqt·
1418 4906 1445 4974 8,
1468 4905 1648 4977 desumptum
1663 4911 1715 4981 0⁸¹2

50 4988 151 5045 Adone
165 4988 327 5062 adjunctum
343 4998 402 5057 est,
422 5006 438 5044 a
458 4989 557 5045 Nostro
581 4990 670 5061 plene,
693 5006 709 5044 a
731 4989 852 5045 thkero
906 4983 976 5054 apud
1005 4999 1087 5064 quein
1112 4982 1228 5063 gloriosi
1254 4981 1296 5035 illi
1326 4979 1372 5035 ath
1387 4985 1441 5058 etse
1460 4992 1558 5032 omnes
1583 4988 1717 5056 anonymi

50 5059 109 5116 lere
133 5060 317 5133 descriptum,
337 5060 372 5116 iis
391 5060 523 5132 neglectis
544 5076 604 5133 quae
650 5067 728 5115 rreter
750 5060 808 5116 baec
823 5060 851 5114 iii
906 5061 1039 5122 sunt,ut1
1055 5054 1144 5110 etalii
1162 5052 1197 5107 ab
1221 5051 1315 5132 eodem
1340 5050 1460 5131 Eusebio
1480 5054 1605 5128 sequenti
1630 5049 1720 5114 capite

49 5131 267 5190 Festivitatibus
289 5132 477 5205 apostolorum
499 5131 573 5187 idem
598 5076 658 5187 ab
676 5131 856 5187 commiscere
869 5131 894 5190 D
909 5123 1073 5182 enumerati.
1092 5124 1234 5180 Caeterum
1251 5132 1290 5179 ita
1304 5137 1405 5192 passim
1425 5117 1583 5197 admittitur
1597 5115 1669 5169 iacta
1684 5111 1719 5193 ab

48 5202 129 5258 risus
145 5212 196 5260 est.
211 5204 322 5261 Etenim
339 5212 394 5259 tres
408 5202 488 5261 Caius
503 5202 690 5275 apostolorum
704 5201 771 5258 disci
794 5203 855 5257 ulos
910 5196 1008 5276 Adone
1031 5194 1065 5250 ad
1088 5193 1164 5275 ‚duos
1193 5193 1275 5250 hosce
1300 5189 1609 5268 martyresapplicatio,
1625 5194 1717 5265 utqui

47 5272 275 5348 distinguendos,
301 5274 460 5331 verosimile
483 5281 540 5341 est;
566 5272 642 5331 hunc
663 5289 762 5345 nempe
776 5218 856 5332 bauli
910 5282 969 5323 eam
984 5282 1013 5324 iii
1028 5264 1146 5346 dubium
1165 5272 1288 5345 revocet,
1300 5262 1432 5319 hactenus
1448 5273 1602 5314 invenerim
1624 5271 1718 5313 iiemi·

47 5343 202 5418 hospitem,
224 5347 260 5404 ad
283 5348 362 5405 lieni.
388 5363 413 5402 c.
437 5362 497 5413 xvi,
521 5346 640 5400 alterum
665 5345 804 5408 Derbiiini,
829 5351 856 5400 et
911 5353 985 5402 neni,
1008 5338 1077 5395 Eam
1092 5352 1179 5409 ipsam
1194 5343 1282 5393 secuti
1297 5327 1718 5414 euniusuarouseiriousrus,

47 5415 142 5488 ipsum
156 5417 236 5474 Pauli
252 5417 433 5490 discipulum,
449 5417 496 5545 qni
516 5417 578 5474 Act.
597 5433 636 5471 nx
656 5417 729 5474 clare
750 5415 858 5471 distin·
911 5408 960 5490 ille
980 5406 1148 5489 phrasimlin
1166 5413 1243 5463 textu
1265 5405 1417 5486 elegantius
1435 5399 1611 5482 contrahens,
1635 5415 1717 5473 quam

47 5489 156 5559 guitur,
171 5498 199 5545 et
212 5490 329 5546 tertium
345 5490 452 5544 illnma
481 5504 563 5562 quein
573 5488 694 5544 loannes
703 5486 856 5558 Epistulam
912 5489 1050 5561 isto,·qui
1078 5486 1161 5535 etiam
1189 5477 1393 5535 Marcellianum
1420 5488 1469 5546 pro
1494 5469 1718 5554 Messeneque

48 5574 128 5616 suam
144 5561 258 5617 tertiani
281 5562 421 5626 destinat,
438 5560 468 5615 in
492 5575 546 5632 quo
570 5558 696 5615 Adonem
719 5558 860 5614 aberrasse
913 5559 1016 5608 stituit.
1042 5548 1258 5610 wandelbertus
1280 5545 1354 5612 scios
1384 5544 1482 5611 frallei
1515 5541 1560 5614 illi
1590 5542 1718 5609 Wltbltt

48 5632 185 5689 nonnulli
195 5633 308 5701 volunt,
318 5632 385 5689 dum
400 5630 531 5704 ultimum
542 5646 605 5696 cum
639 5630 709 5685 rimo
719 5628 857 5701 contudit,
913 5630 1049 5695 exornat:

48 5707 81 5781 ut
98 5717 136 5759 ex
149 5720 182 5760 eo
192 5703 267 5760 Beda
281 5700 486 5784 supposititius,
496 5701 563 5760 hiric
572 5647 699 5758 Mcfaiins
707 5698 797 5758 textui
808 5717 859 5757 suo

50 5782 194 5856 auserunt.
213 5774 288 5843 Quid
301 5792 324 5832 si
335 5780 362 5830 et
374 5773 475 5847 aliquis
481 5773 592 5855 dubitet
602 5781 696 5855 utrum
710 5770 800 5828 tribus
813 5771 859 5830 ad·
960 5789 1065 5851 Marciis
1075 5787 1275 5856 marcianusque
1287 5801 1333 5840 etio
1349 5785 1458 5854 iruplent
1470 5799 1576 5838 munere
1587 5790 1716 5859 quartum,

44 5859 100 5919 yser
115 5854 233 5920 quartus
246 5862 303 5904 non
317 5845 425 5914 debeat,
441 5860 490 5919 qui
502 5842 742 5904 cumbristercbo
754 5859 860 5904 inemo·
961 5847 1093 5915 (termine,
1111 5851 1242 5918 martyrio,
1263 5858 1354 5903 natura
1368 5857 1395 5902 et
1411 5850 1501 5902 meere
1517 5849 1624 5900 natus.
