3834 6136
78 203 126 261 tol
485 158 487 162 Ι
605 202 923 262 unuttttouoctuu.
944 236 979 247 -
994 206 1097 265 MENS.
1119 209 1202 266 AUG.

1684 218 1737 278 toa

79 329 199 404 templis,
230 329 393 387 arctissima
409 329 473 387 vitae
500 344 529 386 se
542 327 629 397 dedit,
652 328 724 401 apnd
739 330 879 402 prefatam
894 334 920 395 Α
938 332 1090 402 martyris·
1113 333 1152 388 De
1164 332 1286 402 iuliano,
1302 341 1333 389 ut
1347 349 1439 406 supra.
1451 334 1527 392 DeS.
1538 335 1690 407 Ludoxico,
1705 350 1737 399 ut

78 402 184 460 urbem.
195 400 565 459 Factusdeindemultornm
583 400 781 458 monachorum
792 410 878 475 pater,

79 476 175 549 plenus
197 472 365 542 sanctitatis,
389 472 469 528 beato
492 473 521 528 in
545 472 663 529 Domino
689 473 743 531 fine
762 474 878 546 quievit.

79 545 172 604 Aradii
188 544 297 602 abbatis
312 553 340 601 et
362 543 465 600 tustini
489 543 632 618 presbiteri
656 553 683 602 et
704 546 877 603 confessoris.

78 617 212 676 Ludovici
223 616 297 689 regis
307 616 430 674 Francia
440 623 467 672 et
477 616 652 685 confessoris,
665 632 768 688 magna
778 618 878 674 sancti·

79 689 139 747 tatis
154 688 220 746 siri.
236 688 288 748 Cui
308 705 372 745 cum
391 687 514 744 Blancha
531 695 616 744 mater
626 687 722 744 sedulo
735 689 838 745 diceret
851 707 879 746 se

77 762 157 819 malle
166 778 231 818 eum
244 770 363 816 mortem
377 761 552 831 temporalem
573 760 722 828 incurrere,
738 777 820 833 quam
832 777 880 832 per

76 835 110 891 ali
131 833 186 890 uod
217 840 358 905 pareatum
392 832 507 887 mortale
544 831 699 890 Creatorem
729 833 876 902 offendere,

76 921 121 962 ter
173 904 252 961 illius
272 905 311 960 ita
330 904 369 976 pii
389 903 441 958 filii
459 905 617 976 praecordiis
642 903 825 969 adhaeserunt,
847 912 878 960 ut

76 993 215 1050 nunquam
233 976 351 1032 mortale
366 983 508 1048 peccatum
527 974 671 1030 admisisse
690 975 875 1047 perhibeatur.

76 1049 137 1106 Post
150 1048 239 1104 multa
251 1047 363 1104 taudem
384 1045 493 1118 pietatis
505 1047 606 1114 studia,
630 1063 692 1103 cum
703 1046 759 1118 jaro
776 1063 876 1103 secun-

75 1120 133 1177 dam
144 1119 461 1192 pararetprofectionem
473 1119 502 1173 in
511 1119 667 1175 subsidium
680 1129 874 1185 terassonam,

75 1188 173 1264 inipso
188 1191 321 1249 itinerea
348 1191 468 1248 Domino
493 1199 617 1260 vocatus,
642 1196 741 1245 terram
757 1191 876 1247 cmlestis

75 1263 268 1337 promissionis
281 1262 408 1319 intravit.
426 1262 582 1318 Translatio
596 1261 695 1333 capitis
709 1261 781 1318 beati
796 1263 875 1319 Lucii

75 1351 147 1464 papas
159 1334 292 1407 martyris
301 1334 336 1390 ab
350 1333 416 1390 urbe
427 1334 513 1390 lloura
524 1334 552 1389 iu
564 1335 674 1391 Daciam
686 1333 719 1388 ad
730 1334 874 1389 ecclesiam

94 1407 325 1464 mutinensem.»
342 1408 381 1463 De
396 1406 575 1462 translatione
584 1406 612 1462 S.
625 1405 765 1462 Adelberti
778 1424 784 1468 ;
807 1406 873 1461 item

73 1477 181 1535 brachii
202 1479 289 1534 sancti
315 1478 452 1544 Annouis,
481 1477 560 1533 utin
586 1477 653 1534 edit.
683 1475 872 1535 busaeo-Cor..

75 1551 111 1605 De
130 1549 312 1622 lluneguude,
328 1555 359 1604 ut
374 1550 552 1605 llsnuunusts
567 1566 658 1621 supra.

108 1621 224 1678 blotan.
239 1620 412 1677 Adonianum
430 1620 538 1676 Genesii
553 1621 671 1693 elogium
692 1620 754 1675 aliis
775 1618 874 1675 litteris

76 1693 166 1748 textui
197 1692 320 1748 inseruit.
336 1691 456 1749 lniine:
493 1693 620 1761 «Roma,
650 1692 728 1748 Lucii
757 1699 874 1764 papacet

75 1872 120 1929 tlt
134 1872 204 1929 Kal.

936 401 1118 473 Munanarus,
1129 404 1173 460 cui
1185 404 1360 476 superaddit:
1383 404 1489 478 «cujus
1505 415 1620 464 mortem
1631 412 1735 480 precio·

935 490 991 529 sam
1002 475 1059 531 Deo
1076 492 1122 548 per
1138 477 1270 533 miracula
1284 476 1379 533 crebra
1398 485 1578 547 contestante,
1600 481 1735 540 Dominus

934 545 1094 602 bonifacius
1105 547 1168 603 Vlll
1187 564 1250 605 cum
1261 549 1436 605 solemnitate
1450 549 1566 606 fratrum
1581 567 1693 609 suorum
1707 562 1735 611 et

934 617 1000 673 cleri
1014 616 1235 687 buncsanctum,
1255 629 1413 677 sanctorum
1432 621 1555 694 catalogo
1565 623 1633 678 ascri
1655 624 1728 681 sit..

933 690 972 745 De
984 689 1200 761 llunegunde,ut
1212 693 1457 757 Auruncae-blas,
1468 700 1520 749 ete.
1533 639 1693 765 DeAreSio,
1702 703 1733 754 ut

933 777 1024 832 supra.
1050 762 1088 817 De
1108 763 1251 834 Gregorio.
1275 764 1370 820 addit:
1408 765 1485 831 «Qui
1501 765 1554 820 fuit
1582 765 1734 825 instructor

933 832 1019 888 sancti
1047 833 1162 906 Ludgeri
1179 836 1299 907 episcopi
1317 837 1574 902 llonasteriensis,·
1607 845 1634 893 et
1657 838 1733 910 typis

933 904 1097 986 minoribus,
1134 906 1258 984 «primm
1285 908 1331 980 qui
1353 907 1474 978 ejusdem
1495 908 1619 980 Gregorii
1637 908 1732 967 Vitam

932 976 1105 1056 conscripsit.
1132 978 1220 1043 Hildee
1241 978 1384 1035 abbatissa
1401 980 1567 1036 monasterio
1590 979 1733 1039 Scruwel-

933 1047 1075 1115 baltensus,
1097 1047 1176 1119 cujus
1199 1050 1300 1106 festum
1323 1051 1352 1105 in
1368 1051 1481 1108 civitate
1497 1051 1648 1108 lubecensi
1664 1068 1679 1107 a
1694 1052 1732 1108 fa·
1835 1109 1838 1120 ,

930 1119 1054 1175 ctoribus
1070 1120 1243 1177 Dosariorum
1261 1121 1469 1178 celeberrimum
1487 1121 1613 1179 babetur.
1630 1149 1639 1172 ι
1659 1122 1731 1181 Edi·

931 1190 1021 1246 tioues
1032 1191 1093 1247 aliae
1109 1191 1179 1247 idem
1197 1192 1339 1249 babentia
1355 1201 1442 1249 textu.
1458 1195 1497 1249 De
1508 1193 1629 1263 iuliano,
1642 1194 1730 1252 Ludo·

931 1261 1003 1327 vico,
1031 1263 1212 1336 Huuegunde,
1238 1265 1339 1321 Aredio
1357 1274 1384 1320 et
1405 1264 1547 1336 Gregorio,
1577 1272 1607 1321 ut
1629 1266 1729 1337 prima,

930 1334 1052 1403 exceptis
1067 1334 1101 1390 iis
1116 1352 1176 1407 quae
1189 1335 1252 1391 aliis
1265 1335 1453 1408 appisadjecta
1464 1345 1538 1392 sunt.
1556 1336 1644 1392 Tum:
1661 1337 1729 1394 «Die

929 1405 1064 1475 vigesima
1079 1407 1187 1477 quinta,
1203 1409 1324 1463 reversio
1339 1407 1450 1479 lipsani,
1476 1406 1563 1464 sancti
1579 1407 1730 1464 bartholo-

930 1477 992 1531 maei
1013 1478 1140 1548 apostoli.
1157 1503 1165 1525 ι
1189 1480 1312 1553 Denique
1326 1479 1400 1548 typis
1415 1478 1587 1534 minoribus:
1605 1477 1729 1536 «Eodem

929 1548 973 1604 die
991 1547 1044 1603 fuit
1061 1549 1221 1605 incendium
1236 1550 1330 1624 oppidi
1345 1550 1506 1618 Tuitiensis,
1523 1551 1552 1605 in
1562 1565 1617 1620 quo
1628 1566 1728 1622 corpus

929 1620 1105 1676 Dominicum
1131 1638 1148 1676 a
1173 1621 1284 1678 flamma
1313 1622 1480 1679 circumfusa
1517 1621 1652 1678 intactum
1680 1637 1728 1677 re-

908 1732 912 1739 .
928 1690 1039 1747 mansit.
1055 1715 1065 1739 ι

1615 1877 1667 1936 Die
1680 1879 1727 1938 26.

103 1961 210 2030 Roma,
221 1962 323 2020 natalis
336 1961 410 2021 boati
424 1961 568 2036 Zephirini
580 1978 665 2035 papae.
682 1962 718 2018 Et
733 1969 890 2021 sanctorum
907 1968 1059 2035 martyrum
1075 1963 1186 2020 Hireuei
1202 1970 1229 2020 et
1245 1963 1380 2031 Abundii,
1401 1963 1491 2038 quiin
1515 1965 1641 2039 passione
1655 1967 1729 2025 beati
1774 2009 1780 2019 .

74 2053 211 2110 laurentii
230 2054 374 2128 leguntur.
391 2053 472 2127 Apud
487 2052 673 2111 Vintimilium
689 2061 809 2111 castrum
838 2053 934 2122 ltalia,
955 2052 1055 2108 natalis
1069 2053 1142 2112 beati
1162 2054 1281 2111 Secundi
1298 2054 1438 2126 martyris,
1454 2053 1509 2109 viri
1527 2056 1685 2126 spectabilis
1701 2064 1729 2113 et

74 2142 147 2201 ducis
162 2160 199 2201 ex
210 2144 485 2217 legionesanctorum
499 2143 683 2200 Thebeorum.
696 2143 1041 2214 ltemcivitatePergamis,
1051 2144 1137 2199 sancti
1150 2143 1311 2210 Alexandri,
1320 2144 1368 2216 qui
1379 2153 1406 2201 et
1418 2144 1475 2218 ipse
1486 2160 1558 2201 unus
1570 2145 1679 2202 exstitit
1692 2162 1729 2204 et

75 2233 178 2306 legione
193 2233 382 2304 Thebeorum,
397 2242 500 2292 etcum
515 2250 616 2291 nomen
643 2234 757 2290 Domini
772 2235 836 2290 lesu
863 2233 1087 2290 constantissime
1111 2233 1252 2301 fateretur,
1274 2234 1438 2306 nrartyrium
1452 2233 1605 2291 abscisione
1631 2234 1731 2309 capitis

76 2323 230 2397 complevit.
247 2323 458 2400 [Bouillart.:...
474 2324 636 2397 complevit.
652 2325 707 2380 ¹ln
723 2323 865 2381 territorio
879 2316 1080 2392 Lemoviceusi,
1095 2321 1189 2379 Sancti
1201 2320 1296 2378 Aredii
1317 2321 1470 2395 presbyteri
1485 2331 1512 2378 et
1539 2323 1728 2398 confessoris]

75 2413 260 2484 Autisiodoro,
276 2413 411 2471 Eleuterii
428 2415 560 2487 episcopi.

846 2539 966 2599 NDTAE.

102 2640 168 2698 Puri
182 2648 252 2698 sunt
265 2641 400 2713 Antuerp.
414 2645 441 2697 et
456 2639 654 2708 blaa-Lmen,
669 2639 816 2708 Munerat,
831 2640 941 2695 dream.
958 2646 985 2695 et
999 2639 1101 2698 Melan.

100 2769 206 2825 ⁸Deest
224 2764 357 2824 Carolino
370 2765 540 2892 autoprapho
567 2765 594 2822 S.
610 2765 742 2832 Aredius3
764 2773 790 2822 et
814 2763 873 2835 ejus
886 2768 908 2828 Β
926 2764 1044 2820 diversis
1059 2764 1093 2820 ab
1109 2765 1143 2819 iis
1158 2781 1218 2837 quae
1223 2763 1296 2833 juris
1310 2763 1415 2844 publici
1426 2763 1492 2819 fecit
1499 2763 1587 2820 nostri
1598 2763 1726 2821 Sodalitii

74 2841 145 2898 loco:
161 2838 341 2896 Autiaiodorc
356 2839 435 2893 bora
454 2839 504 2892 erii
518 2838 641 2909 episcopi.
665 2838 761 2894 Postea
783 2838 873 2892 Eleu-

73 2910 188 2969 tberium
217 2908 286 2967 binc
301 2909 384 2965 erasit
407 2910 556 2976 Usuardus,
584 2909 672 2976 lectis,
689 2917 719 2964 ut
734 2908 870 2979 conjicere

72 2993 120 3052 est;
147 2982 237 3038 sancti
262 2981 339 3037 illius
354 2981 479 3053 praesulis
494 2981 581 3048 Actis,
604 2997 664 3053 quae
679 2989 795 3036 mortem
812 2979 871 3035 e'us

71 3071 121 3112 non
138 3054 188 3120 26,
200 3052 249 3111 sed
265 3052 298 3110 lfi
312 3053 428 3124 Augusti
443 3053 489 3108 die
503 3052 677 3124 consignant.
703 3054 802 3108 Sextus
817 2996 870 3106 aie-

69 3127 159 3183 cimus
172 3125 220 3181 ille
234 3133 396 3182 numeratur
409 3124 645 3180 Autisiodoreusis
660 3124 791 3179 Ecclesia
806 3121 870 3194 epi-

69 3214 178 3271 scopas,
196 3211 276 3271 qoem
292 3195 394 3252 obiisse
404 3195 497 3250 ferunt
510 3213 554 3250 an.
570 3196 637 3252 551:
654 3195 760 3268 quodsi
775 3211 869 3250 teriam

70 3277 116 3338 cat,
132 3269 212 3327 falsa
239 3277 306 3325 sunt
329 3275 400 3324 rtotae
415 3268 577 3393 ctrronolopi
595 3286 617 3323 aa
632 3284 738 3332 crimes,
768 3267 870 3337 quibus

70 3357 129 3400 usus
156 3341 380 3412 estAnonymus
400 3339 428 3394 iu
457 3355 529 3394 nova
577 3338 655 3394 abbei
686 3338 868 3405 Bibliotheca,

69 3420 84 3470 t.
99 3415 121 3482 l,
137 3429 201 3486 pag.
217 3411 281 3468 tls.
300 3411 379 3479 Quod
390 3411 417 3467 S.
429 3411 562 3467 Aredium
583 3416 697 3481 spectat,
716 3409 869 3466 Usuardum

69 3479 869 3560 deceptumfoisseoportctActisquibusdamilliussancti

925 2837 1094 2962 precipuum
1111 2835 1194 2891 decus
1215 2835 1349 2901 ldabillio,
1365 2844 1433 2891 tom.
1452 2836 1473 2903 l,
1492 2838 1635 2907 Act.,pag.
1652 2835 1726 2894 349:

946 2925 984 2964 aec
999 2909 1074 2963 euim
1090 2916 1204 2964 narrant
1218 2906 1351 2962 Aradium
1362 2922 1392 2961 rx
1405 2907 1467 2962 Kal.
1479 2906 1553 2978 Sept.
1568 2906 1730 2964 convocatis

924 2979 1081 3051 discipulis,
1098 2995 1144 3034 eos
1159 2979 1192 3035 de
1212 2978 1339 3049 proxima
1351 2994 1401 3033 sua
1420 2986 1507 3033 morte
1524 2978 1664 3035 monuisse
1674 2996 1681 3046 ;
1703 2984 1730 3033 et

925 3050 994 3107 hora
1019 3051 1139 3107 secunda
1155 3051 1245 3106 noctis
1268 3049 1388 3105 animam
1416 3049 1578 3106 reddidisse.
1606 3050 1730 3116 Quaeso-

924 3125 1016 3179 cunda
1030 3124 1119 3179 noctis
1131 3122 1198 3177 bora
1208 3123 1230 3177 si
1242 3120 1389 3177 secundam
1405 3128 1466 3193 post
1482 3120 1597 3176 mediam
1619 3129 1728 3177 noctem

924 3194 1071 3264 significet,
1089 3202 1214 3248 ntortuus
1230 3193 1312 3248 farerit
1323 3191 1441 3248 Aredius
1455 3209 1506 3248 vur
1521 3193 1584 3248 lial.
1601 3191 1730 3265 Septem-

924 3266 1000 3328 bris;
1018 3266 1060 3320 siu
1075 3273 1181 3320 tautum
1198 3266 1346 3320 secundam
1357 3263 1393 3318 ab
1411 3280 1510 3338 occasu
1525 3263 1592 3319 solis
1614 3263 1728 3330 iudicet,

926 3354 955 3392 rx
972 3338 1032 3392 Kal.
1046 3336 1158 3391 obierit.
1175 3337 1301 3391 Testatur
1313 3334 1565 3391 DeraiardusGuido
1577 3334 1606 3389 in
1617 3333 1728 3393 Biblio-

924 3409 1003 3463 tlreca
1025 3407 1177 3473 labbeana,
1195 3423 1253 3477 pag.
1268 3406 1333 3470 631,
1348 3406 1450 3463 festum
1465 3405 1493 3463 S.
1510 3403 1605 3461 Aradii
1616 3404 1660 3476 agi
1676 3420 1727 3460 vrri

924 3480 990 3536 Kal.
1009 3478 1176 3549 Septembris.
1192 3478 1364 3533 Bouruuanr.

680 3604 883 3663 VAlllANTES
902 3602 1108 3662 LECTIONES.

97 3719 170 3845 impp
185 3713 327 3786 Zepltiriui
342 3712 515 3786 simpliciter,
540 3728 601 3768 curn
618 3709 761 3767 codicibus
781 3709 866 3765 ferme

68 3790 141 3845 omni
163 3805 205 3844 us.
222 3788 290 3843 Item
315 3787 434 3853 Hirenei,
451 3785 514 3841 licet
537 3783 679 3838 Herinien.
695 3783 794 3837 habeat
809 3783 866 3837 lle-

66 3861 158 3924 renei;
178 3860 328 3926 licuerat,
353 3858 468 3928 Hprenei
478 3875 485 3919 ;
508 3855 606 3911 melius
627 3855 741 3921 Melan,
758 3854 864 3909 lrenoei.

66 3932 136 3988 llale
145 3930 269 3988 scribunt
278 3934 412 3999 Antuerp.
425 3937 452 3984 et
463 3926 663 3994 llax.·Lubec.,
680 3926 788 3981 Aduadi
800 3943 806 3991 ;
816 3941 867 3981 nec

67 4003 168 4060 aelius
197 4000 325 4069 Greven„
354 4000 500 4057 Hubetndii.
527 3998 623 4054 Nescio
647 4014 697 4052 cur
723 3998 860 4051 Munerat.

922 3708 1045 3780 graphia,
1074 3708 1145 3764 forte
1162 3705 1342 3780 popularibus
1362 3704 1475 3778 gratior.
1492 3708 1578 3761 Antu.
1595 3713 1625 3763 et
1637 3706 1727 3763 Max.-

921 3781 1024 3836 Lubec.
1041 3789 1158 3851 ponunt,
1193 3780 1221 3834 ei
1236 3785 1260 3834 ct
1281 3794 1351 3833 anus
1365 3778 1477 3842 eastitit,
1502 3776 1551 3833 ubi
1567 3776 1643 3834 deest
1661 3777 1725 3850 ipse.

921 3851 1025 3910 Contra
1039 3867 1105 3907 vero
1126 3851 1156 3906 in
1175 3797 1230 3907 bae
1252 3851 1311 3922 ipsa
1329 3849 1543 3904 annuntiatione
1564 3849 1638 3919 apud
1653 3849 1727 3922 ipsos

921 3926 969 3981 red
981 3923 1067 3979 undat
1079 3931 1243 3990 sanctorum,
1267 3930 1329 3977 ante
1349 3922 1524 3978 Thebaeorum.
1545 3921 1622 3976 Hanc
1645 3937 1726 3994 porro

921 4014 957 4051 vo
969 4013 1027 4051 cem
1043 3996 1125 4051 etiam
1140 4012 1203 4051 cum
1222 3992 1365 4051 codicibus
1380 3992 1544 4062 simpliciter
1563 3993 1670 4064 scripsi.
1686 3993 1726 4048 De

68 4083 170 4131 textum
189 4073 347 4140 motaverit,
365 4074 455 4154 legens
471 4069 634 4151 inpressione
651 4069 717 4150 beati
739 4067 864 4140 l'ppolitr',
920 4067 1141 4148 abscisionesatis
1156 4066 1338 4147 alibi'dictum
1349 4072 1406 4130 est;
1427 4065 1563 4146 Munerat.
1580 4062 1726 4121 substituit

83 4164 112 4203 ro
138 4146 166 4200 in
180 4146 305 4217 passiom
332 4145 399 4200 beata
423 4145 572 4200 mereatu.
598 4142 629 4196 ln
657 4156 746 4212 prima
773 4147 864 4194 autern
883 4156 904 4215 g
920 4140 1127 4193 obtruncatione.
1144 4138 1318 4192 ,latrsrodoro
1330 4135 1432 4190 habeut
1447 4137 1588 4207 plerique,
1603 4135 1722 4192 Greven.

67 4163 197 4274 blunerati
220 4216 343 4272 editione
367 4222 428 4287 post
443 4215 516 4269 ducis
531 4232 563 4268 ea
572 4213 679 4283 legione,
704 4211 780 4267 deest
797 4227 866 4265 san·
919 4219 946 4266 et
960 4212 1074 4274 llolau.,
1086 4208 1264 4269 deiciendam,
1276 4205 1490 4260 etAntisiodori.
1503 4206 1588 4260 lidem
1599 4207 1725 4262 scribunt

67 4295 173 4346 ctorem
189 4288 319 4346 Dubitari
335 4295 424 4359 potest
438 4286 471 4342 de
499 4285 646 4356 Pergamis,
673 4300 722 4355 pro
749 4299 804 4354 quo
816 4282 865 4336 alii

67 4361 237 4418 substituunt
246 4376 310 4416 cum
321 4360 492 4430 Autuerp.et
502 4354 863 4424 Max.-Lubec.,l3erparnis;

67 4432 108 4488 sed
118 4429 381 4506 praeferendanobis
397 4438 437 4486 est
451 4428 608 4486 corrimunis
623 4425 750 4482 codicum
766 4425 868 4480 ortho-

920 4282 1002 4336 etiam
1027 4278 1164 4336 Eleutheri
1192 4284 1219 4332 et
1234 4276 1396 4343 Eleatnern'i,
1420 4275 1521 4346 reliqui
1556 4275 1722 4347 simplicius,

921 4351 1049 4425 quamvis
1062 4349 1141 4424 pejus
1155 4364 1218 4405 cum
1233 4354 1322 4405 textu.

739 4543 1042 4603 ODSEDVATIONES.

96 4656 182 4713 Totus
206 4659 312 4717 textus,
327 4658 441 4723 excepta
455 4650 513 4704 sola
526 4645 737 4704 annuntiatione
752 4644 863 4712 ultima,

67 4743 97 4783 es
110 4729 238 4785 Romano
266 4740 351 4797 parvo
367 4721 393 4777 iu
410 4720 545 4787 Adonem,
567 4720 631 4774 inde
657 4718 684 4773 in
709 4715 862 4773 Usuardum

67 4798 203 4855 derivatus
211 4804 330 4862 est,cum
339 4793 486 4849 bacsolum
498 4789 738 4861 differentia,quod
750 4805 784 4844 ex
794 4787 864 4843 The·

67 4869 128 4926 bnis
141 4871 213 4925 alter
227 4867 306 4924 alteri
320 4865 500 4921 anteferatur.
515 4865 554 4918 De
569 4863 646 4917 utillo
669 4877 762 4917 eorsum
779 4867 864 4931 agunt

67 4939 112 4997 bac
125 4942 171 4998 die
195 4938 424 5009 Hieronymiana,
446 4952 506 5008 qum
522 4950 618 5006 nempe
633 4932 813 5004 Zeplrprinmn
829 4931 863 4986 ad

67 5029 101 5068 ιιι
112 5011 273 5070 Decembris
287 5009 466 5066 distulerunt.
491 5021 607 5078 enitique
631 5004 802 5075 probabilius
819 5020 862 5057 ve·

66 5101 121 5140 mm
135 5084 231 5140 obitus
245 5083 318 5139 diem
339 5088 432 5137 ecraset
455 5076 669 5150 Papebrocbius.
695 5077 821 5132 Rabanus
837 5081 863 5129 et

66 5155 281 5213 wandalbertus
294 5150 574 5223 Hieronymianorum
583 5147 708 5219 vestigiis
719 5147 860 5211 insistuut;

64 5227 132 5283 uude
162 5227 262 5283 merito
277 5226 427 5297 opinantur
453 5221 538 5295 aliqui
554 5221 626 5276 hauc
653 5236 722 5274 xxvi
746 5216 863 5298 Augusti

63 5298 242 5356 translatione
260 5306 309 5353 aut
335 5293 500 5360 elevatione,
535 5291 659 5364 corporis
683 5289 862 5347 celebriorem

62 5372 190 5438 evasisse,
215 5386 301 5442 eaque
316 5366 461 5423 'sententia
484 5365 566 5420 etiam
592 5363 738 5435 praeplacet
754 5360 863 5416 laudato

918 4651 949 4698 ut
963 4657 1034 4712 sepe
1049 4639 1129 4706 solet,
1146 4633 1362 4709 praetermissum
1386 4639 1437 4701 est,
1453 4631 1524 4687 forte
1536 4630 1610 4703 quod
1624 4630 1721 4688 calcu-

918 4716 976 4769 lum
987 4719 1144 4780 suspectum
1156 4706 1293 4770 babuerit,
1304 4722 1368 4762 cum
1384 4721 1418 4760 ex
1429 4705 1616 4762 Romanorum
1627 4703 1717 4776 ponti·

918 4786 1000 4842 ficum
1016 4778 1332 4852 chronologicistabnlis
1346 4777 1384 4834 du
1405 4778 1463 4832 lum
1481 4776 1567 4833 ferme
1587 4775 1720 4847 temporis

918 4856 1073 4929 explevisse
1087 4853 1258 4911 ostendatur.
1275 4850 1327 4907 Sed
1342 4851 1375 4906 de
1387 4793 1433 4906 bis
1447 4857 1474 4906 et
1488 4848 1595 4929 rebusa
1613 4847 1718 4930 Zephy-

918 4930 981 4984 rino
992 4929 1084 4999 gestis,
1103 4926 1170 4982 alibi
1182 4924 1273 4981 latius.
1286 4924 1427 4979 Delrcnoeo
1438 4930 1465 4979 et
1480 4921 1603 4976 Abandto
1614 4933 1719 4992 primus

918 5002 1043 5073 loquitur
1057 4999 1142 5068 Beda,
1158 4996 1237 5067 cujus
1251 4995 1345 5078 uerba,
1361 5002 1390 5050 ut
1405 4995 1473 5050 alias
1488 4991 1600 5117 ubipue,
1616 4987 1719 5068 desori3

917 5075 972 5146 psit
987 5073 1124 5138 Dabanus,
1140 5078 1223 5133 recte,
1241 5084 1269 5122 m
1283 5067 1373 5131 fallor,
1385 5066 1541 5132 legens,mc
1553 5077 1618 5116 occa
1628 5075 1719 5114 necare

938 5163 967 5200 ro
981 5143 1137 5207 incloacari,
1156 5140 1229 5213 quod
1247 5147 1338 5193 tamen
1355 5137 1383 5191 in
1407 5131 1575 5191 Heuscbeuii
1587 5139 1614 5186 et
1627 5130 1718 5199 Pape-

916 5163 1024 5272 brocbii
1040 5213 1158 5285 genuina
1172 5210 1252 5267 Dedae
1265 5209 1388 5265 editione
1400 5211 1538 5262 servatum
1554 5209 1604 5263 est,
1620 5209 1648 5257 et
1656 5201 1717 5258 Ado

918 5288 1000 5343 etiam
1020 5284 1122 5357 posuit,
1146 5283 1265 5353 elogium
1287 5295 1368 5336 suum
1388 5294 1422 5334 ex
1445 5274 1519 5331 Beda
1540 5274 1574 5353 ad
1601 5272 1717 5330 verbum

917 5357 1066 5428 accipiens.
1097 5355 1194 5411 Noster
1222 5352 1365 5423 utriusque
1391 5346 1511 5428 phrasim
1531 5360 1571 5427 .!¹¹
1588 5344 1718 5427 pauciora

916 5427 1064 5490 contraxit.
1078 5425 1399 5482 videanturActasancn
1410 5419 1561 5484 laurento,
1572 5416 1717 5490 dequibus

61 5441 260 5516 Papebrocbio.
278 5441 308 5496 lu
323 5441 448 5495 Rourano
476 5436 607 5492 moderno
632 5433 786 5491 celebratur
810 5430 863 5486 hoc

60 5513 119 5580 die;
148 5514 215 5570 vide
230 5512 271 5569 ibi
285 5511 454 5567 notationem
480 5507 602 5575 llaronii,
628 5505 672 5561 cui
693 5503 777 5575 junge
801 5497 1314 5574 qual)superrusnonsemelsermo
1336 5498 1465 5571 recurrit.
1489 5489 1568 5546 Solos
1584 5505 1631 5545 eos
1647 5488 1716 5546 cele·

60 5584 141 5643 babet
160 5583 369 5650 Tillemontius,
384 5591 460 5639 tomo
475 5582 522 5638 tlt.
538 5596 623 5707 apag.
635 5577 696 5633 236.
713 5575 792 5642 Quod
807 5590 862 5629 au·
917 5574 978 5630 brat
995 5569 1218 5636 wandalbertus,
1239 5566 1291 5622 hoc
1306 5561 1463 5618 versiculo:

60 5665 112 5714 tem
129 5659 257 5716 llomano
281 5671 367 5728 parvo
381 5651 541 5726 superaddit
591 5649 730 5706 ieuueusis
751 5645 861 5718 praesul,

62 5729 202 5798 videlicet,
213 5727 405 5801 zephyrinum
419 5721 675 5781 Eccleaiomreaisse
697 5735 781 5774 anrros
796 5722 862 5784 octo,
1389 5776 1395 5787 .
1530 5777 1535 5788 Ι

62 5819 158 5857 laamas
180 5807 290 5874 septen,
313 5799 369 5855 dies
391 5798 486 5865 decent,
511 5793 660 5868 prudenter
674 5792 707 5847 ab
728 5789 862 5857 Usuardo,
955 5788 986 5842 ln
1001 5786 1125 5842 Romano
1138 5796 1222 5855 parvo
1237 5795 1271 5836 ex
1286 5776 1412 5834 Thebaeis
1423 5777 1716 5850 martynbusAleran·

996 5675 1121 5738 Martyria
1134 5683 1269 5738 septenum
1285 5669 1411 5727 Irenaeus,
1426 5666 1562 5718 Abundius
1572 5677 1671 5718 ornant.
