3834 6136
199 221 248 278 til

859 212 1012 273 USUABBl
1029 212 1189 272 MONACHI

1790 201 1848 261 Mi

199 343 276 402 Actis
292 340 530 407 renouandum,
543 339 616 411 apuu
630 340 740 396 surium
752 340 797 397 iiie
811 358 841 397 xi
854 326 930 397 iiiii.
947 340 1029 400 vin
1048 339 1107 395 iii.
1129 337 1207 395 cone
1222 335 1252 391 itt
1270 334 1356 401 surm,
1370 335 1448 391 nulla
1460 333 1598 413 nimai
1616 345 1673 404 prii
1757 399 1763 410 .
1812 327 1849 386 ui

199 415 262 472 deat
276 414 363 470 lector
375 413 404 467 in
420 412 496 468 Actis
511 411 613 467 nostris
632 410 822 493 appendicem,
837 420 864 468 et
878 412 995 484 positam
1049 417 1144 466 sancto
1159 408 1248 464 Felice
1263 400 1620 480 martyieatquepomidce.
1635 404 1672 459 At
1686 399 1721 457 de
1756 415 1781 462 ,ιι
1795 399 1850 457 boc

199 487 259 543 illic
273 484 491 551 annotationem,
526 500 567 539 uae
583 498 676 538 omnia
691 482 725 539 ad
747 483 887 555 proprium
903 485 995 539 locum

199 557 377 624 remittimus,
395 556 442 611 ubi
462 555 495 610 de
507 499 671 611 Sanctorum
688 562 844 610 nostrorum
863 554 996 625 martyrio

199 638 227 685 et
242 630 384 700 sepultura
398 627 489 696 piures
513 632 594 681 erunt
607 624 797 682 examinandae
812 626 998 682 circumstan-

199 701 257 768 tiae,
284 699 324 755 uti
350 706 377 753 et
399 698 433 752 de
452 697 661 752 translationes
678 695 768 752 Leone
781 698 805 752 ll
821 697 902 762 iacta,
917 703 998 768 atque

200 771 234 827 de
249 770 374 843 sepulcro
388 783 551 835 marmoreo,
565 783 613 822 seu
627 768 720 823 tabula
735 767 842 840 lapidea
855 783 917 823 oum
935 765 998 837 epi-

201 842 308 914 taphio,
327 840 354 894 in
368 840 487 895 sacrario
500 837 622 894 basilica
643 838 671 894 S.
691 839 783 895 Maria
802 837 997 909 Maiorianum

201 929 234 968 ex
255 913 315 983 ipso
328 911 446 966 Baronio
467 919 495 965 et
513 909 638 979 Aringho
661 909 783 966 breviter
803 911 892 980 tangit
907 909 997 964 Tille-

201 983 325 1040 montius
335 990 411 1038 tomo
429 981 477 1047 lV,
498 996 558 1052 pag.
574 981 637 1037 550.
657 981 713 1036 Nec
726 981 866 1036 omiserim
882 979 928 1035 hic
942 995 998 1034 no-

200 1063 271 1122 tare,
289 1053 434 1125 praedictos
448 1059 557 1107 sanctos
578 1052 606 1107 in
623 1051 720 1107 Allatii
730 1061 757 1108 et
775 1051 922 1107 Frontonis
936 1052 997 1106 lla-

202 1124 335 1181 lendariis
350 1123 434 1180 Felici
470 1139 527 1195 apra
551 1121 712 1193 conjunctos
726 1123 839 1194 signari,
861 1137 922 1178 cum
946 1121 997 1177 hac

202 1196 373 1261 diversitate,
390 1140 468 1267 quoib
474 1195 502 1248 in
517 1193 659 1266 posteriori
674 1193 811 1250 addantur
824 1192 883 1249 baec
893 1191 994 1248 verba:

200 1268 246 1322 oio
262 1268 414 1332 Parmense,
431 1282 491 1338 qum
502 1264 531 1320 in
542 1265 627 1337 priori
644 1265 752 1320 absunt.
764 1264 838 1321 Citat
847 1264 997 1319 Tillemon·

202 1339 258 1395 tius
269 1338 378 1394 Missale
393 1338 558 1403 Romanum,
577 1352 625 1391 sen
641 1335 742 1390 librum
758 1337 997 1391 Sacraineutorum

202 1409 354 1476 Thouiasii,
370 1417 396 1464 et
412 1415 495 1474 reete,
507 1423 568 1462 nam
581 1406 619 1462 ibi
629 1407 751 1463 solorum
768 1407 851 1462 trium
867 1404 999 1461 memoria

202 1482 302 1552 egitur,
319 1479 371 1535 hoc
392 1479 473 1535 modo
488 1496 494 1533 ;
512 1478 654 1549 Simplicii,
675 1478 798 1533 Faustini
813 1483 836 1532 et
865 1476 997 1534 Victrieis.

202 1551 317 1609 Codices
341 1549 550 1606 Sacranientarii
575 1549 736 1620 Gregoriaui
760 1548 911 1604 uniformes
943 1563 998 1602 nou

201 1631 278 1690 sunt,
291 1630 323 1681 ut
336 1621 534 1697 probauinote
542 1626 570 1675 et
579 1618 784 1677 observationes
793 1618 927 1687 Menardi,
937 1634 997 1691 pag.

1050 481 1403 633 looltie⁸?·,'b¹lseberrimo'Lupo
1415 546 1540 628 Frecensi
1551 544 1689 628 nonnulla
1697 542 1772 617 apud
1786 543 1848 625 ffi‘f'

1051 618 1850 768 ttttltlbfflttttiltthtritissimi

1051 781 1120 890 “lli
1133 764 1226 846 l²⁰⁹⁵⁵
1241 762 1372 890 '‘l“lb
1380 757 1850 888 irrestauratae:

1051 850 1331 974 piptaempppsppbftps
1352 849 1466 976 episbopi
1485 902 1586 958 titulus
1606 899 1792 957 desideretur.
1807 899 1850 955 lla

1050 978 1173 1035 citatisa
1195 976 1305 1033 laudato
1315 974 1434 1032 Baronio
1451 972 1612 1029 auctoribus
1631 987 1667 1052 ea
1678 969 1850 1052 desumenda

1051 1058 1126 1118 sunt,
1143 1065 1203 1121 que
1223 1047 1402 1119 inclytissimi
1430 1043 1556 1119 presulis
1570 1050 1653 1115 gestis
1677 1040 1851 1124 illustrandis

1051 1121 1114 1176 usui
1128 1135 1186 1176 esse
1202 1120 1326 1191 possint;
1343 1133 1457 1244 querpus
1468 1115 1526 1198 jam
1541 1130 1616 1170 nunc
1630 1129 1686 1169 non
1702 1112 1850 1184 rudiligen·

1051 1197 1093 1247 ter
1110 1191 1227 1249 oolleota
1240 1197 1306 1246 sunt
1328 1205 1345 1245 a
1367 1189 1411 1244 Fil
1423 1194 1546 1244 amentio
1564 1192 1640 1242 tomo
1663 1183 1743 1252 XVI,
1756 1199 1773 1240 a
1787 1199 1848 1256 pap.

1052 1262 1114 1317 lad.
1134 1263 1174 1318 De
1188 1261 1295 1334 reliquo
1313 1267 1403 1316 autem
1421 1258 1582 1316 Adonianus
1604 1263 1645 1312 cst
1667 1263 1762 1316 textus
1776 1261 1851 1312 iotoi

1052 1341 1079 1389 et
1107 1332 1165 1388 into
1182 1332 1282 1388 erriuie
1305 1330 1476 1388 Usuanlinus
1508 1327 1646 1386 Notlrerus
1666 1326 1697 1382 in
1720 1325 1853 1382 omuibus

1052 1402 1138 1459 ferme
1151 1350 1309 1458 abversum
1322 1402 1446 1459 Adonem
1461 1397 1709 1481 transsumpsit.Et
1718 1395 1853 1454 Wandal-

1052 1472 1148 1530 bertus
1162 1473 1250 1530 nitide
1263 1473 1371 1529 duobus
1386 1472 1529 1530 versiculis
1543 1486 1601 1526 rein
1620 1469 1782 1542 complexas
1791 1474 1851 1524 est:

1054 1573 1123 1622 Felix,
1138 1571 1273 1627 Simplicius,
1290 1571 1409 1615 Faustinus
1422 1575 1445 1614 st
1460 1570 1520 1614 alma
1533 1568 1629 1619 Beatrlx,

1053 1635 1211 1690 Trsrassusqiis
1224 1633 1298 1691 Lupus
1314 1638 1416 1690 quarum
1430 1631 1574 1677 communitor
1588 1635 1677 1677 nurui.
1691 1624 1821 1682 (omenti)

929 1759 1121 1820 AUcrAfflA.

238 1886 387 1943 Rosvsro.
402 1881 436 1937 de
451 1879 528 1950 Lupo
543 1877 640 1934 inserit
653 1879 765 1935 titulum
780 1878 814 1935 ab
828 1878 892 1936 aliis
907 1879 997 1935 omis·
1010 1879 1034 1940 Β
1053 1877 1138 1935 terme
1160 1892 1245 1950 purus
1267 1882 1318 1932 est.
1348 1876 1388 1932 De
1405 1874 1564 1949 Peregrina,
1586 1872 1652 1932 vide
1679 1873 1726 1931 die
1753 1887 1853 1947 precs·

200 1971 274 2019 sum,
290 1951 412 2023 episcopi.
432 1953 463 2006 ln
477 1950 532 2005 line
546 1950 658 2006 subdit:
682 1976 691 1999 ι
708 1951 776 2006 lteiu
793 1950 884 2006 natale
908 1950 996 2022 Olapb

202 2040 230 2079 re
250 2025 272 2079 is
286 2025 437 2079 banorum.
453 2046 462 2068 ι

232 2041 391 2151 b’uusaivnn.
416 2092 500 2148 relert
526 2093 637 2166 quidem
666 2109 761 2149 omnes
788 2102 882 2151 textus
910 2093 998 2150 nostri

201 2174 320 2230 sanctos,
335 2164 382 2220 sed
400 2164 525 2219 omnium
540 2165 638 2238 elogia,
666 2180 741 2221 more
754 2164 808 2221 sibi
832 2165 898 2221 satis
920 2165 998 2220 fami·

201 2237 275 2305 liari,
295 2242 413 2291 truncat.

237 2309 362 2364 Lernan.
378 2306 521 2379 scriptoris
539 2306 609 2362 vitio
626 2306 752 2362 lacunam
765 2306 857 2376 habet,
872 2306 998 2380 alioquin

201 2379 278 2452 puris
291 2385 361 2435 esset
372 2377 566 2434 accensendus.

237 2451 390 2507 Loviriirii.
406 2448 532 2506 Secundo
547 2450 608 2506 loco
621 2449 736 2506 inserit:
761 2473 770 2497 ι
789 2450 933 2509 Transitus
947 2468 999 2507 ve-

201 2521 333 2578 nerabilis
353 2520 478 2587 Martha,
494 2518 609 2593 bospite
627 2520 742 2588 Christi,
756 2520 790 2577 de
804 2538 856 2594 qua
871 2523 950 2593 plura
969 2523 998 2579 in

204 2591 356 2662 Evangelio
370 2591 542 2646 habentur.»
564 2592 594 2646 ln
621 2591 675 2647 sine
698 2592 773 2648 deest
789 2593 907 2675 elogium
930 2594 997 2667 Lupi

202 2660 360 2727 Tricassini,
393 2686 402 2708 ι
425 2661 473 2733 qui
494 2678 556 2717 cuin
580 2662 659 2717 beato
683 2662 818 2718 Germano
838 2681 866 2720 in
882 2665 999 2720 Britan-

202 2733 316 2800 niam,·
338 2739 390 2787 eto.

237 2804 398 2859 Aiosnuan.
409 2804 439 2858 in
451 2812 531 2859 textu
541 2805 606 2860 satis
639 2820 714 2862 urus.
729 2806 837 2876 longain
849 2805 882 2861 de
893 2806 1000 2864 Martha

204 2874 348 2929 historiam
362 2882 458 2953 praeter
474 2891 577 2930 morem
598 2820 732 2946 abungii.
747 2877 786 2931 De
803 2893 835 2932 ea
850 2878 913 2933 vide
927 2878 998 2934 Gna·

202 2961 268 3000 i'iirv.
285 2953 312 2999 et
329 2943 437 2999 codices
451 2944 530 3014 alios.

237 3017 335 3071 Diuic.
352 3015 441 3071 textui
451 3017 532 3070 etiam
547 3015 614 3071 satis
621 3031 694 3098 puro
704 3018 793 3073 solum
807 3018 920 3091 adjicit:
943 3044 951 3066 ι
967 3020 999 3077 ln

202 3085 357 3156 Norwagia,
372 3087 459 3142 sancti
476 3087 556 3143 Olavi
571 3103 642 3158 regis
656 3096 683 3144 et
697 3090 836 3161 martyris.
850 3114 859 3137 ·

237 3157 416 3215 Caninium:
439 3184 448 3205 ι
469 3158 562 3215 Bonae
580 3157 626 3214 via
648 3159 770 3228 Aurelia,
794 3161 881 3217 sancti
899 3162 998 3220 Felicis

1053 1949 1139 2006 denti.

1087 2024 1248 2082 Aourciucr.
1263 2018 1292 2074 in
1307 2019 1381 2075 huo:
1409 2019 1491 2109 ‹lpso
1505 2017 1560 2086 die,
1575 2015 1662 2074 sancti
1677 2015 1770 2084 olavi,
1787 2017 1852 2088 glo-

1053 2092 1117 2148 riosi
1134 2093 1239 2163 regiset
1253 2090 1389 2163 martyris.
1403 2113 1413 2139 ι
1430 2091 1465 2145 Lt
1475 2105 1559 2145 mauu
1574 2089 1663 2145 multo
1677 2088 1850 2145 recentiore:

1061 2187 1070 2211 ι
1084 2165 1163 2230 ltem,
1179 2163 1264 2218 beatae
1277 2162 1401 2231 Marthae,
1412 2162 1515 2218 sororis
1525 2170 1625 2218 sancta
1639 2159 1734 2219 Marias
1743 2159 1852 2232 Magda-

1054 2235 1122 2291 lenae
1137 2243 1164 2290 et
1173 2234 1276 2290 Lazari.
1298 2258 1307 2281 ι

1089 2306 1233 2364 Virronis.
1250 2312 1277 2361 et
1295 2305 1364 2362 Bas.
1384 2304 1466 2362 Surio.
1484 2305 1554 2377 sign.
1571 2320 1650 2361 num.
1671 2302 1744 2361 iao:
1768 2327 1778 2350 ι
1793 2304 1854 2376 Ipsa

1053 2375 1109 2442 die,
1127 2386 1226 2433 sanctie
1241 2376 1357 2448 Serapiae
1371 2377 1498 2449 virginis.
1515 2400 1524 2423 ι

1088 2447 1536 2506 Mirnrc.·Ciiirus.·Uirniiacr.:
1545 2445 1854 2520 ‹Felicislpapai),Sim·

1053 2520 1141 2593 plinii,
1161 2518 1285 2576 Faustini
1300 2527 1327 2576 et
1340 2519 1473 2577 Beatricis
1493 2518 1596 2576 sororis
1612 2533 1721 2585 eorum,
1742 2527 1855 2591 marty-

1054 2608 1126 2647 rum.
1138 2591 1232 2647 Sancti
1243 2590 1312 2663 Lupi
1327 2590 1448 2663 episcopi
1459 2598 1486 2646 et
1496 2589 1673 2657 contessoris,
1683 2587 1738 2645 riri
1752 2589 1853 2658 musti,

1073 2664 1100 2718 ni
1117 2678 1179 2718 cuin
1199 2671 1294 2718 sancto
1313 2662 1449 2719 Germano
1471 2661 1499 2717 in
1524 2661 1697 2718 Britanniam
1720 2660 1852 2734 perrexit.

1052 2679 1140 2791 biotae
1156 2741 1182 2788 et
1197 2733 1320 2800 Lucillae,
1336 2732 1477 2805 virginum
1491 2737 1518 2789 et
1539 2741 1705 2806 martyrum,
1720 2747 1786 2789 cum
1799 2731 1854 2788 Bii-

1053 2805 1133 2877 genio
1152 2820 1225 2875 rege,
1240 2805 1286 2876 qui
1307 2821 1353 2861 eas
1368 2805 1445 2877 prius
1461 2804 1660 2878 captivaverat,
1680 2810 1778 2878 postea
1790 2819 1854 2860 cuin

1053 2877 1093 2932 eis
1107 2877 1299 2948 martyrizatus
1312 2883 1362 2932 est.
1375 2901 1384 2924 ι

1088 2948 1120 3004 lii
1136 2946 1271 3004 Virioau.
1287 2947 1363 3003 deest
1373 2948 1452 3019 Lupi.
1465 2945 1606 3020 Adjicitur
1622 2963 1628 3002 :
1650 2968 1660 2993 ι
1674 2947 1783 3016 Roma,
1793 2962 1853 3002 san·

1052 3026 1104 3075 ctae
1121 3017 1269 3090 Seraphim,
1285 3036 1345 3092 quae
1360 3019 1465 3075 beatam
1492 3020 1622 3076 Sarinam
1636 3015 1670 3074 ad
1685 3018 1770 3076 fidem
1787 3033 1855 3076 cou-

1053 3089 1173 3147 vertitet
1186 3090 1361 3162 postmodum
1375 3106 1454 3162 passa
1476 3099 1517 3147 est
1538 3089 1589 3148 sub
1612 3089 1739 3148 Adriano
1762 3089 1855 3163 impe-

1054 3169 1154 3228 ratore,
1162 3160 1255 3232 judice
1271 3161 1383 3217 Berillo.
1400 3185 1410 3209 ι

201 3244 278 3356 pape
297 3235 324 3283 et
347 3229 487 3302 martyris.
507 3229 612 3285 Eodem
636 3230 681 3286 die
708 3231 811 3301 Boura,
839 3240 997 3290 sanctorum
1013 3231 1035 3292 C
1089 3235 1227 3288 Aurasius.
1245 3250 1251 3287 ς
1273 3234 1363 3289 «ltem
1378 3232 1407 3289 in
1423 3233 1564 3315 Norwepa,
1580 3231 1668 3288 sancti
1685 3232 1769 3290 Olavi
1784 3233 1855 3306 regis

222 3299 349 3371 implioii,
364 3301 488 3357 Faustini
510 3311 537 3357 et
551 3301 684 3358 Beatriois
698 3303 815 3375 virginis
829 3305 932 3360 sororis
947 3321 998 3361 eo-

140 3410 147 3418 ·
201 3387 273 3427 rum.
290 3371 398 3439 Trecas,
420 3372 506 3429 sancti
528 3373 598 3445 Lupi
625 3372 745 3446 episcopi
774 3385 802 3432 et
822 3375 997 3444 contessoris,

201 3442 248 3516 qui
277 3459 339 3498 cnm
369 3452 463 3500 saneto
490 3444 647 3500 Germanno
671 3445 842 3504 Britanniam
866 3448 944 3503 veuit
973 3458 1000 3505 et

203 3513 299 3568 multis
315 3512 466 3570 virtutibus
490 3514 593 3571 floruit.
619 3539 628 3562 ι
659 3516 731 3572 Addi
757 3525 882 3589 poterant
902 3519 1001 3575 ultima

201 3583 284 3707 elopii
299 3582 401 3662 verba:
425 3608 434 3630 ι
450 3584 501 3640 llic
519 3585 719 3657 quinquaginta
732 3587 840 3644 duobus
860 3590 941 3645 annis
959 3607 1000 3646 sa·

202 3669 248 3709 cer
268 3661 348 3707 otio·
370 3661 422 3709 eto.

237 3721 416 3778 Bnuiraiimv.
441 3723 561 3795 incipit:
585 3749 594 3774 ‹
618 3726 722 3782 Sancte
743 3727 857 3785 Marthae
872 3730 998 3801 virginis,

204 3791 320 3862 hospitae
335 3791 450 3859 Christi,
466 3801 492 3849 et
511 3793 653 3852 beatorum
668 3796 762 3852 Lazari
777 3805 803 3853 et
822 3800 914 3856 Marias
929 3802 1000 3874 Mag·

203 3863 308 3919 delente
327 3864 438 3919 sororis.
454 3866 490 3919 Et
504 3874 601 3922 octava
615 3867 698 3923 beatae
714 3869 805 3925 Marias
821 3871 997 3942 Magdalenae.

205 3935 310 4000 Rornae,
326 3935 416 4005 passio
430 3935 515 3990 beatae
529 3936 646 4009 Serapim
661 3938 787 4010 uirginis,
812 3942 863 3997 sub
878 3943 1000 3999 Adriano

203 4005 376 4075 imperatore.
393 4007 486 4061 lloinie
498 4005 544 4060 via
558 4008 680 4068 Aurelia.
695 4010 785 4065 natale
799 4012 886 4068 sancti
901 4014 1000 4071 Felicis

203 4075 316 4133 secundi
331 4091 406 4147 papas
430 4083 456 4130 et
473 4077 611 4152 martyris.
626 4078 678 4145 Qui
693 4078 764 4135 sedit
777 4096 850 4136 anno
864 4099 930 4139 uuo.
950 4085 1001 4141 llic

203 4144 998 4237 Constantiumimperatorem,liliumCoustautinimagni,

204 4216 402 4287 rebaptizatum
426 4224 453 4273 et
476 4219 634 4276 haereticum
657 4221 817 4278 declaravit.
839 4225 916 4282 Unde
942 4243 1000 4299 ipse

203 4287 238 4343 ob
254 4287 396 4344 catholica
407 4288 469 4344 fidei
486 4289 673 4346 defensionem
685 4292 822 4349 abeodem
839 4295 999 4354 Constantio

203 4359 358 4485 ilupustoa
376 4369 476 4430 papatu
491 4369 519 4416 et
537 4362 600 4418 sede
620 4380 668 4419 sua
692 4362 825 4434 dejectus,
841 4376 868 4422 et
888 4369 998 4424 tandein

268 4447 294 4484 io
318 4438 439 4497 necatus,
465 4431 582 4503 gloriose
607 4435 747 4491 occubuit.
773 4461 782 4484 ·
812 4437 943 4510 Sequitur
966 4440 999 4496 de

203 4430 411 4582 &mensibus
427 4518 503 4574 pure.
520 4504 608 4561 Dein:
633 4529 642 4553 ι
657 4505 754 4562 Frecas
767 4506 891 4577 civitate,
910 4510 1000 4582 depo-

203 4579 268 4626 sitio
282 4572 369 4629 sancti
387 4572 457 4643 Lupi
480 4574 602 4648 episcopi
628 4585 656 4633 et
678 4578 851 4635 contessoris.
868 4581 921 4648 Qui
937 4584 1039 4643 oumD

202 4638 282 4695 beato
292 4642 429 4697 Germano
443 4644 472 4697 in
484 4645 655 4702 Britanniam
667 4657 763 4704 contra
778 4648 920 4708 haereticos
934 4669 1000 4724 pre·

203 4707 351 4790 dicationis
358 4728 439 4767 causa
453 4717 541 4782 venit,
552 4723 579 4771 et
589 4717 905 4790 quinquagintaduobns
920 4724 1000 4780 anuis

204 4778 358 4834 sacerdotio
382 4783 579 4841 venerabiliter
602 4787 715 4843 iunctus
737 4797 787 4845 est.
812 4792 864 4849 llic
882 4795 998 4850 Attilam

203 4847 366 4904 Hunnorum
393 4850 489 4907 ducem
512 4855 610 4912 Frecas
631 4858 789 4915 venientem
808 4861 998 4991 interropavit,

203 4919 266 4991 quis
278 4920 424 5003 esiam
438 4921 505 4977 dum
520 4924 568 4979 ille
582 4942 642 5053 resp

204 4991 260 5045 luni
271 4991 321 5047 Dei
335 5010 341 5058 ;
353 4992 442 5049 dixit:
453 4995 546 5067 Btego
557 5013 616 5053 snm
639 5016 721 5070 iupus
733 5000 883 5074 dissipator
891 5007 998 5074 ovium,

203 5062 394 5145 Beiuindigens
416 5063 534 5147 flagello.
556 5067 617 5134 Quo
631 5069 705 5127 dicto
727 5074 835 5142 aperuit
855 5085 957 5148 portas,
973 5085 1000 5134 et

202 5134 289 5189 Attila
303 5151 366 5216 cum
379 5153 437 5192 suis
456 5139 581 5206 intravit,
597 5147 624 5196 et
637 5158 652 5195 a
667 5142 754 5213 portis
763 5143 797 5198 ad
813 5155 906 5216 portas
920 5147 999 5203 urbis

203 5213 398 5274 pertransiens,
415 5208 552 5264 neminem
567 5210 674 5281 videns,
689 5229 721 5269 ao
732 5216 869 5271 neminem
886 5217 998 5282 laedens,

202 5276 284 5354 etsie
298 5280 418 5356 recessit.
435 5280 603 5351 Aurelianis,
625 5283 762 5355 depositio
783 5285 856 5342 beati
871 5289 938 5344 Pros
958 5290 998 5345 eri

202 5358 364 5472 gppscpappopit
375 5351 552 5478 piplnlllesporis.
569 5377 578 5400 ι
595 5354 672 5480 rVide
684 5353 848 5436 Motkerum.
870 5382 880 5404 ι
893 5306 997 5417 Eodem

225 5439 527 5565 ¹iiio·artoriuslinlgipblilt¹
535 5440 768 5563 acb‘bibsusgbbibbs,
780 5497 809 5554 in
819 5499 921 5572 quibus
931 5518 998 5557 non·

202 5551 274 5631 nihil
289 5560 470 5640 interpolatus
485 5573 535 5620 est.
556 5568 595 5622 Be
611 5567 701 5624 Felice
719 5568 812 5641 aliqua
831 5572 998 5628 comminis-

201 5628 285 5689 citur,
299 5640 354 5681 non
365 5640 430 5687 satis
439 5632 552 5704 digesta.
564 5637 704 5710 Sequitur:
728 5639 850 5697 ‹Eodem
866 5641 911 5699 die
925 5644 997 5713 apud

203 5691 377 5776 Lugdunum,
397 5704 484 5779 sancti
499 5706 638 5779 Peregrini
658 5710 822 5783 presbyteri,
838 5712 917 5770 cu'ns
928 5714 998 5770 bea-

200 5765 350 5824 titudiuem
363 5773 565 5832 uiuaonlornm
587 5779 675 5851 gloria
696 5788 847 5841 testatam,

645 4927 768 4985 ondissot
781 4948 810 4987 se
828 4948 886 4990 esse
926 4938 998 5007 agel·

1054 3312 1081 3360 ct
1096 3302 1235 3375 martyris.
1250 3330 1259 3351 ·
1285 3303 1330 3360 Sic
1342 3303 1424 3360 etiam
1436 3303 1469 3359 ab
1484 3303 1546 3359 aliis
1562 3309 1742 3360 memoratur.

1089 3376 1279 3431 Fundanum:
1299 3374 1442 3432 «Marthae.
1462 3418 1468 3430 .
1487 3417 1493 3430 .
1513 3417 1518 3430 .
1535 3375 1603 3430 ltem
1619 3373 1705 3432 beatae
1716 3375 1856 3433 Marcellae

1055 3446 1165 3502 famule
1177 3445 1261 3502 beatae
1274 3446 1400 3514 Martha,
1433 3462 1474 3503 ore
1485 3453 1546 3518 post
1557 3444 1617 3515 ejns
1629 3456 1747 3503 mortem
1758 3445 1788 3503 in
1797 3446 1856 3503 Sla-

1055 3518 1165 3574 voniam
1182 3533 1305 3589 pergens,
1320 3525 1348 3573 et
1360 3517 1399 3574 ibi
1414 3463 1601 3588 biangelinn
1625 3515 1730 3574 Christi
1745 3517 1856 3600 pradi-

1054 3605 1129 3658 cans,
1154 3596 1214 3659 post
1236 3604 1340 3644 anunm
1369 3605 1385 3644 a
1412 3587 1576 3645 dormitione
1599 3588 1714 3645 Martha
1743 3605 1773 3645 in
1791 3605 1857 3662 paee

1055 3659 1196 3733 quievit.»
1219 3661 1381 3716 Sunozziin.
1393 3660 1469 3715 solus
1486 3668 1614 3731 preterea
1625 3659 1725 3716 babet:
1750 3659 1856 3718 «luei-

1054 3731 1140 3786 vitate
1155 3730 1310 3794 Mamiensi,
1331 3737 1431 3787 sanctie
1446 3730 1614 3801 Seraphinie.
1630 3754 1639 3779 ι

1089 3800 1267 3857 Biaoivricinv.
1282 3801 1382 3857 Sancto
1393 3802 1469 3873 Lupo
1483 3801 1740 3859 Tricassinosolnm
1754 3803 1857 3861 trihuit

1054 3888 1141 3928 annos
1154 3871 1300 3928 sacerdotii
1316 3888 1384 3928 xcii.
1401 3873 1471 3945 Lege
1485 3889 1549 3928 cunr
1564 3872 1627 3929 aliis
1642 3889 1690 3930 uir.

1089 3944 1189 3999 Enirio
1202 3943 1391 4000 Lenaeo-Coi.
1407 3944 1441 3999 de
1456 3943 1561 3999 Martha
1582 3944 1691 4015 longius
1707 3945 1778 4002 texit
1790 3947 1856 4003 elo·

1055 4015 1140 4085 pium,
1157 4030 1237 4087 quarn
1264 4023 1296 4071 ut
1329 4014 1373 4071 bic
1399 4014 1517 4071 describi
1547 4014 1641 4087 possit.
1670 4015 1786 4085 Textus,
1803 4018 1852 4089 qui

1054 4085 1187 4158 sequitur,
1202 4093 1278 4141 totns
1292 4085 1377 4143 terme
1399 4102 1484 4159 purus
1500 4092 1550 4142 est.
1571 4084 1695 4143 Deinde:
1722 4088 1854 4146 «Eodem

1054 4155 1109 4225 die,
1124 4157 1212 4212 sancti
1225 4156 1305 4215 Olaui
1319 4182 1328 4205 ·
1347 4158 1450 4228 (Olavi)
1472 4157 1560 4229 «regis
1572 4156 1724 4231 Narvegiai
1737 4168 1766 4216 et
1779 4175 1854 4216 mar·

1053 4227 1134 4307 tyris.
1150 4251 1159 4275 ι
1181 4227 1271 4283 Etiam
1287 4229 1368 4286 habet
1385 4245 1390 4283 :
1412 4230 1538 4297 «Romae,
1554 4228 1643 4301 passio
1658 4238 1761 4288 sauctae
1775 4231 1853 4288 Sera·

1054 4315 1106 4372 pire
1116 4298 1232 4369 virginis
1246 4307 1274 4355 st
1287 4301 1427 4371 martyris.
1442 4327 1451 4349 ι

1085 4371 1187 4450 Burin.
1203 4377 1265 4441 post
1279 4379 1386 4428 textum
1409 4387 1465 4428 uon
1480 4373 1595 4430 omniuo
1613 4388 1727 4446 purum,
1747 4372 1857 4430 subue-

1053 4447 1122 4497 ctit:
1147 4442 1237 4498 «Item
1253 4442 1348 4499 eodem
1363 4442 1418 4508 dia,
1435 4443 1534 4500 festum
1549 4455 1651 4502 sancte
1666 4443 1783 4501 Martha
1796 4445 1855 4501 vir·

1054 4511 1136 4637 pinis,
1161 4512 1264 4569 sororis
1285 4521 1386 4570 sancte
1401 4515 1494 4571 Marte
1516 4515 1684 4598 Magdalenae
1705 4522 1734 4571 et
1763 4516 1854 4572 sancti

1077 4584 1160 4652 azari,
1176 4583 1286 4666 hospita
1300 4585 1451 4642 salvatoris
1478 4594 1566 4643 nostri
1594 4587 1658 4643 lesu
1681 4584 1798 4644 Christi.
1824 4587 1855 4643 ln

1054 4655 1197 4710 Mauriensi
1213 4655 1335 4724 civitate,
1351 4663 1452 4712 sanctie
1466 4656 1660 4729 Seraphinae.»
1686 4659 1717 4715 ln
1732 4657 1855 4714 assanda

1053 4724 1186 4805 editione,
1198 4724 1320 4807 additur:
1341 4727 1393 4782 «Iu
1402 4727 1558 4800 Norivegia,
1568 4729 1659 4802 passio
1671 4730 1762 4786 sancti
1772 4727 1853 4787 Olavi

1053 4811 1126 4867 regis
1140 4803 1167 4851 et
1182 4803 1323 4869 martyris.
1345 4822 1355 4845 ι

1088 4865 1214 4947 Cursu.
1232 4883 1238 4920 ε
1263 4892 1272 4914 ι
1287 4866 1367 4924 Olavi
1382 4868 1453 4950 repis
1467 4871 1619 4943 Norwegiae
1633 4877 1660 4927 et
1673 4870 1767 4928 Bacis
1783 4887 1852 4927 mar·

1053 4943 1064 4992 t
1085 4952 1133 4992 ris.
1149 4936 1201 5004 Qui
1220 4953 1283 4994 mox
1299 4939 1347 4995 ubi
1362 4938 1466 4997 Christi
1482 4940 1565 4997 tidem
1580 4942 1712 5024 suscepit,
1729 4941 1851 5024 ejusdem

1063 5006 1117 5088 idei
1127 5008 1218 5089 'calore
1232 5025 1392 5090 succensus,
1401 5011 1584 5083 Evangelium
1600 5012 1761 5070 indiversus
1775 5013 1850 5096 rapui

1052 5094 1095 5134 sui
1142 5079 1248 5135 artibus
1273 5089 1455 5149 annuntians,
1477 5081 1709 5140 innumerabilem
1732 5086 1852 5141 Domino

1052 5094 1184 5275 pnpubm
1212 5151 1370 5224 aequisivit.
1392 5152 1512 5209 Fandem
1536 5170 1552 5209 a
1575 5170 1704 5225 germano
1726 5172 1789 5216 suo.
1818 5155 1852 5212 ob

1072 5220 1134 5276 dein
1150 5220 1252 5278 Christi
1264 5220 1333 5277 lacis
1343 5223 1459 5292 velatus,
1474 5226 1682 5298 coronaspinea
1691 5235 1851 5294 coronatos,

1052 5290 1081 5345 in
1091 5307 1173 5348 cruce
1189 5292 1297 5364 ligatus,
1308 5293 1337 5348 in
1347 5301 1426 5349 sexta
1433 5294 1512 5361 feria,
1523 5312 1597 5353 anno
1605 5313 1708 5365 iriixvi,
1719 5323 1730 5347 ι
1750 5299 1852 5427 pprima

1051 5362 1137 5419 editio
1148 5365 1357 5435 notatirxxviii)
1376 5364 1510 5423 «tradidit
1524 5367 1664 5440 spiritum.
1679 5372 1757 5427 Aure
1770 5369 1850 5436 ranis,

1051 5432 1188 5505 depositio
1201 5435 1327 5508 Prosperi
1337 5435 1469 5509 episcopi.
1484 5438 1588 5507 Boium,
1598 5439 1718 5512 Serapim
1733 5441 1852 5513 virginis

1051 5512 1078 5559 et
1088 5506 1227 5576 martyris,
1240 5522 1300 5579 que
1311 5505 1357 5563 hic
1368 5523 1446 5580 passa
1454 5516 1506 5575 est,
1516 5509 1564 5565 sed
1579 5527 1610 5565 rii
1620 5510 1713 5568 Nonas
1729 5512 1852 5594 Septem·

1050 5574 1118 5641 biis,
1132 5577 1258 5647 sepulcro
1272 5592 1345 5633 novo
1360 5578 1498 5660 imposita.
1524 5580 1642 5638 Ciuitate
1654 5583 1779 5651 Mameti,
1791 5599 1851 5641 sau·

1050 5653 1100 5703 cta
1115 5646 1281 5719 Seraphinae.
1306 5649 1424 5721 Bapenii
1443 5649 1515 5723 regis
1537 5652 1735 5724 Barbarorum,
1750 5656 1850 5724 Floria,

1050 5716 1163 5772 Lucilla
1175 5717 1325 5790 virginum,
1345 5721 1522 5794 aliorumque
1536 5723 1689 5780 inultorum
1712 5727 1850 5800 martyrio

881 5785 996 5860 nLupo
1049 5791 1850 5867 coronatorumtnminooobriiriiacliouemtpornnio
