3834 6136
140 232 211 296 ttae

632 225 753 286 flueret
773 224 935 286 uouxcflt
953 225 1286 285 auursslououuusts

1717 224 1785 282 {lto

139 384 197 442 rius
204 381 289 455 gratia
295 379 503 455 Deiepiscopus‚
510 378 539 436 in
545 377 665 437 Domino
672 385 801 435 eternam
809 379 936 436 salutem.
952 383 979 443 Α
993 379 1087 435 inerit.
1103 377 1209 435 lacebit
1222 377 1345 450 prolecto
1359 376 1492 435 lluctnum
1507 375 1624 433 elisione
1637 383 1792 436 truncatus,

145 523 148 527 .
182 471 268 529 ‹Tuae
278 471 359 530 nohis
368 471 501 528 doctrinae
511 470 607 527 multis
614 467 672 542 J‘sm
686 468 882 541 experimentis
892 486 937 542 ap·

139 560 253 638 probate
266 559 412 634 prudentia
429 557 566 631 compulit
583 573 635 614 nos
649 558 796 630 quamdam
809 557 866 614 tuis
880 557 939 614 hu-

139 650 223 708 meris
250 648 426 723 imperiosam
452 662 635 720 superponere
666 645 861 703 sarcinulam:
891 646 939 704 sed

139 757 210 814 eam,
226 756 287 813 quas
302 739 353 796 tihi
368 738 475 796 nonsit
490 737 578 807 oneri,
599 736 647 794 sed
668 735 786 793 honori:
809 750 860 793 nec
878 751 939 810 qun

139 829 268 892 deorsum
291 828 388 902 iniquo
411 828 530 901 pondere
552 834 669 901 premat,
692 827 740 883 sed
764 842 824 899 qum
846 825 940 898 potius

42 966 48 978 .
139 921 239 979 omium
262 934 348 992 usque
372 921 508 978 sustollat.
529 918 677 991 Cognitum
696 916 748 974 tibi
762 924 814 983 est,
829 915 939 974 charis·

140 1014 210 1073 sime
230 1013 324 1080 irater,
345 1028 405 1085 quaa
419 1012 456 1068 sit
470 1011 653 1067 humanarum
669 1009 803 1066 mentium
817 1010 938 1068 diversi-

134 1106 194 1170 tas,
204 1108 232 1158 et
244 1098 477 1174 quemadmodum
491 1099 583 1158 studia
591 1100 621 1156 iu
633 1100 771 1158 contraria
780 1115 836 1156 non
847 1101 937 1156 solum

140 1190 223 1247 inane
236 1189 347 1262 vulgus,
362 1205 458 1246 verum
474 1189 557 1246 etiam
570 1188 699 1247 universa
708 1188 850 1246 scindatur
859 1187 937 1245 nohi-

139 1280 212 1338 litas.
228 1278 265 1335 lit
279 1278 391 1352 quidam
405 1278 518 1352 quidem
531 1279 655 1352 prosaico
665 1279 838 1336 oblectantur
846 1278 935 1350 stylo;

139 1368 252 1444 quidam
272 1377 364 1426 sutem
383 1368 506 1425 numeris
527 1384 555 1426 so
573 1367 748 1442 rhythmisve
764 1366 938 1426 secantibus

138 1474 269 1517 ramnum
282 1457 413 1516 delectari
427 1457 558 1516 latentur.
577 1458 651 1532 Ergo
668 1466 701 1516 ut
720 1457 846 1515 omnium
865 1456 938 1515 votis

137 1564 320 1618 decurrerem,
350 1555 377 1605 et
400 1548 494 1606 nullus
518 1565 568 1606 suo
591 1547 727 1608 desiderio
752 1547 936 1616 fraudaretur,

138 1638 242 1713 placuit
263 1637 344 1708 mihi,
366 1646 397 1695 ut
416 1638 494 1697 Vitas
512 1639 732 1697 beatissimorum
749 1638 937 1695 Professomm

996 470 1120 544 quisquis
1134 487 1190 527 suae
1205 467 1379 541 procacitatis
1393 466 1458 524 fisus
1473 474 1696 535 auctoramento,
1712 468 1794 526 indo-

995 561 1076 617 cilem
1091 560 1158 617 ratis
1172 560 1310 617 dexteram
1327 558 1427 631 ingerit
1441 559 1529 615 clavo.
1545 557 1592 615 Sia
1606 559 1794 632 unusquisqne

995 648 1025 705 in
1039 649 1181 706 diversum
1197 649 1341 723 imperitiae
1360 649 1446 706 hamo
1460 648 1641 717 inscinditur,
1658 647 1683 704 si
1697 647 1794 706 docto-

995 755 1056 796 rum
1076 739 1217 797 iavorihus
1234 739 1348 796 minime
1364 738 1519 811 adjuvetur.
1535 738 1621 812 Ergo,
1637 738 1794 798 beatissime

994 832 1048 901 uir,
1063 847 1163 905 queso,
1184 839 1216 888 ut
1229 831 1278 887 illa
1290 830 1359 886 mihi
1374 830 1485 888 culmen
1500 829 1586 902 apicis
1601 830 1646 886 tui
1662 829 1792 902 imponat,

994 937 1054 994 qnae
1068 921 1148 977 lacile
1162 938 1206 977 me
1217 935 1296 992 posse
1310 919 1440 993 perlucere
1455 933 1512 974 non
1526 918 1649 975 dubitat.
1666 917 1696 974 Si
1706 926 1793 976 tamen

994 1015 1021 1066 et
1038 1009 1068 1064 in
1082 1009 1135 1066 hoc
1147 1025 1240 1083 opere,
1257 1007 1393 1082 quidquid
1412 1007 1525 1079 illepide
1544 1016 1592 1064 aut
1613 1007 1735 1064 infacete
1746 1023 1794 1065 ru-

994 1098 1063 1155 stica
1081 1101 1227 1170 garrulitas
1247 1098 1403 1171 digesserit,
1428 1097 1622 1172 equanimiter
1646 1098 1729 1167 ieras,
1747 1115 1794 1171 ag-

994 1189 1123 1262 grediar;
1142 1197 1170 1245 et
1184 1188 1292 1257 faciam,
1308 1204 1369 1261 qum
1395 1195 1508 1261 palerna
1531 1189 1652 1262 imperat
1672 1205 1707 1247 ac
1720 1188 1794 1261 jubel

993 1278 1153 1336 auctoritas.
1169 1277 1236 1336 Vale
1250 1277 1363 1350 longum
1379 1277 1410 1333 in
1428 1284 1547 1351 tompus,
1563 1277 1680 1336 domine
1693 1295 1794 1352 semper

994 1388 1071 1430 meus
1085 1378 1112 1428 et
1125 1370 1274 1444 apostolice
1291 1387 1370 1444 papa.
1386 1395 1395 1421 ·

1031 1463 1056 1518 t.
1072 1461 1122 1517 llis
1134 1459 1254 1518 sollicita
1278 1461 1396 1519 lectione
1413 1459 1547 1533 decursis,
1563 1461 1734 1537 tandemque
1751 1481 1793 1524 xe·

995 1551 1052 1607 latu
1062 1549 1248 1607 assistentium
1259 1546 1418 1622 hujusmodi
1427 1566 1586 1623 opnspencs
1597 1568 1649 1608 nos
1658 1568 1792 1627 nunquam

993 1649 1165 1712 etnusquam
1180 1640 1304 1712 paruisse
1319 1639 1501 1712 comperiens,
1518 1642 1611 1697 multa
1624 1643 1793 1700 animositate

137 1727 269 1804 quasdam
294 1727 362 1802 pede
385 1726 473 1785 libero
495 1727 688 1797 describerem,
715 1726 848 1802 quasdam
871 1743 973 1809 ueroB
992 1737 1143 1801 correptus,
1158 1727 1233 1801 quod
1248 1736 1355 1786 tantum
1370 1729 1552 1804 opuslrustra
1567 1729 1791 1794 hominumnoti

137 1815 196 1887 lage
219 1817 334 1873 metrica
357 1815 503 1888 impeditas
526 1814 688 1889 digererem.
712 1815 754 1872 Oh
776 1831 858 1890 quam
878 1829 936 1870 rem

137 1903 251 1962 obsecro
267 1904 374 1961 unitam
395 1904 466 1960 mihi
485 1912 540 1960 tuae
554 1904 714 1962 dilectionis
727 1904 889 1971 amicitiam,
905 1908 937 1957 ut

136 1990 288 2049 beatissimi
302 1992 431 2048 Germani
441 1991 562 2064 episcopi
572 1992 667 2050 Vitam
682 1994 713 2049 in
727 2007 858 2049 versuum
870 2006 935 2063 qua·

136 2078 242 2142 liutem
261 2088 430 2138 commutare
446 2096 502 2137 non
517 2080 650 2139 desistas:
666 2082 754 2139 sancti
767 2097 834 2137 uero
847 2082 936 2137 hma-

136 2169 205 2228 toris
222 2168 346 2243 prosaica
363 2169 551 2228 modulatione
568 2171 707 2229 describas
721 2189 727 2228 :
743 2180 775 2229 ut
789 2177 935 2228 sectatores

135 2259 290 2333 apostolica
318 2259 524 2333 predicationis
551 2260 653 2329 effecti,
681 2261 811 2317 omnihus
842 2259 954 2317 omnia·

135 2349 297 2418 efficiamur,
315 2356 342 2405 et
356 2349 427 2405 nulli
443 2348 593 2422 quidquam
607 2348 764 2419 debeamus,
780 2349 834 2406 nisi
849 2356 880 2405 ut
893 2349 934 2404 in·

138 2440 225 2498 vicem
248 2440 405 2513 diligamus.
428 2439 604 2498 individuam
620 2440 690 2498 mihi
706 2441 867 2499 charitatem
882 2456 936 2496 re-

135 2536 217 2587 stram
242 2528 340 2585 divina
358 2529 495 2586 custodiat
514 2529 610 2603 pietas,
629 2529 797 2587 uenerabilis
812 2529 928 2586 irater.»

169 2617 196 2673 d.
213 2616 385 2689 Rescriptum
400 2619 514 2675 antelati
531 2619 699 2692 presbyteri:
720 2618 856 2675 «Domino
865 2617 936 2674 bea·

135 2704 242 2761 tissime
255 2711 282 2760 et
296 2705 456 2778 apostolicis
474 2705 571 2764 inlutis
592 2708 730 2776 decorato,
756 2705 828 2781 patri
847 2705 936 2779 spiri-

134 2794 196 2861 tali,
219 2793 342 2849 hunario
361 2793 499 2869 episcopo,
520 2796 684 2870 Stephanus,
704 2797 829 2854 omnium
843 2813 935 2854 seruo·

134 2896 196 2939 rum
210 2881 314 2940 Christi
328 2881 461 2939 lamulus.

176 3009 323 3068 «Decursis
344 3009 444 3067 litteris
464 3009 633 3085 apostolatus
652 3010 748 3081 vestri,
768 3028 823 3086 quo
845 3010 931 3069 sancti

992 1818 1037 1876 tiae
1056 1819 1215 1892 deperisset,
1230 1837 1279 1894 per
1292 1820 1351 1877 dies
1365 1822 1470 1896 aliquot
1481 1823 1604 1881 internis
1619 1825 1710 1882 animi
1720 1842 1791 1899 ango·

991 1907 1068 1963 ribus
1084 1907 1256 1981 carpebatur.
1273 1909 1450 1984 'laudemque
1471 1928 1527 1978 me,
1547 1912 1599 1986 qui
1622 1920 1684 1969 tum
1709 1931 1792 1972 recem

991 1995 1094 2054 scholis
1107 2011 1282 2068 emerseram,
1299 2007 1462 2069 convocato,
1485 1999 1614 2058 dolorem
1629 2004 1721 2075 aperit
1732 2004 1791 2061 inte

991 2089 1095 2146 atinum
1111 2107 1118 2157 ;
1140 2097 1225 2163 utque
1240 2091 1276 2160 ei,
1293 2092 1316 2148 si
1331 2108 1384 2165 qua
1399 2108 1517 2166 possam,
1534 2093 1645 2150 ratione
1668 2097 1789 2166 mederer,

991 2178 1180 2251 importunius
1194 2188 1366 2238 contestatur
1382 2199 1388 2240 :
1403 2182 1510 2240 scilicet
1525 2192 1570 2253 ut,
1588 2183 1665 2256 quod
1682 2186 1790 2242 elabora·

991 2277 1050 2326 tum
1061 2268 1200 2341 quondam
1210 2269 1240 2326 iu
1251 2270 1373 2343 prelatis
1382 2270 1509 2343 epistolis
1518 2273 1637 2345 legerat,
1653 2273 1789 2343 iterarem;

990 2368 1121 2435 actusque
1136 2361 1265 2419 Germani
1279 2364 1556 2437 praecellentissimos
1575 2382 1592 2421 a
1606 2384 1690 2440 prosa
1704 2369 1731 2425 in
1745 2387 1790 2426 me·

990 2458 1076 2521 trum,
1093 2451 1238 2510 desideriis
1250 2453 1327 2509 illins
1343 2453 1545 2525 satisfacturus,
1562 2458 1790 2518 transfunderem.

990 2543 1099 2617 Expavi
1110 2544 1222 2616 (fateor)
1239 2546 1390 2618 negotium,
1408 2554 1532 2620 utsupra
1547 2549 1625 2607 vires
1643 2568 1703 2608 csse
1716 2568 1790 2627 repu-

990 2643 1061 2704 tans,
1074 2635 1147 2708 quod
1162 2635 1367 2709 imponebatur,
1378 2639 1469 2711 quoad
1484 2641 1574 2712 potui,
1586 2643 1788 2701 collasubduxi.

990 2725 1107 2798 0bjectn
1130 2727 1241 2783 landem
1263 2729 1395 2801 regularis
1419 2731 1534 2802 capituli
1559 2732 1701 2805 addictus,
1726 2734 1789 2808 quod

990 2822 1072 2879 etiam
1088 2822 1273 2896 impossibilia
1293 2834 1427 2901 praecepta
1447 2827 1556 2888 abbatis
1581 2832 1701 2890 minime
1719 2833 1789 2890 reiu-

991 2911 1090 2984 gienda
1105 2914 1269 2985 prescribit,
1285 2917 1392 2990 suscepi
1415 2918 1527 2993 quidem
1543 2921 1587 2992 (nt
1600 2939 1653 2995 par
1667 2928 1733 2996 erat)
1745 2922 1789 2995 ju-

990 2999 1081 3058 bentis
1096 3003 1256 3077 imperium,
1270 3021 1427 3081 quanquam
1444 3009 1522 3066 nulla
1537 3011 1645 3069 virium
1660 3015 1788 3074 conscien-

132 3097 263 3160 desiderii
286 3101 378 3172 ardor,
401 3118 510 3159 summa
532 3102 672 3160 alacritate
698 3103 850 3176 pertendat,
874 3104 971 3170 luoec
989 3090 1039 3159 ¹5³»
1064 3109 1172 3164 lemma
1196 3105 1229 3152 ¹1ss
1249 3096 1389 3155 Ῑῡῦῑῑῐῐῐῑῖθ
1415 3111 1570 3173 l)raemonet
1595 3107 1738 3177 ieiumi&
1760 3104 1789 3162 de

132 3191 235 3250 clarius
249 3190 410 3264 approbavi.
426 3191 475 3250 Est
489 3191 574 3265 igitur
588 3191 744 3249 deuotionis
756 3200 853 3249 vestrm
866 3208 934 3265 pro-

132 3283 265 3358 positum,
275 3284 399 3339 virorum
411 3282 666 3356 opinatissimorum
678 3282 808 3339 Germani
817 3290 844 3338 et
854 3281 934 3338 hora·

131 3373 201 3430 toris
215 3372 320 3429 floridae
336 3373 401 3429 vita
415 3373 524 3431 nobiles
540 3383 617 3432 actus
637 3371 803 3429 describere.
827 3371 880 3428 Sed
899 3371 934 3428 ad

132 3477 179 3519 eos
201 3461 367 3534 lepidissimi
389 3462 467 3519 callis
487 3462 573 3519 uestri
592 3461 727 3533 dirigatur
741 3461 870 3530 intentio,
886 3460 933 3533 qui

131 3550 239 3624 possint
248 3551 409 3609 uirtutum·
424 3551 531 3607 lumina
546 3551 694 3625 equiperis
707 3551 835 3608 affatibus
849 3550 933 3624 inspi-

131 3658 203 3701 care.
219 3642 324 3700 Verum
339 3658 399 3714 ego,
414 3641 493 3714 cujus
512 3641 586 3699 iners
606 3642 748 3714 ingenium
771 3641 880 3713 gemino
898 3641 932 3697 ri-

133 3745 196 3804 gore
214 3729 356 3803 torpescit,
378 3737 406 3786 et
427 3730 520 3803 lingua
538 3729 696 3787 balbutiens
717 3729 839 3786 faucium
861 3729 933 3786 inter

132 3819 292 3878 raucidulos
307 3836 403 3877 cursus
416 3819 542 3893 squalido
554 3819 611 3876 situ
623 3818 766 3891 impedita,
777 3835 833 3875 non
844 3819 932 3892 loqui·

132 3914 189 3975 tur,
213 3909 261 3964 aed
285 3907 384 3964 stridet
403 3908 514 3980 potius;
535 3906 673 3978 quomodo
686 3912 781 3980 potero
796 3907 932 3968 divinitus

132 3997 268 4070 inspirata
290 3996 414 4053 virorum
439 3995 677 4054 sanctissimorum
704 4013 820 4055 munera
844 4001 932 4073 polito

132 4086 263 4158 expedire
276 4099 401 4142 sermone
413 4104 420 4155 ;
437 4086 485 4160 qui
500 4102 550 4143 nec
565 4087 672 4160 privata
685 4102 798 4159 possum
809 4088 931 4147 humano

132 4188 197 4232 casu
206 4174 330 4231 coniecta
340 4175 450 4248 negotia
463 4175 624 4248 explicaret
637 4175 766 4234 Ridicule
781 4177 823 4250 (ni
836 4176 929 4251 fallor)

131 4262 321 4335 inexplicabili
345 4280 378 4322 ac
400 4263 523 4322 ludibrio
546 4272 632 4321 semet
656 4264 782 4338 impedit,
805 4267 930 4342 quisquis

131 4353 204 4410 ultra
226 4352 329 4409 virium
349 4369 461 4410 suarum
481 4354 691 4426 possibilitatem
715 4370 784 4411 onus
804 4358 928 4415 assumit.

130 4441 226 4499 Nonne
240 4443 360 4499 terarum
381 4450 529 4502 sectatores
548 4443 572 4501 si
594 4444 688 4502 minus
708 4447 829 4518 captiosa
850 4446 929 4505 indu·

131 4533 198 4590 stria
226 4534 407 4604 formaverit,
435 4536 527 4592 audax
552 4538 691 4593 temeritas
718 4536 929 4610 pessumdabit?

129 4624 276 4696 Nunquam
293 4625 349 4680 tiro
368 4624 491 4680 uictoria
511 4632 690 4681 monumenta
709 4642 804 4698 parma
821 4626 929 4701 depicta

132 4712 259 4785 gestabit,
283 4714 307 4771 si
331 4729 394 4770 eum
418 4715 500 4773 docta
522 4716 645 4773 veterani
663 4718 789 4791 exempla
807 4734 863 4775 non
879 4719 928 4776 in·

131 4803 293 4860 struxerint.
312 4802 459 4879 Nunquam
471 4805 554 4861 etiam
567 4806 638 4862 aeris
649 4807 773 4878 patulum
786 4807 839 4864 iter
851 4815 928 4867 tutus

131 4894 188 4951 ales
201 4890 344 4961 resecabit,
358 4893 404 4949 cui
418 4894 521 4966 previa
534 4893 592 4951 dux
611 4895 743 4968 penniger
764 4904 850 4952 mater
871 4914 926 4955 non

162 5033 175 5062 ¹
192 5020 349 5094 AEquiperis
362 5021 487 5092 affatibus
498 5020 639 5093 inspicare.
651 5023 691 5078 lta
704 5021 825 5096 optimus
839 5024 926 5081 codex

128 5102 222 5150 noster
236 5093 441 5166 Lugdunensis.
453 5093 506 5148 Pro
520 5093 621 5165 quibus
635 5094 735 5166 legitur
749 5096 778 5151 in
794 5112 844 5152 ms.
866 5097 925 5152 Bel·

128 5165 248 5221 lortiano
262 5183 268 5221 :
284 5164 444 5220 convenienti
456 5166 576 5220 cratium
589 5166 728 5222 celebrare.
749 5166 801 5224 Sed
821 5184 872 5224 ms.
892 5167 925 5223 il·

127 5234 174 5292 lud
189 5236 290 5309 passim
301 5236 498 5308 interpolatum
509 5243 549 5292 est
570 5237 601 5292 ln
612 5237 683 5293 llist.
699 5253 760 5311 epp.
771 5239 923 5296 Autissiod.

126 5303 263 5365 habetur:
280 5307 425 5379 equiperis
446 5307 576 5381 afflatibus
598 5308 733 5380 inspicere.
758 5310 819 5366 Non
840 5317 922 5367 recte.

125 5375 176 5432 Est
189 5379 263 5434 enirn
278 5395 374 5436 sensus
386 5379 521 5436 auctoris:
538 5378 633 5447 Quare
649 5378 699 5437 tihi
714 5381 924 5453 aliumscripto·

124 5461 194 5516 rem,
213 5448 351 5529 Opraesul
372 5451 487 5520 lunari,
510 5451 558 5523 qui
577 5452 663 5524 possit
678 5451 725 5510 SS.
741 5452 881 5509 Amatoris
895 5461 923 5508 et

127 5518 253 5574 domum
272 5522 389 5578 virtutes
405 5530 460 5578 tam
476 5524 641 5580 excellentes
655 5539 711 5580 uon
726 5524 851 5580 inferiori
867 5525 922 5580 elo·

123 5589 190 5662 quio
212 5590 359 5650 illustrare.
380 5593 475 5666 ltaque
493 5595 623 5652 virtutum
643 5595 755 5667 lumino,
776 5594 920 5666 saulaces,

989 3183 1123 3242 charitate
1137 3188 1290 3260 conlidens,
1316 3198 1342 3246 et
1363 3191 1397 3248 de
1420 3193 1560 3266 adjutorio
1585 3197 1640 3254 Dei
1655 3198 1788 3258 obediens.

988 3259 1046 3330 vix
1059 3275 1162 3347 primas
1179 3279 1269 3351 operis
1283 3289 1374 3352 partes
1385 3281 1530 3356 attigeram
1549 3304 1555 3343 :
1571 3293 1601 3342 et
1618 3286 1685 3357 (heu
1699 3288 1788 3345 misma

989 3362 1117 3419 humanm
1138 3365 1263 3422 conditio
1288 3370 1371 3426 sortis
1392 3371 1412 3444 l)
1437 3371 1521 3430 abhas
1544 3374 1595 3431 ille
1610 3393 1699 3446 meus,
1713 3393 1787 3452 prope

989 3450 1062 3508 diem
1087 3452 1198 3511 iuturus
1224 3455 1254 3511 in
1272 3457 1338 3514 orbe
1361 3466 1496 3517 terrarum
1522 3463 1674 3536 mirabilis,
1690 3475 1787 3524 teneros

988 3540 1124 3598 excedens
1139 3551 1226 3615 artus,
1244 3546 1438 3622 intempestiva
1458 3554 1594 3610 saeculum
1614 3566 1702 3614 morte
1713 3555 1786 3614 dese-

988 3631 1054 3688 ruit.
1077 3632 1128 3689 llic
1146 3651 1226 3692 casus
1251 3644 1307 3694 tam
1332 3640 1466 3714 lugubris,
1485 3651 1543 3700 tam
1563 3646 1680 3704 acerbus
1703 3647 1786 3704 omnia

988 3722 1057 3777 mihi
1072 3725 1174 3794 studia,
1189 3742 1284 3787 omnes
1299 3747 1378 3790 curas
1388 3745 1562 3807 excusserat;
1577 3739 1636 3796 nisi
1646 3739 1786 3813 probabilis

987 3811 1036 3867 illa
1049 3816 1185 3873 sententia
1198 3817 1292 3877 auimo
1306 3822 1481 3882 subvenisset
1496 3843 1504 3894 ;
1526 3826 1656 3886 dolorem
1674 3837 1786 3904 tempore

987 3902 1075 3958 minui
1104 3922 1111 3972 ;
1145 3907 1273 3982 quodque
1294 3911 1463 3971 diuturnitas
1484 3915 1608 3975 allatura
1629 3929 1710 3991 esset,
1735 3933 1786 3994 qua

986 3993 1124 4050 maximos
1148 3996 1239 4055 luctus
1264 4008 1400 4060 vetustate
1422 4005 1508 4075 tollit,
1533 4005 1563 4063 id
1587 4024 1639 4066 nos
1659 4008 1785 4067 anteferre

985 4081 1102 4138 consilio
1115 4083 1317 4162 prudentiaque
1332 4091 1441 4151 debere.
1465 4095 1523 4153 Hac
1544 4097 1716 4173 cogitatione
1728 4099 1786 4154 ani-

985 4186 1061 4226 mum
1080 4172 1189 4246 impuli,
1216 4184 1246 4233 ut
1270 4179 1336 4236 viro
1358 4183 1540 4256 morigeratus
1564 4187 1686 4261 fueram,
1711 4191 1784 4247 etiam

984 4268 1093 4316 mortuo
1123 4263 1248 4338 obsequi,
1277 4268 1363 4343 inque
1386 4272 1511 4333 deiuncti
1540 4278 1673 4350 gratiam,
1704 4287 1785 4353 coepto

984 4351 1059 4422 operi
1075 4351 1255 4424 perfectionis
1266 4359 1448 4430 pertinaciam
1463 4363 1624 4427 admovere.
1644 4370 1745 4439 Institi,
1759 4377 1784 4425 ut

944 4471 969 4531 D
984 4440 1061 4511 potui
1077 4459 1084 4510 ;
1106 4449 1133 4498 et
1146 4459 1201 4499 non
1215 4445 1305 4505 invita
1320 4449 1454 4523 Minerva,
1468 4455 1611 4515 uoluntati
1621 4458 1704 4517 bone
1718 4460 1784 4515 laxas

983 4531 1147 4599 permittens
1162 4533 1294 4603 habenas,
1309 4549 1456 4615 conceptos
1468 4543 1613 4604 interdum
1628 4549 1721 4606 luctus
1734 4564 1784 4604 mo·

985 4633 1075 4676 sarum
1086 4622 1218 4696 colludio,
1231 4635 1360 4703 tanquam
1373 4631 1433 4689 noti
1443 4633 1590 4707 cujusdam
1600 4635 1783 4696 medicaminis

984 4718 1051 4778 arte,
1072 4711 1206 4772 levabam.

1019 4799 1046 4854 8.
1062 4799 1222 4861 Coniectum
1237 4825 1302 4866 sane
1316 4827 1384 4886 opus
1399 4812 1429 4870 in
1443 4813 1590 4888 publicum
1602 4815 1685 4876 edere
1696 4817 1782 4893 displi-

983 4885 1081 4954 cebat3
1100 4891 1183 4961 quod,
1200 4895 1245 4950 cui
1269 4897 1339 4956 illud
1359 4901 1526 4962 destinarem
1547 4908 1719 4980 specialiter,
1734 4923 1779 4966 nou

982 5012 1120 5097 aequiparis
1134 5019 1259 5106 affatibus
1273 5024 1413 5108 inspicare,
1427 5037 1468 5086 est
1479 5030 1601 5090 virtutes
1615 5032 1681 5092 illas
1695 5036 1734 5093 sic
1744 5048 1777 5091 or

981 5087 1189 5168 naredrcendo,
1206 5102 1237 5149 ut
1251 5107 1393 5169 inspicataa
1407 5101 1450 5172 (id
1464 5111 1506 5159 est
1525 5104 1555 5159 in
1574 5106 1661 5179 spicm
1676 5109 1775 5164 modun

980 5160 1112 5241 concise)
1126 5176 1174 5232 per
1188 5163 1355 5226 rhetoricam
1370 5172 1443 5230 laces
1460 5173 1621 5246 uideantur,
1642 5179 1723 5251 cujus
1735 5191 1775 5248 opt

981 5227 1158 5302 luculentius,
1174 5251 1255 5307 quam
1271 5255 1319 5311 per
1332 5258 1360 5298 se
1382 5244 1478 5316 possit,
1499 5262 1723 5320 quaquaversum
1736 5251 1775 5305 lu-

981 5315 1042 5355 mon
1059 5303 1209 5384 adundant.
1228 5310 1296 5367 Usus
1309 5321 1349 5370 eat
1361 5315 1455 5373 eadem
1475 5333 1543 5375 voce
1559 5320 1699 5396 Virgilius
1710 5321 1772 5379 libr

980 5369 1117 5446 Georgia,
1131 5392 1202 5437 vers.
1217 5379 1279 5452 291,

1046 5541 1079 5590 Et
1093 5546 1196 5622 quidam
1215 5562 1287 5598 soros
1303 5549 1403 5601 hiberni
1418 5549 1452 5602 ad
1464 5553 1572 5606 luminis
1583 5557 1659 5622 ignes

1025 5608 1200 5697 derogatur,
1214 5613 1332 5677 terraque
1346 5614 1414 5665 iaces
1428 5615 1530 5681 inspice
1543 5632 1632 5670 acuto.
