3834 6136
88 189 146 251 465

611 190 930 254 MARTVROLOGIUM.
950 224 985 238 -
1003 197 1107 257 MENS.
1128 196 1224 257 SEPF.

1692 205 1746 268 46⁶
1795 205 1799 212 .

88 337 142 452 pro
158 319 312 385 remeia
330 319 409 391 pejus
423 329 601 380 mutarerunt
615 323 852 399 Aetnen-Major
866 327 896 383 iii
910 325 1092 399 Aiunctione
1111 330 1176 387 vide
1190 331 1271 388 inira.
1289 331 1429 389 Romoniei'
1442 348 1492 407 pro
1507 335 1651 406 Romoix'ei,
1675 356 1750 397 oea·

20 407 24 413 ·
117 391 268 459 erbenniiis,
290 392 393 448 Melan.
425 393 454 449 in
480 395 671 454 Perliemimus.
701 400 803 455 Omnes
831 416 896 456 cuin

88 465 188 522 Adone
209 471 318 536 ponunt
351 466 488 522 Volusiani
516 474 541 521 ct
557 468 671 538 Galloni,
692 471 726 526 de
753 487 806 544 qua
829 487 895 527 coii-

951 401 1057 527 ppoeito
1072 418 1121 473 pio
1139 403 1336 471 anachoriticae,
1360 404 1430 462 vitia
1451 414 1517 464 sunt
1539 407 1568 462 iii
1591 410 1752 487 Antuerp.-'

979 488 1063 543 agore.

773 595 1077 655 OBSERVATIONES.

124 690 262 749 Batonius
276 689 310 746 ad
336 706 394 745 xxv
415 690 575 746 Decembris
589 690 623 746 de
638 694 796 748 memoratis
811 709 894 765 supra

87 772 189 821 sancte
205 761 336 834 Eugeniae
352 762 429 817 Actis
444 762 482 816 ita
492 764 673 834 pronuntiat:
692 765 793 819 Habent
808 771 893 819 minen

86 837 182 907 aliquo
195 852 256 906 gae
268 851 380 889 amara
401 834 544 904 indigeant,
568 836 649 889 ueluti
663 837 734 905 quod
747 837 784 890 ibi
798 837 893 907 legitur

85 909 119 963 de
131 908 259 978 Philippo
274 906 401 975 Euporie
422 913 510 976 patre,
531 906 612 976 facto,
627 913 656 961 ut
670 908 710 961 oit
722 915 824 975 erector,
839 908 892 979 epi·

84 997 163 1106 scopo
177 978 389 1042 Alexandriam
403 979 473 1047 qttod
487 979 569 1049 plane
579 986 750 1033 coniuratum
765 997 827 1047 csse,
845 987 891 1034 tn-

86 1053 121 1107 bu

176 1051 262 1122 episco
299 1066 360 1103 ruia
380 1049 680 1106 Alexandrinorum...
699 1051 835 1121 manifeste
849 1052 890 1106 de·

85 1125 202 1178 clarem.
218 1121 246 1178 si
285 1121 340 1177 isco
353 1121 514 1190 adjunxeris
528 1139 588 1195 qua
612 1122 666 1179 hoc
679 1123 724 1179 die
735 1131 812 1179 notat
827 1123 891 1178 lau-

86 1193 168 1251 datus
192 1193 341 1261 Batonius,
372 1193 452 1249 facile
480 1194 669 1265 deprehendes
698 1212 754 1250 noii
777 1210 810 1250 eo
831 1195 890 1250 snio

85 1273 245 1323 commento
270 1264 394 1321 laborare
417 1266 530 1337 praelata
551 1268 630 1333 Acta,
657 1284 728 1339 qnae,
750 1273 781 1321 ut
807 1282 890 1337 supra

84 1338 168 1394 etiam
184 1336 319 1404 diximus,
335 1353 351 1391 a
366 1336 553 1407 Papebrochio
568 1338 691 1393 discussa
706 1345 732 1392 et
746 1338 890 1409 repudiata

85 1409 197 1465 suntin
211 1408 449 1480 Responsionibus
462 1408 497 1464 ad
512 1410 542 1463 P.
553 1409 763 1476 [Sebastianum
779 1417 830 1464 art.
844 1409 886 1476 lb,

85 1497 196 1536 arium.
210 1481 255 1538 ei.
276 1482 313 1536 [le
338 1478 468 1551 Philippo
492 1496 549 1535 non
565 1482 715 1537 meminere
729 1480 888 1607 apographa

87 1551 315 1623 Hieronymiana,
331 1550 414 1619 Beda,
432 1553 541 1619 Florus,
555 1552 694 1619 babarus,
707 1554 777 1609 Wan
800 1553 887 1608 alber-

90 1633 147 1679 tus.
161 1622 293 1679 Unushic
304 1622 395 1678 denuo
410 1623 573 1696 sequacibus
586 1623 643 1678 suis
653 1624 783 1696 praelucet
792 1632 889 1679 auctor

85 1695 206 1750 Romani
216 1694 304 1766 parri,
317 1694 356 1748 ita
375 1695 507 1767 loqueris:
525 1697 556 1750 Iit
568 1696 749 1758 Alexandria,
766 1696 887 1765 Pliilippi

80 1766 199 1836 episcopi
209 1772 235 1819 et
258 1766 397 1836 martyris,
415 1768 461 1836 qitt'
473 1766 593 1837 primum
605 1767 746 1837 prefectus
762 1766 825 1835 fuit.
843 1768 888 1822 Ex

78 1836 174 1893 citatis
188 1837 266 1892 Actis
281 1836 451 1910 deprompsit
463 1839 526 1893 ndo
536 1855 596 1909 qua
607 1837 640 1893 dc
649 1838 769 1909 Philippi
782 1837 887 1909 episco-

947 695 981 751 ab
990 696 1119 751 omnibns
1130 697 1241 765 nostris,
1250 706 1309 753 tnui
1326 716 1391 755 mss.
1411 708 1470 756 tum
1485 699 1595 758 excusis
1608 702 1748 776 dissentit,

946 773 977 821 ut
992 768 1074 823 etiam
1090 768 1156 823 alibi
1173 768 1391 826 observavimus.
1411 770 1482 827 Vide
1497 773 1653 830 notationes
1673 793 1749 848 prau-

947 838 1006 893 vias
1027 839 1060 894 ad
1086 840 1179 895 Vitam
1207 842 1293 897 sancti
1319 841 1503 913 hujusuostri
1528 844 1631 914 Amati,
1647 849 1750 906 saeculo

946 909 1128 991 Benedictino
1149 929 1178 980 ii,
1195 929 1256 984 pag.
1275 913 1335 981 iae,
1352 914 1400 970 nbi
1411 914 1517 986 integra
1531 914 1622 986 datur,
1661 936 1703 976 uae
1718 920 1747 978 iii

945 980 1026 1036 Surio
1037 991 1179 1039 contracta
1198 992 1225 1039 et
1240 985 1387 1042 immutata
1401 995 1452 1042 esi.
1466 988 1564 1044 Differt
1578 987 1625 1045 bic
1639 935 1749 1048 dorke-

945 1069 991 1108 rus
1007 1054 1079 1125 quod
1095 1071 1145 1126 pro
1158 1056 1248 1110 Amuli
1265 1057 1406 1128 scripserit
1420 1058 1533 1129 Anioni,
1549 1060 1596 1117 sed
1607 1059 1660 1117 hoc
1673 1079 1748 1120 auia·

944 1125 1057 1181 nuensis
1072 1126 1141 1181 vitio
1155 1127 1298 1198 irrepsisse
1307 1129 1455 1186 credimus.
1470 1131 1516 1188 Sic
1526 1131 1630 1189 desolo
1645 1134 1748 1194 amato

944 1205 1042 1252 nostro
1056 1197 1272 1255 wandalbertus
1285 1217 1290 1254 :

992 1339 1080 1388 Idibus
1091 1340 1157 1390 abba
1176 1341 1241 1391 nitet
1261 1342 1352 1391 merito
1364 1351 1390 1392 et
1404 1345 1558 1408 cognomine
1578 1349 1696 1401 Amatis.

977 1481 1079 1536 Praeter
1088 1482 1248 1555 Philippum
1260 1492 1287 1539 et
1297 1485 1427 1541 Amatam
1438 1486 1584 1544 Mosandor
1593 1489 1685 1547 Adoni
1695 1493 1743 1550 tri·

941 1553 1002 1607 buit
1018 1554 1207 1610 Moiirile'ooem
1218 1555 1443 1627 Andagavenseni
1456 1565 1483 1613 et
1498 1560 1643 1616 Litterium
1657 1563 1742 1621 Furo-

942 1641 1053 1680 nenseiii
1069 1625 1223 1697 episcopos,
1239 1643 1255 1681 a
1271 1629 1424 1701 Mnsweydo
1439 1629 1468 1684 iii
1480 1631 1658 1702 appendicem
1676 1635 1742 1692 re'e·

941 1705 1016 1777 ctos.
1030 1698 1069 1751 De
1085 1705 1223 1767 postremo
1242 1698 1335 1770 (quoni
1350 1700 1632 1773 Hieronymianorum
1649 1653 1742 1764 variis

940 1774 1086 1838 consignat
1101 1767 1238 1839 Rabanus)
1256 1786 1310 1825 non
1322 1786 1400 1841 agere
1417 1772 1585 1843 Usuardum,
1600 1777 1742 1847 probatis-

941 1839 1005 1893 simi
1020 1839 1109 1894 nostri
1124 1839 1233 1897 codices
1243 1841 1403 1898 ostendunt.
1415 1843 1586 1902 Crediderim
1598 1863 1633 1903 eri
1643 1847 1741 1906 iisdem

78 1916 145 1980 patu
173 1907 293 1981 aliisque
314 1926 375 1991 eum
401 1910 590 1991 spectantibus
607 1910 657 1990 ¹ibi
687 1917 884 1990 memorantur,
941 1910 1166 1991 Hieronymianis
1181 1911 1273 1982 ipsum
1292 1913 1428 1984 accepisse
1446 1917 1646 1986 Mourilioiiem,
1659 1935 1741 1991 quein

76 1995 195 2107 prorum
217 1980 415 2052 compendium
439 1998 489 2036 suo
511 1982 612 2051 singuli
637 1979 726 2035 modii
740 1979 883 2036 reddidere
898 1973 920 2032 B
938 1980 1021 2036 hodie
1044 1983 1206 2037 Maecilium
1232 1984 1410 2040 communius
1433 1987 1584 2067 appellant,
1609 1990 1742 2070 quiquea

100 2050 221 2107 suardus
250 2060 278 2107 et
292 2052 441 2119 Notkerus,
465 2061 572 2108 servata
589 2051 690 2124 ubique
709 2052 883 2108 connexione

78 2123 278 2194 imperatorum
299 2124 436 2179 Volusiani
457 2131 482 2178 it
497 2124 612 2191 dationi,
635 2125 755 2196 itemque
767 2123 880 2179 nomine

77 2194 204 2249 Perenuii
223 2194 357 2267 preelecti,
372 2195 418 2268 qui
433 2196 462 2250 in
479 2196 556 2251 Actis
570 2212 585 2249 a
600 2196 681 2250 Surio
692 2196 812 2251 vuioatis
835 2198 879 2251 Te·

76 2266 177 2320 centias
195 2265 313 2333 dicitur,
336 2283 472 2340 quemque
494 2266 523 2321 iii
551 2268 674 2323 Romano
690 2238 823 2321 moderno
841 2266 880 2322 ita

76 2337 352 2409 appellatBaronius.
367 2339 428 2394 Haec
440 2338 521 2393 modo
529 2356 578 2411 pro
588 2355 616 2393 re
627 2346 720 2393 nostra
730 2338 878 2394 sufficiant.

76 2410 198 2480 Sequens
216 2410 397 2465 annuntiatio
412 2410 445 2465 de
460 2413 557 2466 ilmirto
568 2411 728 2491 presbytero
744 2417 770 2463 et
781 2410 879 2465 abbate

77 2488 131 2535 tota
155 2480 305 2537 Adoniana
320 2489 370 2548 est,
397 2498 447 2536 uec
469 2484 628 2554 aniiqiiior;
656 2491 713 2536 tota
737 2482 822 2535 icriue
844 2480 879 2536 ad

76 2551 180 2622 apicem
195 2568 212 2607 a
227 2553 329 2608 Nostro
352 2553 499 2625 descripta.
526 2553 682 2620 Adoniana,
698 2554 823 2625 inquam,
839 2559 880 2607 est

76 2624 253 2680 annuntiatio
269 2632 373 2690 nostra,
389 2625 436 2681 sed
452 2642 508 2681 nnn
521 2625 627 2680 Adonis
638 2626 807 2697 illiusquem
824 2625 878 2695 ple·

77 2711 191 2768 riuique
208 2697 237 2751 iii
259 2697 338 2753 Actis
351 2697 539 2753 Benedictinis
554 2697 622 2754 citat
638 2697 762 2764 blabilio,
776 2696 879 2769 quique

936 2052 1083 2108 Mosandro
1098 2060 1125 2108 et
1140 2054 1302 2126 Hagiologio
1314 2055 1428 2123 babbei,
1444 2057 1665 2115 iisdeinomnino
1678 2068 1739 2117 ter-

936 2124 1020 2180 minis
1031 2125 1376 2200 coiumemoratur.Atque
1387 2127 1549 2184 baecouiuia
1563 2145 1627 2185 vere
1636 2139 1662 2186 et
1673 2148 1741 2202 pure

935 2195 1091 2251 Usuardiiia
1105 2212 1163 2252 esse
1186 2213 1341 2265 censemus
1365 2200 1439 2270 quod
1454 2216 1503 2271 pro
1518 2200 1641 2257 instituti
1657 2200 1740 2273 hujus

935 2267 1041 2321 ratione
1055 2267 1135 2338 plane
1146 2268 1259 2323 sufficit.
1276 2269 1340 2324 Alio
1350 2269 1738 2331 reniittiniusexaminandam

934 2354 1027 2393 rerum
1044 2338 1199 2409 congeriem
1214 2340 1287 2395 circa
1303 2339 1381 2395 Vitas
1396 2341 1487 2411 plures
1502 2343 1574 2414 apud
1590 2359 1640 2399 iios
1659 2360 1738 2413 mss,

937 2410 1101 2480 intorques,
1122 2416 1220 2480 prator
1239 2411 1383 2482 antiquius
1405 2412 1503 2480 editas,
1528 2420 1619 2469 exstat
1643 2431 1693 2470 ms.
1710 2423 1740 2472 et

935 2480 1067 2551 impressa
1092 2481 1257 2549 Magnobodi
1273 2481 1492 2554 Aridegarensis‚
1521 2485 1630 2556 aliaque
1645 2486 1737 2543 soluto

934 2554 1018 2623 stylo,
1034 2568 1065 2606 ac
1082 2559 1212 2621 praetcrea
1228 2553 1341 2608 metrica
1362 2554 1487 2609 Maibodi
1502 2555 1692 2611 Rbedoiiensis
1706 2557 1736 2613 iii

933 2622 1123 2678 vetustissima
1146 2622 1318 2691 membrana,
1334 2623 1368 2679 de
1392 2641 1508 2696 quarum
1528 2625 1582 2681 side
1593 2625 1651 2697 jam
1665 2626 1738 2685 inter

934 2694 1052 2762 inditos,
1068 2702 1208 2765 praeunte
1223 2694 1368 2766 Launoy0,
1383 2703 1592 2751 controversum
1608 2704 1658 2752 est.

805 2819 996 2878 aunuatim.

108 2925 259 2979 Roswsrn
269 2923 299 2977 iii
314 2918 645 2993 dneexilieronyniianis
659 2918 773 2988 adjicit:
790 2919 875 2973 «Item

76 2993 101 3048 iii
118 2995 252 3065 Appulia,
271 2993 436 3049 Felicissimi
461 3001 487 3048 et
502 2991 652 3048 Secundini
676 2998 867 3060 martyrius·

106 3067 281 3132 Prasiane,
295 3065 323 3119 iii
337 3066 426 3137 prima
441 3073 468 3120 ct
480 3065 580 3120 ultima
595 3063 661 3119 satis
672 3079 769 3134 purus,
779 3077 874 3117 secun·

74 3135 134 3192 dam
149 3136 184 3192 de
200 3137 300 3193 durato
309 3138 454 3209 expunxit.

103 3209 264 3276 Aurorae,
280 3209 470 3264 Min-Licere.
487 3215 514 3263 et
524 3209 694 3264 Uerissimi.
705 3205 794 3261 textui
804 3203 868 3260 sub-

75 3277 139 3334 dunt
156 3299 162 3334 :
189 3280 344 3346 «Turonis,
360 3281 447 3336 sancti
465 3279 570 3335 Lidorii
585 3278 718 3350 episcopi.
736 3303 745 3325 ι

929 2916 1310 2988 Perbenniuspraesesgladio
1325 2914 1447 2987 jugulari
1466 2916 1541 2986 iecit,
1553 2916 1698 2974 Volusiani
1707 2927 1735 2977 et

930 2989 1037 3044 Gabeni
1061 2989 1258 3060 imperatorum
1275 2996 1407 3060 tempore.
1435 2988 1540 3044 Eodem
1564 2989 1621 3057 die,
1644 2991 1733 3049 saneti
1762 3011 1764 3020 ·

928 3062 1021 3116 nmati
1050 3059 1205 3133 presbyteri
1224 3066 1250 3114 et
1271 3060 1378 3115 abbatis
1398 3061 1558 3116 monasterii
1583 3062 1731 3131 Romarici,

928 3132 1057 3188 Metensis
1072 3131 1208 3197 dimensis,
1225 3131 1272 3200 qui
1284 3132 1360 3185 iiiira
1375 3130 1560 3198 abstinentia,
1577 3157 1586 3180 ι
1603 3138 1668 3201 ete,
1685 3134 1731 3190 ad-

928 3204 995 3258 dens
1009 3203 1037 3258 iii
1049 3203 1115 3268 sirie,
1134 3211 1181 3258 ·et
1190 3200 1261 3255 obiit
1275 3203 1426 3257 multorum
1441 3204 1640 3258 monachornm
1672 3213 1731 3261 ater

929 3275 957 3330 iii
975 3291 1049 3346 pace.
1067 3276 1098 3328 Iri
1108 3273 1269 3346 Aquitania,
1285 3274 1375 3329 natale
1389 3274 1477 3328 saiicti
1497 3274 1644 3330 Maximini
1653 3221 1731 3331 PFre·

103 3351 233 3407 Guavaa.
253 3351 341 3406 textui
356 3354 455 3408 attexit
470 3351 521 3407 snb
536 3351 614 3422 signo
629 3368 661 3405 ιι,
679 3368 684 3404 ;
709 3348 869 3413 «Treveris,
886 3347 907 3406 G
923 3363 1053 3401 verorum
1064 3343 1275 3415 archiepiscopi.
1288 3344 1336 3416 qui
1347 3361 1376 3398 iv
1392 3344 1507 3399 Kalend.
1524 3345 1612 3412 luiiii,
1628 3346 1727 3402 'Fcere-

74 3422 154 3478 sancti
168 3423 288 3478 Materni
303 3424 434 3495 episcopi.
459 3426 497 3479 [le
512 3440 544 3478 eo
558 3423 637 3493 signo
652 3421 757 3492 egimus
768 3439 785 3476 v
797 3427 823 3474 et
834 3436 871 3473 xx

73 3494 196 3564 Augusti,
212 3503 240 3550 et
251 3494 298 3551 hic
308 3495 402 3551 eadem
411 3495 444 3550 de
454 3511 536 3551 causa
545 3496 725 3551 Gnnvuauue
739 3506 869 3563 purorum

73 3579 183 3621 numero
199 3566 385 3622 excludimus.
400 3592 408 3612 ι

101 3637 351 3705 durusne-Max,
362 3638 544 3703 Uiriisiiccr„
554 3638 677 3692 Lernan.
687 3643 713 3690 et
724 3638 821 3691 [truie.
836 3637 869 3692 de

71 3706 233 3764 Maurilione
248 3709 369 3765 addunt:
393 3733 401 3756 ι
417 3709 511 3777 Quies
527 3710 591 3765 vitre
601 3707 755 3765 sanctitatis
766 3708 869 3790 perspi·

71 3793 137 3834 auus
151 3781 261 3836 exstitit
284 3789 311 3836 et
327 3782 423 3837 multis
445 3780 597 3836 virtutibus
615 3780 719 3836 ssoruit.
737 3779 866 3850 Turonis,

71 3851 158 3906 sancti
174 3851 277 3907 Lidorii
292 3853 413 3925 episcopi
429 3861 455 3908 et
470 3853 644 3909 confessoris.
660 3878 667 3896 ·

100 3922 265 3978 Acarnana.
289 3924 365 3980 hisce
384 3923 562 4006 superaddit:
584 3924 748 3990 «Treveris,
775 3925 867 3980 natale

928 3418 980 3472 rim
1002 3418 1105 3471 relatus
1128 3425 1179 3471 est.
1203 3414 1370 3486 Andegavis‚
1395 3415 1483 3471 saneti
1498 3416 1667 3484 Mauriliani,
1683 3420 1728 3476 rel

927 3488 1045 3545 Manrilii
1055 3488 1174 3560 episcopi
1185 3493 1211 3541 et
1224 3485 1542 3557 coiisessoiisdepositio.
1555 3487 1619 3554 Qui,
1630 3511 1639 3535 ι
1660 3496 1726 3559 etc„

926 3561 1207 3626 auderesne-Min,
1222 3557 1725 3630 ‹Turonis,depositioLydOiii.·eto.

961 3641 1124 3701 Aouiciiicr.
1140 3646 1200 3710 post
1213 3639 1243 3693 τὸ
1254 3639 1456 3709 imperatorum,
1471 3637 1587 3693 inserit:
1606 3639 1723 3720 «Dauni,

925 3710 1070 3767 translatio
1076 3711 1163 3766 saneti
1172 3708 1471 3780 Amatiarcbiepiscopi
1480 3708 1657 3765 senonensis.
1669 3710 1723 3777 Qni

924 3782 1124 3838 aTlieodorico
1139 3799 1201 3852 rege
1217 3785 1385 3838 Francorum
1410 3780 1444 3834 ab
1459 3780 1619 3852 episcopatu
1644 3780 1725 3852 deje-

924 3864 984 3911 ctus
999 3854 1116 3910 consilio
1132 3853 1247 3909 Ebroiui
1271 3851 1382 3923 majoris
1405 3851 1504 3906 domus
1525 3851 1554 3906 iu
1570 3850 1641 3908 hauc
1654 3869 1723 3978 pro-

923 3926 1044 3983 vinciam
1060 3926 1195 3995 relegatus
1209 3934 1259 3990 est,
1273 3924 1354 3995 jussu
1366 3922 1470 3994 praelati
1481 3923 1562 3993 regis.
1572 3922 1625 3988 Qui
1639 3939 1655 3978 a
1675 3923 1723 3980 bas

69 3994 155 4049 sancti
172 3995 289 4050 Materni
303 3997 435 4068 episcopi,
454 3995 585 4067 discipuli
600 3995 686 4050 saneti
699 3995 771 4049 Petri
786 3999 866 4067 Apo-
923 3997 1081 4054 monasterii
1093 3998 1229 4053 lloiiiarici
1241 3998 1340 4063 iactus,
1352 3994 1429 4049 mira
1443 3994 1649 4061 abstinentiae·
1666 4003 1719 4052 ete.

69 4065 140 4120 stoli.
157 4090 167 4113 »
192 4066 263 4123 Vide
277 4068 350 4123 inira
369 4069 518 4123 editionem
535 4066 730 4122 Lauren-Con.

921 4069 1259 4148 Postrepisomissumest:
1279 4093 1288 4115 ι
1299 4065 1487 4124 ltemalterius
1496 4065 1583 4122 saiicti
1594 4065 1713 4136 rimati·

99 4136 255 4194 Loriuieri.
273 4138 306 4194 dc
321 4140 520 4196 Aniatoomiiia
534 4145 704 4209 resecatpost
715 4138 862 4204 Homerici;
921 4149 968 4206 ant
982 4140 1050 4212 quid
1064 4139 1165 4206 simile,
1191 4154 1225 4194 ne
1247 4139 1303 4193 duo
1315 4138 1419 4193 diversi
1439 4137 1468 4190 in
1486 4152 1573 4191 unum
1597 4137 1721 4192 coniun-

69 4204 94 4261 in
121 4209 290 4266 Manrilione
308 4228 393 4283 purus
418 4220 469 4267 est.
496 4213 527 4266 lu
551 4211 605 4265 fine
629 4211 662 4265 de
686 4209 810 4278 Lidorio,
833 4219 865 4267 ut

69 4277 314 4352 bernaium-Mix„
328 4293 394 4350 ete,
416 4300 508 4355 supra.

921 4213 1101 4338 daiiluuvrirnoii.
1120 4297 1125 4334 :
1146 4278 1264 4334 «Sancti
1282 4276 1388 4332 Lidorii
1399 4276 1522 4347 episcopi
1537 4276 1717 4336 Turonensis.

99 4352 276 4409 Cisserusa:
292 4357 389 4427 «Apud
401 4354 672 4427 AEgyptumcivitate
683 4353 861 4419 Alexandria,
919 4352 1054 4423 Exceptio
1070 4351 1248 4422 reliquiarum
1261 4348 1333 4404 beati
1348 4347 1451 4401 iuliani
1467 4347 1627 4425 martyris.»

68 4425 150 4479 Mileti
175 4424 299 4497 Philippi
325 4428 464 4498 martyris,
484 4426 569 4499 patris
594 4435 695 4482 sanctae
711 4426 861 4498 (Eugeniia)

954 4422 1415 4480 Marma-Cineas.diruamus,:
1435 4416 1574 4497 «Philippi
1595 4416 1718 4498 episcopi

69 4493 193 4562 virginis.
210 4497 378 4568 Andegavis,
393 4500 480 4554 sancti
496 4498 619 4553 Maiirclii
631 4498 750 4569 episcopi
762 4506 790 4552 et
799 4513 863 4552 coii·
918 4505 945 4551 et
960 4493 1102 4565 martyris,
1114 4492 1200 4563 patris
1213 4498 1314 4546 sanctae
1325 4488 1456 4558 Eugeniae
1467 4503 1595 4557 virginis,
1607 4504 1656 4568 quui
1668 4505 1717 4559 por

67 4563 186 4635 lessoris,
203 4585 363 4640 magnarum
380 4572 515 4625 virtutum
531 4569 595 4624 viri.
611 4571 641 4624 lii
657 4569 797 4625 territorio
811 4568 862 4622 llo·
919 4568 1004 4622 filiam
1021 4561 1566 4641 suamsatismirabiliterestconuersus,
1577 4575 1719 4687 resipueris

640 4640 724 4712 iscopi
744 4650 770 4696 et
790 4656 862 4695 con·
917 4631 1617 4711 prefecturamAlexandrireMaurilionisepiscopi.

68 4707 185 4765 sessoris.
207 4712 270 4782 Ipso
284 4711 338 4779 die,
355 4714 443 4768 sancti
467 4713 558 4768 rimati
583 4658 689 4768 abiiatis
713 4712 747 4767 de
770 4709 900 4767 montell
918 4710 1056 4767 abbatis·

68 4635 194 4705 loniensi,
208 4640 295 4695 sancti
313 4642 425 4697 Maximi
446 4641 587 4710 aegensis,
603 4658 616 4695 e

66 4777 230 4837 Roiiiarioi.»
245 4785 464 4840 IleMaxiiuovel
474 4784 565 4855 potius
579 4784 678 4855 deejus
687 4783 859 4851 inventione,

66 4851 125 4906 ride
141 4853 298 4911 Gnaviriiuii
310 4856 392 4911 iufra.

1651 4631 1717 4689 mati

952 4784 982 4837 lii
999 4781 1146 4847 Viridis„
1157 4795 1186 4834 n.
1201 4777 1282 4844 atie,
1299 4776 1375 4832 deest
1386 4773 1477 4831 Amuli
1491 4780 1517 4830 et
1531 4775 1715 4834 Moiirilt'oais.

916 4853 1064 4924 Adjectum
1088 4851 1177 4924 primo
1200 4851 1282 4907 loco:
1306 4847 1490 4915 «Beneventi,
1514 4848 1614 4904 natalis
1628 4848 1716 4905 saneti

66 4992 71 5003 Ι
97 4924 292 4992 Βιιιιιιιιιιιιι.,
308 4926 336 4982 iii
352 4937 430 4983 textu
448 4928 554 4983 modice
576 4927 767 4998 interpolatus,
784 4926 861 4982 addit
917 4924 1081 4981 Felicissimi
1105 4922 1227 5005 episcopi
1248 4922 1387 5002 insaucia
1402 4918 1514 4991 Sophia.
1531 4920 1636 4975 Eodem
1660 4918 1716 4986 die,

64 5010 91 5048 iii
107 4995 162 5050 ime
178 4997 230 5052 boo
245 4999 333 5054 solum
350 5009 377 5055 et
390 4999 504 5055 unicum
518 4999 689 5054 auctarium:
711 4998 860 5066 «Turonis,
916 4997 1004 5054 sancti
1021 4995 1174 5052 Mamiliani
1187 4994 1388 5052 confessoris.»

64 5067 148 5123 sancti
171 5067 278 5124 Lidorii
293 5070 413 5196 ppiscopi
424 5080 451 5126 et
465 5071 641 5151 confessoris,
659 5096 668 5118 ι
738 5141 743 5150 ,
821 5141 826 5151 Ι

97 5139 281 5219 llinnxoisu.
316 5142 474 5213 ePbilippo
489 5158 523 5197 ex
537 5143 667 5212 Eugenire
683 5145 759 5197 Actis
775 5141 863 5195 fusius

63 5219 116 5279 agit
128 5212 182 5266 boc
191 5212 287 5267 modo:
306 5214 404 5284 «Apud
412 5216 549 5285 Egyptum
560 5213 672 5268 civitate
683 5212 861 5277 Alexandria,

954 5071 1092 5124 Arcanos.
1107 5085 1112 5122 :
1138 5069 1224 5136 «Ipso
1239 5066 1295 5132 die,
1315 5062 1461 5120 translatio
1475 5060 1548 5116 beati
1568 5057 1716 5129 Augustini

918 5141 1069 5208 Anglorum
1100 5137 1288 5262 Apl⁰⁸²⁰¹iassi
1309 5130 1713 5215 sanctoruni·archipraesulum

917 5212 1104 5268 confessorum
1132 5216 1274 5271 aurentii,
1290 5204 1490 5271 Melitintusn,
1502 5202 1628 5268 Houorii,
1644 5203 1717 5257 lleus

61 5279 132 5337 beati
144 5282 268 5354 Philippi
284 5286 405 5356 episcopi
417 5284 611 5357 passio,patris
622 5292 721 5340 sancta
732 5283 862 5353 Eugeniae
917 5282 1003 5346 dedit,
1020 5279 1167 5360 Theodori,
1185 5287 1212 5359 et
1235 5277 1324 5334 sancti
1343 5275 1457 5330 Adriani
1482 5272 1599 5340 abbatis,
1612 5287 1644 5328 ac
1660 5273 1717 5329 Deo

62 5352 188 5423 virginis.
205 5355 258 5421 Qui
275 5372 323 5426 per
337 5357 487 5426 Eugenium
504 5357 588 5411 filiam
605 5373 681 5410 suam
698 5354 863 5410 mirabiliter
915 5354 1023 5409 dilectae
1040 5352 1158 5420 virginis
1172 5348 1342 5428 Milarcdae.·
1523 5414 1528 5425 ⁸
1669 5414 1702 5426 Η

60 5440 213 5481 conuersus
225 5435 278 5493 est,
294 5444 357 5482 cuin
372 5427 478 5483 videret
493 5428 569 5483 illam
584 5427 696 5482 instate
712 5426 861 5482 monacho·
952 5426 1121 5479 Frouiruriri.
1147 5444 1156 5466 ‹
1177 5421 1269 5476 Amati
1274 5459 1328 5474 .....
1346 5416 1417 5489 [abb.
1434 5415 1474 5469 cel
1487 5415 1559 5469 aliua
1576 5413 1717 5498 [lunatici]

60 5512 133 5565 runi,
160 5509 187 5553 et
212 5498 346 5553 infamata
369 5508 439 5556 esset
461 5499 495 5554 de
510 5506 623 5570 stupro:
640 5508 667 5555 et
681 5498 729 5553 illa
743 5497 863 5569 aperiret
916 5494 1001 5566 Cujus
1024 5509 1125 5565 corpus
1153 5493 1207 5548 luit
1231 5503 1392 5548 conoessum
1424 5486 1504 5542 beato
1532 5486 1678 5544 Ambrosio
1702 5504 1719 5544 a

60 5579 165 5624 restem
181 5578 210 5624 et
225 5569 383 5625 ostenderet
393 5588 421 5626 se
435 5587 493 5626 esso
508 5570 595 5626 filiam
611 5586 702 5625 suam:
719 5569 767 5624 ille
780 5569 863 5623 corde
916 5583 1025 5622 summo
1040 5563 1171 5638 pontifice
1192 5568 1291 5643 sancto
1304 5561 1420 5614 Damaso
1444 5565 1471 5613 et
1493 5559 1659 5639 translatum
1683 5557 1718 5615 de

58 5650 294 5712 compunctusest
305 5649 333 5696 et
346 5642 509 5713 baptizatus,
521 5641 703 5712 deserensque
713 5639 859 5711 piaeiectu·
916 5639 1029 5695 civitate
1045 5639 1167 5694 Romana
1185 5635 1219 5690 ad
1237 5638 1379 5714 civitatem
1389 5630 1565 5713 ‘Florentiam
1576 5631 1719 5712 etsepul-

60 5728 130 5780 ram,
141 5712 674 5784 episcopatushonorem,oinnibuseuiii
686 5711 861 5783 eligentibus,
919 5718 976 5766 tuni
993 5710 1020 5764 iii
1035 5706 1151 5765 ecclesia
1164 5714 1251 5762 sancti
1267 5702 1407 5784 Laurentii
1419 5719 1426 5768 ;
1443 5701 1491 5757 ubi
1502 5709 1529 5757 ct
1540 5709 1720 5782 requiescunt

58 5793 203 5843 asswutus
215 5790 268 5854 est,
283 5792 311 5841 et
324 5800 379 5842 uon
392 5788 479 5843 multo
491 5795 552 5858 post
566 5786 596 5841 iii
611 5783 863 5857 orationoposituiii
917 5798 1032 5855 corpora
1045 5787 1204 5839 sanctorum
1220 5777 1304 5837 Marci
1319 5790 1394 5849 papae
1404 5772 1599 5832 otConeordiae
1615 5780 1718 5847 marty·
