3834 6136
65 196 120 255 369

600 198 916 261 Mantineiodtttlt.
937 232 973 245 -
990 205 1096 263 MENS.
1116 206 1199 264 AUG.

1675 216 1729 275 370

65 322 190 376 calorum
204 317 307 390 plone,
323 334 387 375 oum
402 320 663 404 Antuerp.·b{ajore,
685 324 830 398 Bosweyd.
846 334 912 394 οιΑ
929 343 1025 385 ornnes
1037 335 1098 400 post
1112 328 1248 399 Adonem,
1268 347 1331 388 oum
1347 340 1424 389 textu
1446 342 1540 390 nostro
1556 338 1727 394 conveniunt

65 394 206 451 Munerat.
222 405 279 447 nou
296 390 369 446 male
383 390 505 465 quidem,
522 392 567 449 sed
583 396 633 450 reli
655 395 683 450 ui
698 396 871 455 molluscum
928 399 957 454 in
975 399 1059 455 verbo
1074 400 1195 472 diligens,
1220 401 1294 475 quod
1317 418 1347 459 ea
1368 402 1403 460 de
1422 420 1503 461 causa
1525 407 1726 478 preferendum

928 470 992 527 tuit.
1009 471 1097 529 Belin.
1115 472 1216 529 iterum
1227 474 1312 542 solus,
1324 476 1397 532 hecto
1407 478 1458 549 tiae
1469 477 1496 532 in
1504 495 1568 606 ihm
1576 478 1682 549 quieuit.
1694 483 1726 538 ln

66 462 638 537 Adone,miroculorumgratio.hntuerp.·
667 466 874 538 ajor,nonrecto

66 533 214 601 inter'icit,
230 534 350 591 illustris
364 533 427 605 fuit.
442 534 552 592 Praten.
568 536 633 610 legit
645 540 822 596 heremiticam
836 541 874 596 oi·

65 616 119 664 tom
131 552 260 688 iurgiis,
287 614 320 661 ut
334 621 430 662 sensus
445 606 468 662 si
489 615 561 664 recte
575 618 752 667 construatur
764 619 791 668 et
810 630 873 669 oum

65 678 289 756 precedentibus
303 677 475 751 conferatur,
492 679 602 754 exigere
616 683 745 752 videtur;
761 684 808 740 sed
825 685 874 742 alii

929 543 1075 616 Bosweyd.
1090 552 1141 610 est,
1157 547 1246 602 estole
1260 552 1356 601 sancte
1370 548 1482 604 Serenae.
1532 549 1617 622 eliqui
1636 553 1727 609 textui

928 615 1084 696 conformes
1094 624 1168 673 suut.
1181 618 1342 674 Diocletiani
1356 626 1383 674 et
1401 620 1570 676 Diocleciani
1584 629 1612 677 et
1627 622 1651 677 si
1666 639 1726 698 que

929 695 994 742 sunt
1008 686 1168 759 hujusmodi
1185 689 1321 758 minutiae,
1337 690 1404 746 satis
1418 699 1520 763 patent.

744 815 1047 875 OBSElth'l'IONES.

97 915 137 972 De
150 911 274 979 Ursaoio,
287 926 371 985 quem
382 910 481 979 Gracci,
492 928 562 984 qnos
575 912 710 970 Batonius
724 914 800 988 sequi
815 932 871 972 ma·

65 986 127 1052 luit,
141 985 290 1042 Arsaciam
307 982 408 1054 passim
424 991 533 1048 vocant,
551 985 622 1040 nihil
638 985 688 1042 hac
702 987 746 1042 die
762 1003 871 1043 ruenro-

64 1066 124 1115 rant
139 1056 372 1128 hieronymiana,
387 1064 478 1111 tacent
497 1055 579 1113 etiam
596 1056 670 1113 Beda
690 1057 803 1131 ejusque
822 1076 871 1115 se-

65 1144 163 1204 quaces
187 1129 289 1184 Florus
312 1134 340 1182 et
367 1127 503 1184 llabanus.
525 1131 576 1184 Ast
595 1129 623 1183 iu
643 1130 766 1185 Romano
786 1147 871 1201 paruo

64 1203 188 1274 signatur
218 1199 264 1256 his
283 1198 394 1255 verbis:
424 1200 457 1254 lo
486 1199 566 1255 Nicro
592 1201 736 1272 Bithynice,
767 1203 871 1258 Ursaoii

63 1272 223 1344 muscosorir
233 1271 402 1326 subditicio.
414 1270 475 1326 hdo
490 1287 523 1326 ex
540 1272 588 1328 lib.
605 1290 622 1328 v
646 1272 772 1329 Historiae
784 1276 870 1330 cccle-

64 1345 181 1401 siasticre
192 1343 351 1416 tripartita,
362 1350 393 1397 ut
403 1342 520 1413 ipsemet
530 1342 645 1412 indicat,
658 1345 741 1400 breve
749 1346 869 1417 elogium

64 1417 177 1482 textuit,
193 1414 268 1497 quod
284 1422 372 1471 totum
388 1417 572 1486 transumpsit
585 1416 732 1484 Nothcrus,
744 1418 869 1473 aNostro

64 1487 255 1544 modicissrme
279 1494 468 1555 contractum,
500 1488 613 1543 excluso
641 1487 777 1543 duntaxat
796 1488 868 1558 loco,

83 1576 122 1615 uo
135 1560 225 1614 uitam
240 1557 389 1615 solitariam
405 1557 492 1640 egisse
507 1558 617 1629 legitur,
635 1575 743 1631 nempe,
760 1561 788 1614 io
803 1578 868 1631 qoo-

65 1575 131 1686 iom
147 1637 223 1685 turre
234 1627 352 1712 prefate
366 1631 452 1699 urbas,
468 1637 495 1685 ot
509 1628 601 1685 verbis
617 1630 674 1685 illis
692 1631 799 1686 ultirnis
809 1631 867 1702 jam

68 1701 179 1758 anobis
193 1701 310 1758 recitatis
324 1708 351 1756 et
365 1717 447 1772 porro
462 1702 491 1756 in
502 1700 642 1758 Auctariis
657 1718 712 1756 non
727 1704 811 1758 semel
827 1719 867 1758 re·

102 1773 204 1830 endis.
222 1772 321 1830 Omnia
336 1773 425 1828 fusius
440 1773 493 1845 legi
508 1781 621 1844 possunt
631 1773 716 1829 citato
726 1774 759 1829 ab
770 1773 867 1830 hdonc

76 1862 137 1912 ooo,
154 1845 198 1900 vel
209 1843 284 1916 apud
293 1845 476 1901 Sozomenum
492 1844 541 1901 lib.
559 1863 598 1911 ιν,
614 1861 673 1916 cap.
689 1845 731 1912 lii,
742 1846 783 1900 vel
794 1845 866 1927 apud

65 1915 176 1972 Surium
197 1914 395 1972 bocdie.1uol
418 1916 557 1972 tissimum
577 1917 741 1972 hletensinm
757 1917 866 1973 antisti·

64 1996 116 2045 tem
130 1985 297 2057 arnulfum,
313 1988 385 2044 abh
406 2004 538 2043 onexrnr
548 1988 615 2044 tutti
627 1996 752 2044 notatum
768 1989 864 2058 fuisse,

64 2057 295 2132 supradiximus,
311 2058 405 2132 ibique
420 2060 507 2115 multa
521 2058 555 2115 dc
570 2059 694 2115 hrnulhs
714 2060 799 2116 variis
813 2077 866 2116 eo-

64 2147 179 2214 rumque
196 2129 363 2188 confusioue
382 2131 464 2187 solito
479 2131 568 2187 fusius
582 2131 625 2186 dis
646 2131 794 2187 utavimus.
814 2132 866 2189 llio

64 2219 199 2275 praeutpue
210 2201 416 2259 observandum
429 2210 480 2269 est,
492 2202 602 2259 Amulli
638 2202 740 2259 atensis
750 2205 864 2260 transla·
878 2213 901 2275 Β

65 2274 180 2344 honam,
196 2273 348 2332 undecimo
355 2274 390 2331 ab
401 2272 480 2331 obitu
489 2291 582 2332 mense
589 2275 702 2338 factam,
717 2291 767 2342 pro
779 2276 865 2332 natali

65 2363 81 2404 s
93 2346 217 2429 pluribus
230 2345 421 2429 substitutam,
435 2346 519 2429 idque
533 2346 695 2404 ita·blolano
704 2362 864 2419 persuasum

64 2418 156 2489 truse,
170 2425 294 2489 auctore,
307 2434 418 2493 opinor,
429 2418 537 2489 Belruo,
553 2425 584 2477 ut
594 2434 654 2475 eam
667 2435 763 2478 vocem
779 2425 866 2476 traor-

927 917 1002 998 lotio,
1020 916 1072 973 bac
1088 916 1134 973 dic
1148 918 1177 973 in
1193 918 1309 975 Usnardi
1324 927 1431 977 textum
1450 920 1626 979 inserendum
1641 932 1726 996 puta-

925 996 1007 1043 vent.
1020 988 1157 1046 Baronius
1170 991 1236 1046 item
1252 992 1299 1047 alii
1314 992 1439 1048 Adonem
1455 994 1553 1061 secuti,
1569 1011 1641 1054 xvrn
1657 996 1725 1054 Julii

924 1058 1032 1116 felicem
1049 1061 1157 1117 hrnnlh
1172 1062 1316 1119 transitum
1333 1067 1647 1125 constantercollooaut.
1665 1069 1725 1125 Non

925 1140 1017 1198 recte;
1036 1149 1098 1188 nam
1116 1133 1167 1189 hac
1180 1133 1250 1206 ipsa,
1275 1142 1302 1190 et
1324 1152 1380 1191 nou
1394 1137 1449 1191 alia
1474 1137 1519 1193 die
1532 1154 1595 1193 eum
1623 1139 1726 1197 estivis

924 1212 1046 1276 ereptum
1060 1205 1154 1261 multis
1165 1206 1334 1277 argumentis
1343 1224 1393 1262 suo
1402 1208 1725 1280 locoprobabimus.Quae

923 1292 985 1331 curn
995 1276 1117 1332 Usnardo
1127 1277 1220 1347 ignota
1232 1294 1287 1334 non
1298 1278 1484 1346 luerint‚inde
1495 1280 1610 1336 omnino
1620 1282 1724 1339 facturn

923 1347 1071 1403 oredimus.
1088 1356 1119 1403 ut
1142 1348 1249 1405 deserta
1265 1349 1370 1405 Adonis
1389 1352 1536 1417 sententia,
1555 1352 1638 1407 verba
1664 1351 1724 1425 ejus

923 1434 957 1473 ex
972 1435 1044 1474 xvrn
1061 1419 1128 1474 Julii
1143 1418 1197 1475 huc
1212 1421 1292 1492 plane
1306 1422 1489 1477 transtulerit.
1506 1423 1571 1479 Vita
1586 1423 1723 1481 alaudato

923 1489 1003 1545 Surio
1019 1489 1071 1546 hoc
1086 1491 1146 1561 ipso
1160 1490 1206 1546 die
1220 1491 1377 1561 exhibetur,
1393 1493 1549 1549 accuratius
1560 1493 1725 1565 reproduota

922 1568 949 1615 et
977 1560 1217 1618 observationibus
1243 1562 1382 1619 illustrata
1407 1580 1424 1619 a
1450 1564 1600 1621 hlabilionc
1618 1581 1680 1621 saec.
1702 1582 1723 1622 n

923 1631 1064 1688 Benediot.
1080 1649 1096 1688 a
1129 1649 1171 1704 ag.
1187 1632 1248 1701 tle,
1264 1634 1311 1690 ubi
1327 1643 1354 1690 et
1369 1635 1446 1691 Pauli
1464 1635 1573 1692 diaconi
1588 1636 1722 1693 verbere-

921 1714 1079 1760 censemur.
1120 1705 1198 1759 ltima
1213 1712 1440 1762 commemoratio
1456 1723 1512 1763 non
1526 1708 1613 1764 aliurn
1629 1724 1723 1765 rursus

921 1774 1134 1843 fontembabet,
1186 1792 1249 1831 nam
1267 1778 1423 1834 Romanurn
1449 1794 1587 1850 parvum:
1621 1780 1721 1847 Romo,

923 1847 1037 1914 Serenus,
1051 1847 1146 1902 acoris
1160 1792 1321 1927 liiooletiooi
1335 1849 1459 1921 Augusti.
1478 1850 1568 1906 Verba
1586 1857 1682 1906 coacte
1696 1857 1723 1906 et

920 1919 1054 2045 quondam
1070 1919 1104 1973 ab
1121 1918 1217 1975 Adone
1231 1919 1337 1990 adjecta
1351 1929 1425 1989 snut,
1450 1929 1478 1977 et
1492 1921 1558 1977 itaa
1581 1922 1681 1977 Nostro
1695 1931 1723 1978 et

945 1990 1042 2045 othero
1056 1988 1203 2062 descripta.
1219 1991 1293 2058 Quid
1311 1999 1402 2047 autem
1418 1991 1452 2048 de
1475 1993 1577 2048 Serena
1591 1993 1640 2048 illa
1655 2001 1723 2049 tan-

920 2061 982 2118 dem
998 2062 1174 2117 statuendum
1195 2062 1241 2130 sit,
1258 2078 1309 2118 suo
1324 2064 1384 2121 loco
1405 2062 1620 2119 examinabitur.
1641 2064 1723 2119 Juvat

920 2131 966 2189 hio
983 2133 1172 2191 Wandalberti
1185 2134 1353 2191 versiculum
1363 2142 1485 2192 attexere
1496 2134 1530 2191 ad
1545 2134 1722 2203 firmandam,

919 2221 1006 2286 quam¹
1016 2204 1150 2332 dixiquua,
1167 2221 1260 2262 veram
1273 2207 1438 2264 seutentiam
1448 2206 1483 2263 dc
1497 2206 1602 2264 ooelesti
1612 2205 1722 2263 hrntdti

919 2284 1129 2334 nostnuatar:

983 2374 1122 2438 Septenuru
1135 2374 1280 2440 denumque
1292 2381 1374 2438 tenes,
1390 2375 1525 2442 hruulpbe
1540 2375 1673 2429 sacerdos.

798 2547 989 2608 auertunt.

95 2649 274 2706 Pomanus:
315 2649 370 2704 «ln
397 2648 480 2705 Nicea
501 2648 645 2718 bithinia,
672 2648 773 2706 natalis
790 2648 863 2705 beati

63 2719 179 2778 Ursicini
195 2720 375 2787 confessoris,
390 2719 453 2794 [pro
470 2720 573 2777 Ursaoii
588 2723 629 2776 ool
639 2719 770 2795 Arsaoii.]
782 2719 864 2792 Apud

63 2792 202 2848 civitatem
217 2793 394 2859 lletensium,
408 2792 496 2850 sancti
512 2792 621 2849 hrnulli
632 2793 753 2865 episcopi
763 2799 790 2848 et
800 2808 864 2848 con·

61 2863 181 2921 fessoris.
199 2889 210 2913 ν
230 2866 337 2921 Desunt
352 2864 459 2936 reliqua
473 2865 577 2920 omnia.

92 2938 278 2992 hernatscet
292 2935 537 3003 blax.-Luaao.,in
567 2935 778 2992 rimaetultima
788 2934 862 3006 puri,

62 3006 91 3064 dc
106 3007 243 3074 hruulfo,
257 3007 302 3062 vel
319 3007 445 3073 hmolfo,
461 3008 500 3062 ita
515 2953 634 3063 haient:
671 3007 772 3063 ‹hletis
786 3007 863 3062 civi-

60 3086 123 3206 }ate,
139 3077 217 3159 beati
228 3077 345 3148 hruulli,
359 3078 482 3150 ejusdem
493 3079 615 3136 civitatis
625 3079 745 3152 episcopi
756 3086 783 3135 ct
796 3095 861 3136 con·

69 3166 218 3207 essoris..

91 3221 656 3290 hermae-ltux.,cerasiacensem
667 3229 694 3277 et
706 3221 860 3278 Lovsuren.

60 3292 90 3349 de
103 3293 232 3361 Ursaoio,
249 3292 333 3349 verba
346 3294 452 3350 Adonis
466 3293 621 3365 adjiciunt:
644 3319 653 3341 ι
667 3293 805 3363 Scriptum
821 3299 862 3348 est

62 3365 147 3422 intio.
160 3364 383 3423 aecclesiasticae
396 3365 525 3421 Historiae
541 3365 687 3437 tripartita
722 3365 802 3420 hletis
816 3364 862 3420 ci-

919 2649 1074 2719 Ursacio,in
1094 2665 1149 2722 qno
1159 2649 1286 2716 babet,ut
1294 2649 1403 2706 codices
1419 2666 1512 2732 supra.
1524 2651 1556 2706 iu
1568 2650 1623 2707 tine
1636 2666 1720 2710 manu

919 2723 999 2792 longe
1012 2721 1178 2778 recentiori:
1201 2745 1211 2767 ι
1228 2722 1263 2776 Bt
1278 2721 1353 2777 Beati
1371 2721 1458 2777 Bochr
1474 2721 1648 2780 confessoris.
1665 2746 1675 2772 ι

955 2793 1147 2858 onsxorss„
1163 2793 1191 2847 in
1213 2793 1325 2848 Ursacio
1340 2791 1528 2864 superioribus
1546 2793 1656 2861 similis,
1681 2794 1721 2850 ite

918 2863 1045 2945 subjicit:
1069 2888 1078 2911 ‹
1095 2863 1176 2935 Apud
1191 2863 1278 2919 trahe
1289 2863 1384 2919 urbem
1401 2864 1546 2932 Vercellis,
1568 2863 1641 2920 beati
1663 2867 1719 2921 Du-

912 2934 986 2993 sebri
997 2935 1119 3008 episcopi
1138 2943 1165 2991 at
1182 2935 1323 3007 martyris,
1341 2935 1387 3009 qui
1404 2934 1440 2990 ob
1454 2934 1529 3002 fidei,
1544 2950 1627 3007 quam
1641 2936 1720 2992 nite-

916 3005 1019 3063 bantur
1042 3007 1138 3064 hriani
1162 3022 1348 3078 corrumpere,
1378 3007 1523 3062 veritatem
1548 3006 1583 3063 ab
1598 3006 1676 3079 ipsis,
1692 3016 1719 3063 et

917 3077 1079 3135 Constantio
1095 3080 1258 3151 imperatore
1269 3077 1298 3133 in
1314 3077 1445 3134 exsilium
1461 3078 1562 3134 missus
1572 3086 1624 3145 est,
1634 3086 1661 3134 et
1678 3079 1718 3135 ibi

916 3151 1073 3206 arctissimo
1084 3166 1192 3207 carcere
1207 3149 1379 3219 mancipatus
1394 3157 1444 3210 est.
1465 3149 1512 3223 qui
1532 3156 1591 3204 erat
1606 3148 1665 3219 ejus
1679 3150 1717 3205 al·

915 3221 1037 3277 titudine
1053 3220 1218 3292 profundior
1231 3232 1258 3276 et
1272 3218 1446 3346 lonqitudine
1456 3219 1577 3288 brevior,
1588 3229 1616 3277 et
1626 3219 1716 3277 latitu-

916 3292 981 3349 dine
995 3294 1147 3364 augustior,
1163 3293 1201 3347 ita
1226 3301 1255 3347 nt
1271 3291 1304 3346 de
1336 3300 1408 3347 atero
1423 3292 1452 3347 in
1473 3292 1544 3347 latus
1562 3298 1670 3347 vertere
1688 3307 1717 3348 se

915 3379 970 3419 nou
986 3372 1086 3436 posset.
1102 3365 1139 3420 Et
1153 3371 1246 3433 postea
1263 3372 1352 3419 tamen
1366 3362 1401 3418 ad
1415 3362 1558 3418 ecclesiam
1574 3378 1651 3418 suam
1668 3379 1716 3418 re-

61 3438 150 3507 ritste,
166 3437 316 3494 translatio
333 3438 421 3495 sancti
435 3436 586 3508 hrnnlphi‚
603 3437 725 3508 ejusdem
737 3437 861 3492 civitatis
915 3451 1021 3500 versus,
1043 3443 1071 3491 et
1097 3433 1324 3506 persequentibus
1351 3449 1413 3488 erim
1442 3433 1592 3489 novissime
1611 3433 1715 3490 eisdem

62 3509 176 3592 episcopi
200 3515 229 3566 et
251 3509 428 3567 confessoris.
445 3534 453 3556 ι
482 3511 513 3565 lu
529 3509 628 3564 ultima
647 3504 895 3564 annuntiatioueC
912 3506 1034 3568 Arianis,
1047 3507 1075 3561 iu
1086 3506 1199 3562 ecclesia
1210 3521 1259 3560 sua
1275 3513 1378 3561 tractus
1391 3504 1425 3561 do
1441 3505 1527 3576 gradu
1541 3504 1571 3558 in
1587 3504 1713 3576 gradum,

77 3596 115 3636 un
129 3587 208 3637 sunt.

62 3595 252 3710 phinaeas.
268 3659 295 3709 et
309 3654 408 3710 Darne.
429 3651 463 3708 de
479 3651 591 3708 Ursaoio
607 3651 679 3708 idem
694 3652 854 3706 adnactunt.

62 3723 89 3779 lu
100 3723 203 3782 Serena
217 3724 301 3782 etiam
325 3726 386 3798 puri
401 3733 476 3781 sunt.
501 3723 553 3780 Sed
573 3723 607 3780 do
621 3723 751 3792 hrnullo,
771 3722 854 3791 nihil,

61 3809 155 3866 nsnpe
169 3812 231 3852 cum
246 3796 281 3853 de
296 3812 329 3852 eo
344 3797 448 3868 egerint
465 3812 536 3852 xvrn
551 3795 629 3851 tutti.

94 3865 271 3923 Carrucam:
308 3869 363 3924 «ln
383 3868 466 3924 Nicea
485 3867 625 3934 bithinia,
641 3867 728 3923 sancti
754 3865 854 3924 Ursatii

61 3937 231 3994 confessoris.
243 3938 297 4006 Qui
312 3939 396 3994 hantis
411 3939 563 3994 virtutibus
577 3938 687 4005 claruit,
711 3947 740 3994 ut
755 3938 855 3994 daemo-

61 4023 102 4065 nes
116 4009 286 4082 expelleret,
303 4020 331 4067 et
344 4027 473 4082 magnum
483 4009 745 4067 draconemorando
757 4011 855 4065 iutere-

61 4080 112 4137 nit.
133 4082 165 4137 ln
178 4080 276 4139 Galliis
289 4083 403 4139 ciuitate
416 4081 634 4149 MediomatricO,
648 4081 735 4137 sancti
744 4081 855 4136 hruulli

60 4152 175 4280 thimgi
188 4162 218 4210 et
231 4154 408 4223 confessoris,
428 4153 590 4211 excellentis
613 4153 745 4225 prosapiae
760 4162 787 4210 et
801 4152 855 4234 ad-

60 4239 140 4281 ntimo
162 4242 186 4281 se
198 4225 354 4282 sanctitatis
366 4225 428 4282 riri.
447 4227 513 4282 lteru
530 4225 559 4280 iu
570 4224 710 4292 Flandria,
719 4223 854 4297 depositio

59 4296 136 4353 sancti
153 4296 265 4352 Arnulfr
277 4297 481 4353 Suessionensis
495 4296 627 4368 episcopi,
643 4296 690 4378 qni
708 4295 781 4351 iuter
797 4312 855 4351 cae-

58 4372 108 4422 tera
122 4368 324 4426 miraculorum
341 4369 487 4441 praeconia,
497 4375 587 4424 ortum
604 4384 674 4438 regis
685 4368 853 4423 Francorum

57 4435 199 4507 ludovici,
213 4449 242 4495 et
256 4440 360 4497 orando
375 4440 545 4514 impetravit,
557 4448 583 4495 et
598 4437 728 4511 prescius
738 4437 854 4509 prophe·

57 4510 129 4567 terit.
146 4536 157 4560 2
179 4512 211 4566 ln
228 4513 329 4567 Serena
344 4529 429 4584 purus
443 4519 493 4568 est.

85 4581 271 4639 Bruxeuuan.
287 4583 403 4655 incipit:
428 4583 527 4640 ‹bletis
550 4581 673 4649 civitate,
689 4579 775 4636 sancti
796 4582 854 4634 hr-

55 4653 118 4708 uulli
133 4655 258 4726 episcopi
275 4664 303 4711 ot
318 4655 492 4710 confessoris.
504 4654 555 4721 Qui
567 4653 621 4709 fuit
635 4652 710 4707 filius
725 4651 852 4719 rimoldi,

55 4721 100 4779 filii
115 4726 251 4782 Ansberti
266 4733 293 4781 et
308 4726 445 4782 Blichilde
460 4726 518 4781 ntia
557 4724 621 4780 ritni
638 4722 759 4780 Lotltorii
782 4723 853 4793 regis

55 4794 221 4854 Francorum
235 4815 242 4865 ;
258 4804 287 4853 et
320 4805 378 4853 ater
394 4797 518 4869 husegisi
535 4743 555 4853 i

912 3579 1047 3648 martyrio
1063 3585 1211 3633 coronatus
1225 3584 1275 3632 est.
1291 3601 1299 3622 ·
1322 3576 1394 3632 Vide
1410 3576 1440 3631 ll
1458 3576 1587 3647 Augusti.
1610 3574 1714 3647 «Apud

911 3650 1059 3705 hletensem
1081 3648 1234 3714 civitatem,
1254 3648 1399 3704 translatio
1417 3648 1506 3703 sancti
1522 3646 1631 3702 hrnulfr
1650 3647 1715 3718 cpi-

910 3721 997 3845 scopi
1014 3720 1125 3793 quaudo
1138 3720 1171 3775 de
1187 3719 1318 3775 Habendo
1333 3728 1423 3775 castro
1437 3734 1538 3791 corpus
1552 3717 1612 3789 ejus
1626 3725 1713 3774 extu-

911 3809 957 3847 mu
970 3799 1045 3847 atum
1059 3801 1100 3848 est
1113 3798 1141 3846 et
1154 3789 1187 3846 ad
1205 3792 1350 3846 hletensem
1370 3790 1511 3847 civitatem
1527 3805 1591 3845 cnm
1616 3805 1713 3859 magna

910 3863 1165 3935 estsullempnitote
1179 3862 1311 3918 delutum.
1329 3864 1431 3926 Romae,
1448 3860 1584 3931 depositio
1609 3868 1711 3916 sanem

910 3935 1016 3992 Sereuee
1028 3934 1316 4007 imperatricisuxoris
1334 3933 1506 4005 Dyocletiani
1527 3931 1711 4001 imperatoris,

910 4023 970 4080 que
985 4006 1208 4064 Christianissno
1219 4005 1249 4060 in
1262 4014 1382 4076 tempore
1391 4004 1510 4060 multum
1521 4002 1599 4058 utilis
1612 4001 1713 4070 fuit,et

909 4079 1007 4134 multis
1022 4077 1188 4135 Christianis
1198 4077 1285 4132 vitam
1301 4078 1380 4132 istam
1398 4075 1572 4149 prolongavit
1586 4087 1620 4129 ue
1633 4072 1712 4146 puni·

910 4157 1044 4205 rentur.»

945 4222 1149 4277 Damnosus:
1186 4218 1316 4274 «Sanctae
1345 4217 1502 4272 Gemma.»
1541 4216 1607 4272 'fres
1632 4217 1712 4274 Gem-

909 4309 968 4348 mas
976 4291 1079 4347 alicubi
1093 4288 1217 4356 invenio,
1229 4288 1263 4344 de
1273 4287 1380 4359 quahic
1390 4294 1495 4357 agatur,
1508 4285 1643 4342 incertum
1659 4298 1710 4346 cst.

944 4361 1382 4418 hlsrnrc.·anrus.·Unrnrracr.
1420 4356 1556 4411 =Saucte
1591 4355 1709 4435 Serene,

909 4435 1006 4490 uxoris
1016 4432 1190 4489 Diocletiani.
1204 4431 1305 4487 Ursaoii
1317 4425 1625 4484 confessorislheronrs
1640 4443 1709 4482 mar·

908 4506 979 4579 tyris
994 4513 1021 4560 et
1035 4503 1210 4559 confessoris.
1228 4528 1236 4549 ·
1258 4499 1329 4557 Vide
1344 4499 1388 4553 die
1403 4498 1539 4570 sequenti.

944 4577 1093 4639 Varronis,
1104 4573 1227 4645 signatus
1238 4588 1314 4626 nrrnr.
1327 4570 1408 4637 5949,
1420 4568 1495 4624 deest
1510 4566 1629 4623 hrnulfr.
1651 4590 1661 4613 ι
1676 4567 1707 4621 ln

908 4647 1029 4715 Perside,
1041 4645 1140 4701 natalis
1155 4643 1302 4716 Simplicii.
1319 4667 1328 4689 ·
1351 4642 1427 4696 luter
1447 4637 1606 4712 Simplicios
1621 4637 1708 4695 trede-

908 4720 973 4782 cim,
987 4735 1056 4792 qnos
1071 4716 1187 4789 reperio,
1204 4715 1298 4770 nullus
1312 4721 1352 4768 est
1367 4714 1458 4768 Persa.

556 4796 623 4865 uois,
639 4796 731 4850 mariti
753 4803 853 4850 sanctas
944 4792 1127 4847 Sandrales:
1158 4812 1166 4833 ι
1179 4787 1259 4860 hpnd
1274 4784 1453 4842 Tudertinanr
1468 4782 1620 4850 civitatem,
1633 4790 1708 4838 nata·

54 4865 167 4940 Deggbau
181 4869 287 4925 sororis
332 4878 382 4927 atre
393 4868 547 4925 Gertrndis.
564 4863 943 4924 Hiosanctushrnul-Dlis
960 4862 1032 4919 beati
1054 4860 1175 4933 Philippi
1204 4858 1381 4924 confessoris,
1401 4856 1435 4913 de
1464 4856 1561 4912 ordine
1581 4856 1706 4910 Fratrum

53 4937 121 5009 pbus
133 4957 170 4996 ex
184 4939 289 5012 blajore
304 4942 384 5012 regie
395 4941 504 5007 domus,
517 4940 678 4995 hletensium
697 4939 727 4994 ht
744 4939 855 5011 episco-

53 5025 99 5082 pus
116 5019 144 5068 et
153 5013 328 5086 exepiscopo
348 5012 437 5068 factus
457 5012 608 5078 solitarius,
624 5011 694 5066 mira
708 5009 771 5065 vitae
787 5025 855 5064 san-

52 5082 156 5150 ctitate,
174 5101 206 5139 ac
220 5085 418 5140 miraculorum
432 5083 517 5155 gloria
529 5083 673 5148 illustrior,
691 5097 782 5162 qnam·
792 5089 855 5162 ante

52 5155 220 5224 praeclaruit,
232 5163 261 5211 et
274 5156 383 5212 tandem
395 5156 474 5210 beato
496 5154 551 5210 line
561 5155 589 5208 in
607 5153 718 5210 Christo
737 5161 852 5224 anevrt.

51 5225 131 5295 hpud
147 5226 285 5296 Africam,
301 5237 460 5284 sanctorum
477 5233 579 5307 septem
601 5232 752 5295 martyrum
769 5222 855 5277 Libe-

51 5299 100 5352 rati
117 5297 238 5368 abbatis,
248 5298 387 5355 Bonifacii
398 5299 515 5370 dyacont
527 5297 614 5352 Servii
625 5305 651 5351 et
668 5294 771 5352 Rustici
785 5294 855 5350 sub-

50 5367 250 5437 diaconorunt;
282 5371 379 5441 Rogati
412 5379 438 5426 et
462 5370 570 5440 Septem
599 5367 808 5433 monachornm,
828 5373 855 5421 et

50 5439 163 5498 Baximi
174 5443 265 5524 pueri.
277 5443 331 5510 Qui
342 5442 393 5498 sub
404 5440 592 5514 persecutione
603 5436 856 5517 Wandalioa,J'ussu

51 5511 182 5572 Buueriur
194 5515 268 5586 regis
281 5531 330 5587 pro
345 5513 398 5569 fide
415 5513 552 5570 catholica
566 5527 704 5566 remorum
729 5507 855 5564 vectibus

51 5585 165 5652 enecati,
181 5593 211 5642 et
235 5587 274 5642 ita
290 5585 391 5658 singuli
417 5584 445 5640 in
462 5583 574 5640 modurn
600 5599 711 5649 canum,
734 5579 855 5661 cerebris

50 5657 230 5714 comminutis
241 5657 375 5714 exstincti
386 5664 460 5712 sunt.
472 5681 481 5704 ι
499 5656 562 5711 llaec
572 5654 672 5710 iterum
683 5651 766 5724 hujus
780 5649 855 5707 codr-

52 5726 88 5784 ois
99 5729 267 5801 anticipatio
281 5737 335 5798 est,
351 5728 414 5786 vide
428 5736 536 5784 textum
552 5725 736 5783 Usnardiuum
747 5723 793 5804 die
808 5738 855 5779 sc-

53 5801 158 5874 quenti.
184 5803 217 5860 Iu
233 5801 338 5860 Serena
361 5800 428 5858 satis
441 5816 538 5875 purus,
560 5798 660 5856 ultimo
675 5799 735 5855 loco
749 5802 807 5870 agit
820 5794 855 5851 de

909 4935 1057 4991 Servorum
1086 4941 1186 4990 sanctae
1210 4931 1313 4996 hlariae,
1345 4930 1378 4985 de
1407 4928 1546 4985 Florentia
1574 4924 1708 5003 oriundus

909 5008 990 5073 alios,
1003 5006 1074 5063 civis
1094 5003 1257 5061 Florentini.
1273 5001 1359 5075 Cujus
1372 5001 1430 5056 vita
1444 4997 1585 5055 miraculis
1599 4999 1708 5050 exstitit

1031 5103 1062 5132 ,s

910 5079 1167 5205 glsiiiriiiieuhnnna
1213 5141 1407 5214 ‹hudegavis,
1447 5136 1590 5196 translatio
1618 5135 1706 5190 sancti

909 5219 1066 5277 Marrrilii.»
1087 5218 1194 5275 Colitur
1208 5232 1258 5270 xrn
1272 5212 1448 5284 Septembris.
1581 5278 1586 5287 ι
1686 5278 1692 5287 .

946 5291 1119 5349 Cnuorsuar.
1137 5307 1143 5343 :
1163 5286 1314 5342 «Arvernis
1326 5282 1491 5338 monasterio
1499 5279 1705 5349 hlagnrlooensr,

910 5363 996 5418 sancti
1013 5359 1145 5417 Domnini
1161 5357 1251 5413 incliti
1268 5353 1399 5426 martyris
1413 5360 1440 5408 et
1452 5353 1589 5407 sociorum
1604 5347 1672 5421 ejus.
1689 5373 1698 5396 ι

910 5435 996 5504 Supra
1015 5448 1070 5487 non
1086 5431 1168 5487 semel
1184 5427 1309 5484 recurrit.

946 5504 1039 5561 Bditio
1055 5499 1242 5560 busaeo-Cos.
1261 5498 1290 5552 in
1306 5495 1428 5561 Ursaoio,
1454 5500 1512 5550 tota
1533 5492 1619 5550 ferme
1633 5493 1705 5550 hdo·

910 5574 1135 5634 manusculum
1149 5589 1154 5627 :
1175 5596 1184 5618 ·
1198 5567 1394 5639 Romaepassio
1404 5574 1505 5623 sanotae
1515 5565 1621 5622 Serenae
1637 5581 1706 5622 mar-

909 5657 921 5705 t
943 5649 980 5704 ris
1014 5644 1109 5702 uxoris
1133 5641 1269 5716 quondam
1290 5638 1453 5696 Diocletiani
1476 5636 1604 5711 Augusti.
1625 5636 1706 5709 hpud

933 5728 1038 5777 astrum
1052 5711 1239 5780 Demerudeti‚
1254 5711 1345 5768 natale
1358 5710 1430 5767 beati
1446 5709 1581 5778 Balsimii,
1594 5709 1706 5783 gloriosi

910 5791 1041 5868 martyris
1056 5788 1250 5863 sociorumque
1259 5783 1328 5865 ejus.
1344 5783 1443 5846 Muthis
1456 5782 1580 5850 civitate,
1594 5779 1706 5837 transla-
