3834 6136
104 251 161 310 533

634 253 953 314 MABTYBOLOGIUM.
973 289 1008 301 ...
1027 259 1131 318 MENS.
1152 261 1230 318 OCT.

1710 259 1764 321 ddi

102 378 264 450 baptisatus
278 383 330 432 est.
347 398 356 422 ·
378 377 410 432 ln
425 374 588 436 Eleutherio
608 378 674 433 satis
697 395 783 450 purus
805 390 855 437 εει.
872 383 948 442 DeA
962 384 1067 452 Romae,
1082 384 1154 441 beati
1167 385 1280 441 Eusebii
1297 401 1372 457 pape
1387 394 1414 442 et
1428 386 1604 445 confessoris.
1615 386 1672 443 The
1694 388 1761 446 laidi

102 448 275 530 Leodegario
284 449 393 530 longam
401 446 483 503 hahet
492 446 709 576 historiamque
714 451 785 578 εδει
796 452 909 508 Surium

100 523 241 579 sincerror
255 521 308 592 legi
321 526 418 590 potest.
432 518 500 573 Tum
516 537 522 573 :
546 542 555 566 ι
571 521 632 591 lpso
667 537 702 588 re,
750 523 832 589 esini,
848 523 908 580 ira-

102 595 156 650 tris
170 592 259 649 sancti
276 589 436 660 Leodegarii
452 591 593 662 martyris,
618 608 698 663 quem
721 593 793 649 idem
811 595 907 651 Ebroi·

101 682 157 722 nus
172 665 289 735 ligatum
308 663 343 718 ad
364 661 488 742 stipitem
511 662 649 742 lapidibus
663 662 743 720 obrui
768 667 905 794 precelqit.

101 739 173 794 item
189 736 281 791 sancti
295 734 467 806 Apollrnarrs
481 735 601 806 episcopi
616 742 643 790 et
661 743 800 808 martyris.
818 762 827 787 ι
873 755 907 794 ε-

101 808 244 866 sideratur
259 806 371 879 positio.

139 882 337 945 banssonem,
363 876 459 934 Connx
482 875 714 946 Casmil-Karous,
730 878 863 936 Gossrsrt.
879 888 907 937 et

101 951 290 1018 munirem,
309 950 338 1004 in
353 947 498 1020 linepaulo
510 947 623 1005 brevius
635 950 776 1007 scribunt:
799 952 905 1010 «sancti

100 1023 197 1080 Sereni
213 1020 394 1078 confessoris.
414 1044 424 1067 ι

137 1091 608 1151 Marnrc.·Canrns.-Ucrnsrncr.:
641 1092 823 1166 ‹Leodegarii
849 1095 904 1168 epi·

100 1181 148 1223 seo
169 1167 178 1222 i
194 1173 223 1220 et
237 1163 379 1236 martyris.
397 1162 551 1218 Eleutherii
570 1164 711 1234 martyris,
727 1165 798 1239 apud
816 1167 905 1222 Nico-

101 1253 129 1292 m
168 1233 522 1293 'amcumaliismultis.»

137 1310 169 1364 ln
184 1308 334 1375 Varronis,
349 1321 427 1360 nuni.
442 1303 523 1372 5949,
538 1304 614 1362 deest
630 1307 730 1363 Sereni.
745 1307 902 1380 Adjicitur:

109 1379 295 1446 ·Benesenti,
311 1376 412 1432 natalis
425 1376 512 1432 sancti
526 1376 641 1433 Modesti
658 1378 750 1434 levitae
761 1386 788 1433 et
803 1389 904 1462 marty·

101 1452 152 1507 ris.
166 1453 272 1519 Romae,
287 1448 387 1504 natalis
400 1447 487 1503 sancti
503 1448 615 1505 Eusebii
631 1465 716 1521 pape,
732 1451 777 1522 qui
789 1451 860 1507 sedit
875 1466 905 1507 m

104 1523 267 1595 episcopatu
279 1520 358 1576 aunis
373 1519 492 1575 duobus.
509 1545 518 1567 ι

141 1594 332 1649 Fuoussuucz
354 1592 409 1647 «ln
434 1589 593 1657 Antiochia,
615 1599 773 1648 sanctorum
793 1599 904 1664 marty-

105 1681 169 1720 rum
180 1664 275 1731 Primi,
287 1661 385 1728 Cirilli,
394 1661 567 1729 secundarii,
576 1662 667 1718 Sancti
676 1663 787 1719 Eusebii
799 1680 896 1735 papae.»

963 453 1070 511 abbatis
1085 464 1111 510 et
1126 457 1267 528 martyris.
1283 458 1315 513 ln
1329 457 1440 528 Anglia,
1456 459 1544 514 sancti
1555 457 1666 515 rhome
1706 475 1762 516 ere·

963 525 1138 583 iordiensise
1158 529 1243 600 iscopi
1258 536 1285 584 et
1301 528 1476 592 confessoris,
1492 528 1549 584 vita
1570 537 1597 585 et
1621 528 1763 588 miraculis

962 597 1065 653 clari.»
1101 544 1172 655 vide
1196 600 1321 655 notulam
1346 601 1523 671 marginalem
1549 600 1708 669 Castellani,
1732 600 1762 657 in

962 669 1159 742 Martyrologio
1174 670 1335 726 universali.
1360 672 1462 739 ·ltem,
1479 672 1566 728 sancti
1580 670 1675 728 Garini
1691 686 1761 727 mar·

962 740 1042 811 tyris,
1058 740 1152 796 fratris
1173 741 1246 798 beati
1265 741 1424 812 Leodegarii
1448 742 1579 815 episcopi,
1594 758 1676 816 quem
1696 741 1762 800 vilis

962 820 1084 882 apostata
1098 812 1247 878 Ebroinus,
1258 813 1292 869 dc
1304 813 1390 869 exilio
1400 814 1556 880 reductum,
1566 813 1650 886 jussit
1662 813 1761 886 lapidi·

961 881 1012 937 bus
1021 883 1112 938 obrui.
1127 884 1245 956 Beregisi
1269 885 1445 942 confessoris.
1464 887 1534 942 item
1549 886 1634 942 beatae
1649 901 1760 942 memo-

961 953 1008 1008 riae
1023 954 1125 1018 Gerici,
1141 955 1220 1012 ducis
1233 956 1375 1012 sabaudie
1395 965 1421 1012 et
1433 957 1608 1013 confessoris.
1631 955 1759 1014 Ostensio

960 1026 1049 1081 sancti
1076 1026 1201 1094 Maximi,
1224 1028 1346 1100 episcopi
1372 1028 1502 1098 Begensis
1528 1036 1555 1083 ει
1580 1026 1757 1086 confessoris.

960 1096 1041 1168 Apud
1055 1098 1201 1164 Assisinm,
1218 1099 1361 1155 translatio
1374 1107 1475 1155 sancte
1491 1100 1576 1157 Clare
1599 1099 1752 1171 virginis.»

994 1169 1104 1224 Mosen.
1124 1168 1227 1237 infine,
1245 1177 1305 1241 post
1326 1169 1465 1238 interfecit,
1481 1169 1597 1226 subdit:
1630 1170 1759 1242 «Corpus

959 1236 1020 1309 ejus
1035 1239 1064 1294 in
1078 1240 1181 1296 Bronio
1194 1240 1320 1313 quiescit.
1337 1239 1458 1308 Binchii,
1475 1241 1617 1297 translatio
1633 1239 1757 1297 Ursmsri

959 1317 986 1364 ει
1001 1310 1130 1378 aliorum,
1153 1310 1186 1367 de
1207 1312 1346 1368 veteribus
1368 1328 1400 1368 ca
1419 1312 1458 1368 sis
1485 1312 1514 1367 in
1538 1328 1635 1367 novas.
1651 1311 1757 1368 Eodem

959 1379 1014 1448 die,
1030 1383 1115 1438 sancti
1131 1382 1224 1438 Gerini
1240 1384 1380 1454 martyris,
1397 1328 1488 1438 batris
1502 1383 1575 1438 beati
1587 1381 1756 1454 leodegarii.

959 1452 990 1507 ln
1007 1453 1166 1520 Antiochia,
1182 1454 1279 1519 Primi,
1295 1453 1407 1520 Quirilli
1423 1461 1450 1509 et
1464 1453 1635 1510 secundarii.
1651 1453 1756 1510 Eodem

959 1523 1013 1588 die,
1030 1524 1172 1580 translatio
1183 1532 1283 1581 sancte
1299 1525 1385 1582 Clara
1400 1524 1525 1595 virginis.
1543 1526 1605 1596 Ipso
1617 1524 1672 1591 die,
1687 1539 1757 1580 san-

958 1593 996 1649 cti
1010 1593 1104 1650 Sereni
1115 1595 1288 1652 contessoris.
1304 1597 1336 1652 ln
1350 1596 1438 1652 Daino
1453 1596 1632 1663 monasterio,
1655 1594 1757 1651 natalis

958 1665 1045 1720 sancti
1067 1666 1185 1737 Beregisi
1209 1666 1356 1722 abbatis·
1388 1668 1458 1721 Tum
1479 1667 1634 1723 minoribus
1655 1666 1753 1738 typis:

139 1735 236 1801 Editio
251 1733 437 1791 huneco-Con.
455 1751 461 1789 :
485 1734 612 1802 «Romae,
634 1736 724 1790 natale
738 1736 825 1791 sancti
841 1736 903 1789 Eu·
917 1738 940 1797 Β
962 1736 1038 1802 «Qui
1059 1735 1185 1792 habitum
1201 1738 1288 1793 sancti
1304 1736 1446 1794 Benedicti
1456 1738 1603 1808 assumpsit
1617 1738 1647 1793 in
1663 1751 1755 1793 mona·

100 1806 171 1863 sebii
186 1821 264 1880 papas
278 1813 306 1862 et
329 1804 505 1871 contessoris,
525 1804 571 1877 qui
595 1805 666 1860 sedit
691 1807 720 1860 in
744 1807 835 1878 episco
855 1813 903 1862 atu

98 1879 181 1934 annis
209 1885 324 1948 septem.
355 1876 406 1933 llic
427 1876 537 1932 abeato
561 1876 641 1932 Petro
664 1877 758 1933 extitit
783 1823 900 1933 Xllglll.

100 1947 190 2021 Mujus
203 1955 328 2030 tempore
339 1948 461 2015 inventa,
478 1972 487 1994 ι
506 1954 559 2003 ειε.
579 1948 611 2003 ln
624 1948 785 2004 Eleutherio
795 1956 822 2004 ει
831 1949 903 2003 Leo-

97 2019 211 2092 degario
222 2027 292 2076 satis
306 2035 374 2091 pura
384 2026 425 2074 est
441 2035 447 2073 :
472 2043 480 2065 ι
494 2020 563 2075 ltem
578 2020 664 2074 sancti
682 2018 777 2075 (lerini
793 2026 864 2075 mart
884 2049 903 2060 -

99 2092 147 2160 ris,
173 2091 269 2147 fratris
295 2091 366 2146 beati
388 2089 546 2161 Leodegarii
573 2090 696 2162 praedicti
722 2091 814 2160 episco
833 2036 903 2147 idn

97 2162 262 2230 Antiochia,
296 2162 389 2218 natale
421 2168 580 2217 sanctorum
601 2161 697 2228 Primi,
727 2107 850 2230 Quirilli,
875 2168 903 2217 et

99 2233 270 2290 Secundiani
296 2239 462 2304 martyrum.
489 2232 570 2314 Apud
592 2233 740 2300 Assisium,
759 2233 902 2288 translatio

97 2313 201 2362 sanctae
211 2304 299 2362 Clarae
317 2303 444 2374 virginis,
459 2302 566 2360 ordinis
580 2304 729 2359 Minornm.
746 2304 776 2359 ln
791 2307 834 2359 An
854 2304 902 2369 lia,

97 2377 188 2433 sancti
205 2375 318 2433 Thomae
333 2374 454 2447 episcopi
478 2382 506 2455 et
525 2374 700 2431 contessoris.
717 2374 813 2432 Castro
834 2321 901 2433 gan·

98 2448 256 2516 tumerulae,
287 2447 361 2503 beati
390 2447 485 2502 Sereni
514 2446 642 2502 monachi
673 2455 701 2502 et
725 2445 901 2502 confessoris.

98 2520 232 2600 Ostensio
245 2518 333 2575 sancti
348 2517 464 2573 Maximi
479 2517 600 2590 episcopi
617 2517 746 2589 Begensis
756 2525 783 2573 et
797 2517 903 2573 confes·

100 2607 211 2648 som.»

135 2662 233 2719 Bmm.
250 2661 279 2717 in
293 2659 467 2728 Eleutherio,
482 2676 532 2732 pro
546 2659 710 2715 Diocletiano
721 2659 799 2732 ponit
808 2657 903 2714 Julia-

99 2750 147 2802 πο,
166 2741 195 2789 ει
209 2741 309 2804 praeter
323 2731 378 2788 alia
398 2731 485 2786 multa
509 2730 608 2786 menda
630 2731 735 2787 omittit
757 2730 903 2785 annuntia·

21 2837 29 2851 ·
99 2804 207 2861 tionem
223 2805 324 2862 Sereni.
340 2805 405 2859 Post
426 2801 560 2870 interfecit
572 2811 675 2869 autern,
692 2801 807 2873 adjicit:
831 2802 904 2857 ‹Eo-

97 2876 163 2933 dem
179 2875 235 2942 die,
252 2875 339 2932 sancti
355 2873 452 2931 Gerini
465 2873 605 2946 martyris,
625 2873 719 2929 fratris
733 2873 806 2929 beati
830 2873 904 2928 Leo-

957 1806 1041 1863 sterio
1055 1809 1142 1863 sancti
1159 1808 1330 1864 Trudonis.·
1364 1811 1403 1865 Be
1422 1808 1527 1864 Thoma
1552 1807 1770 1876 Hereiordensi,'

957 1894 991 1933 ex
1007 1876 1152 1934 Gnrvnxo.
1173 1878 1318 1935 Editiones
1329 1880 1390 1934 aliae
1404 1879 1576 1935 conveniunt
1591 1895 1655 1936 cum
1669 1877 1757 1951 priori

958 1949 987 2003 in
1001 1956 1090 2010 textu,
1107 1950 1136 2004 in
1151 1950 1253 2006 Gerino
1268 1958 1295 2006 et
1309 1949 1500 2006 Antiochenis.
1512 1951 1592 2005 Tum:
1616 1948 1757 2006 ‹Andaino

959 2020 1137 2089 monasterio,
1162 2021 1262 2077 natalis
1285 2021 1359 2077 beati
1379 2020 1499 2092 Beregisi
1519 2020 1635 2077 abbatis.
1657 2020 1708 2076 Hic
1721 2035 1757 2075 ex

958 2089 1110 2147 Condastro
1137 2107 1206 2165 pago
1226 2093 1432 2148 Austrasiorum
1457 2091 1600 2156 oriundus,
1626 2089 1757 2147 Hasbanii

957 2160 1030 2217 intra
1044 2163 1241 2219 monasterium
1256 2164 1343 2220 sancti
1358 2162 1505 2231 Trudonis,
1521 2163 1621 2218 litteris
1635 2169 1676 2218 est
1689 2177 1768 2217 erud

958 2231 1043 2288 ditus.
1055 2233 1180 2305 Cumque
1193 2234 1357 2289 sublimatus
1373 2234 1401 2288 in
1416 2234 1548 2289 comitatu
1560 2233 1650 2305 Pipini
1663 2231 1756 2304 junio·

957 2303 1006 2371 ris,
1022 2304 1176 2359 solitariam
1189 2306 1275 2360 vitam
1290 2304 1462 2360 desiderabat
1474 2303 1618 2368 attentius,
1640 2301 1758 2374 contigit

957 2374 1129 2431 Plectrudem
1144 2373 1266 2447 ejusdem
1282 2375 1415 2448 principis
1436 2374 1590 2446 conjugem,
1609 2374 1756 2429 transitum

958 2444 1087 2501 habuisse
1102 2463 1149 2517 per
1168 2446 1268 2502 saltum
1284 2446 1509 2503 Arduennensem
1525 2464 1531 2501 :
1549 2454 1576 2501 et
1589 2461 1651 2501 ecce
1670 2444 1756 2524 char-

957 2518 1045 2572 tulam
1061 2518 1134 2573 inter
1147 2533 1213 2573 saxa
1224 2517 1396 2574 decidentem
1412 2517 1534 2588 respicit,
1550 2515 1579 2571 in
1594 2532 1647 2587 qua
1660 2521 1757 2571 contr-

957 2588 1086 2654 nebatur,
1111 2589 1202 2644 locum
1226 2589 1306 2644 illum
1327 2605 1343 2644 a
1367 2591 1424 2644 Deo
1446 2589 1576 2651 electum,
1601 2585 1758 2657 multasque

958 2659 1024 2715 inde
1039 2659 1145 2715 animas
1160 2658 1285 2715 fidelium
1300 2658 1459 2729 dirigendas
1470 2658 1499 2712 in
1514 2657 1625 2713 caelum.
1642 2654 1758 2726 Beregi-

958 2749 1004 2786 sus
1016 2731 1092 2785 ultro
1110 2746 1139 2785 se
1153 2730 1279 2797 offerens,
1303 2731 1393 2785 locum
1419 2728 1546 2799 suscipit,
1565 2727 1675 2798 stirpat,
1700 2740 1758 2781 mo·

958 2801 1109 2858 nestorium
1125 2802 1271 2868 construit,
1289 2809 1316 2857 et
1331 2801 1432 2856 multos
1446 2815 1496 2854 suo
1503 2799 1641 2870 exemplo,
1649 2795 1759 2852 adbene

958 2872 1110 2928 vivendum
1127 2871 1230 2928 ibidem
1254 2871 1393 2942 collegit.»
1415 2873 1454 2926 Be
1478 2870 1590 2936 Sereno,
1614 2876 1756 2938 utsupra.

97 2948 217 3019 degarii.
231 2948 264 3003 ln
278 2946 436 3014 Antiochia,
449 2943 544 3013 Primi,
562 2944 675 3011 Quirilli
689 2954 717 3002 et
730 2943 903 3001 secundarii.
966 2971 975 2992 ‹
989 2945 1019 3000 ln
1035 2943 1145 3016 Anglia,
1162 2943 1250 3009 sancti
1271 2943 1394 3008 Thema,
1406 2939 1613 2997 Heraiordensis
1635 2937 1758 3020 episcopi

96 3017 209 3075 Eodem
226 3017 283 3086 die,
296 3017 441 3073 translatio
455 3024 556 3072 sanctu
566 3015 788 3089 Clarevirginis.
806 3042 815 3065 ι
836 3014 905 3074 Cla·
959 3024 986 3072 et
1000 3015 1176 3072 contessoris.
1192 3013 1302 3081 Assisii,
1316 3013 1460 3069 translatio
1473 3021 1573 3068 sanctae
1591 3010 1679 3091 ¹Clarae
1696 3025 1760 3064 vrr-

97 3090 162 3146 rius
177 3105 273 3161 supra,
287 3096 315 3144 et
329 3089 357 3144 in
371 3089 496 3146 Greven.
918 3091 939 3151 C
955 3088 1037 3160 ginis.
1056 3086 1182 3150 Morinis,
1197 3085 1318 3141 ostensio
1330 3084 1418 3141 sancti
1429 3083 1543 3140 Maximi
1554 3097 1676 3153 episcopt
1688 3078 1759 3136 Bhe-

136 3161 281 3217 Gnarum:
304 3161 358 3216 «ln
370 3158 530 3226 Antiochia,
543 3157 639 3224 Primi,
656 3158 780 3227 Quirilli,
792 3158 901 3215 Secun-
958 3157 1060 3231 giensis
1074 3166 1102 3214 ει
1120 3156 1295 3213 confessoris.
1311 3181 1320 3204 ι

98 3231 188 3288 diaui.
220 3232 253 3288 ln
273 3231 380 3299 Tuscia,
411 3229 531 3289 Colmeri
561 3229 681 3302 episcopi
708 3239 736 3286 et
761 3230 901 3302 martyris.

101 3378 127 3434 V
141 3377 213 3435 Noa.
1658 3364 1709 3423 Bis
1728 3363 1756 3422 3.

137 3473 244 3531 Natalis
259 3473 335 3532 beati
349 3474 469 3531 Dionisii
485 3474 606 3547 episcopi
621 3482 648 3530 et
660 3471 801 3544 martyris,
815 3474 863 3545 qui
879 3479 942 3545 post
956 3471 1138 3528 clarissimam
1154 3468 1359 3526 confessionem
1371 3466 1447 3534 fidei,
1461 3472 1523 3538 post
1535 3463 1698 3538 gravissima
1705 3470 1759 3520 tor·

103 3585 260 3633 mentorum
275 3590 387 3648 genera,
401 3574 521 3648 glorioso
531 3574 666 3647 martyrio
674 3584 822 3631 coronatus
836 3582 888 3644 est,
904 3583 936 3631 ut
950 3580 1067 3631 testatur
1083 3571 1226 3629 Aristides
1241 3569 1433 3637 Atheniensis,
1445 3569 1490 3624 vir
1502 3567 1557 3624 lide
1572 3565 1761 3642 sapientiaque

101 3672 252 3740 mirabilis,
263 3674 292 3730 in
302 3689 336 3729 eo
349 3688 442 3745 opere,
458 3673 532 3746 quod
546 3673 580 3730 de
595 3670 752 3730 Christiana
766 3671 899 3743 religione
913 3668 1080 3742 composuit.
1094 3667 1176 3741 Apud
1185 3667 1315 3740 antiquos
1327 3666 1460 3733 Saxones,
1475 3670 1633 3720 sanctorum
1649 3667 1760 3735 marty-

102 3789 169 3829 rum
182 3772 299 3829 duomm
313 3771 508 3841 Ewaldorum,
524 3770 572 3844 qui
589 3788 652 3828 cum
666 3778 757 3827 essent
778 3770 925 3843 presbiteri
939 3776 967 3825 ει
989 3767 1139 3840 predicare
1162 3765 1202 3822 ibi
1224 3763 1367 3824 Christum
1393 3761 1551 3835 cepissem,
1580 3757 1763 3832 comprehens

103 3874 175 3924 sunt
188 3883 205 3922 a
217 3868 327 3940 paganis
338 3875 367 3924 ει
381 3869 484 3935 occisi;
502 3884 620 3940 quorum
632 3886 747 3941 corpora
761 3876 846 3928 noctu
860 3873 949 3929 multa
960 3872 1008 3928 diu
1023 3871 1074 3926 lux
1084 3885 1230 3944 apparens,
1245 3875 1273 3925 et
1287 3867 1335 3922 ubi
1352 3873 1443 3922 essent
1458 3872 1485 3920 ct
1501 3860 1581 3934 cujus
1594 3867 1685 3917 essent
1697 3873 1760 3914 me·

102 3966 153 4023 riti
169 3963 330 4024 declaravit.
347 3968 441 4024 Romae
455 3966 491 4023 ad
507 3967 604 4022 Ursum
620 3966 773 4038 pilleatum,
789 3970 877 4026 sancti
892 3967 1010 4027 Candidi
1025 3967 1167 4039 martyris.

874 4084 991 4143 NOTAE.

139 4180 181 4236 lta
194 4178 317 4249 Praten.,
333 4178 481 4249 Heriaieu,
494 4179 727 4251 Antuerp.-Mai,
744 4182 904 4253 Antuerpet
957 4181 1110 4247 Accedunt,
1126 4180 1361 4250 Antuerp.-Mau,
1379 4175 1559 4244 ultrajectin,
1574 4174 1699 4246 Legdert„
1710 4172 1760 4228 Lo·

101 4251 302 4321 Mea-Lubet„
316 4253 462 4321 Munerat,
477 4252 578 4318 Belia,
596 4252 705 4308 Greven.
721 4261 748 4308 et
765 4256 867 4310 Melon.
959 4254 1065 4308 venien.
1082 4259 1109 4307 et
1120 4249 1216 4307 Deraia.

719 4368 922 4426 VABIANTES
942 4365 1149 4424 LECTIONES.

140 4464 276 4536 Bpoaisii,
290 4464 451 4530 Aristhides,
464 4466 612 4533 Aristodea,
629 4475 655 4522 et
670 4467 772 4523 similia
786 4475 905 4539 preter·
919 4472 944 4529 D
959 4468 1065 4522 doram.
1080 4464 1181 4520 Sensus
1196 4462 1306 4519 videtur
1320 4461 1439 4540 exigere,
1455 4459 1491 4514 od
1506 4473 1620 4527 quoram
1633 4461 1759 4526 corporo,

102 4537 196 4592 mitto.
212 4535 338 4592 Variatio
352 4543 392 4592 est
407 4538 436 4593 in
447 4537 578 4594 Aristidis
587 4539 687 4609 elogio,
699 4538 772 4610 quod
786 4538 904 4596 Greven.
961 4545 992 4593 ut
1006 4537 1108 4592 habent
1121 4537 1255 4606 Antuerp.
1270 4540 1296 4589 et
1309 4533 1398 4587 Belin.
1422 4547 1457 4586 ex
1470 4528 1553 4595 Beda,
1570 4528 1677 4594 Adone,
1686 4533 1758 4607 neto„

101 4615 130 4663 et
147 4608 251 4664 Molan.
274 4609 443 4680 exprimunt,
471 4610 522 4680 fide
543 4610 587 4664 cir
611 4611 806 4682 sapientiaque:
828 4613 904 4666 Ant·
957 4609 1129 4678 velqaorum
1146 4622 1226 4676 super
1246 4623 1274 4659 co
1310 4621 1369 4668 ora.
1395 4609 1426 4658 ¹¹2
1449 4598 1759 4681 Muneraigsffllfflffluf

102 4694 200 4760 uerp.,
215 4679 260 4734 oir
274 4679 403 4751 sapientia
418 4680 527 4750 fideque.
551 4680 640 4736 Belin.
664 4690 692 4737 et
715 4681 902 4738 Max-Labeo.
958 4689 1050 4736 tamen
1063 4676 1231 4748 probatiores
1246 4693 1278 4732 co
1301 4678 1354 4731 ices
1369 4675 1490 4740 Praten.,
1506 4672 1661 4753 Hermion,
1686 4669 1763 4725 Ant-

102 4758 240 4806 omrttunt
254 4750 326 4822 lida
341 4752 370 4806 in
385 4759 463 4806 textu
478 4768 545 4824 pura
555 4760 595 4807 εει
610 4754 701 4810 lectio.
717 4753 904 4825 Muneratpro
958 4749 1126 4823 uerp.·Maj.,
1152 4748 1269 4805 Greven.
1292 4755 1319 4804 et
1342 4747 1456 4813 Melan,
1481 4761 1515 4801 ex
1539 4743 1640 4817 quibus
1654 4748 1761 4822 textus.¹

101 4821 250 4892 composuit
278 4821 388 4894 scripsit
415 4823 560 4948 comqlerit.
580 4824 737 4895 Legendnm
766 4832 806 4880 est
830 4839 905 4879 more
959 4824 1093 4880 Munerat.
1108 4821 1248 4877 contraxit
1260 4820 1386 4876 ultimam
1410 4815 1517 4900 periodi
1534 4824 1649 4895 partem,
1670 4819 1693 4867 et
1716 4811 1762 4867 aba

102 4900 203 4948 nostro
218 4893 408 4961 Ewaldoram,
421 4903 452 4949 ut
486 4893 569 4949 abent
579 4895 803 4968 Antuerp.-Maj.,
821 4896 905 4952 Max:
959 4893 1296 4964 senectutemque.
1313 4891 1433 4962 Reliqui,
1448 4889 1484 4944 ad
1502 4889 1598 4945 Ursum
1609 4885 1760 4957 pilleatum,

103 4962 220 5032 Lubec,
241 4963 360 5020 Greven.
380 4973 407 5020 et
421 4965 523 5020 Melan.
540 4966 644 5022 Eodem
660 4967 769 5034 recidit,
786 4967 832 5023 sed
850 4983 906 5023 non
980 4966 1034 5023 uod
1061 4980 1144 5037 prope
1165 4980 1262 5020 omnes
1282 4964 1320 5018 ita
1341 4961 1481 5027 scribant3
1506 4959 1597 5015 Belin.
1621 4971 1653 5011 ea
1678 4949 1762 5007 verba

102 5042 161 5090 tam
178 5043 251 5091 recte
266 5035 398 5091 scribitur
412 5035 439 5090 in
455 5036 563 5091 Praten.
581 5045 607 5092 et
618 5038 907 5093 Merinien.Eauatdo-
960 4983 1075 5094 donasse
1090 5035 1190 5092 melius
1203 5033 1349 5107 expunxit.

103 5122 176 5161 rum.
194 5106 328 5179 Antuerp.
347 5107 424 5179 ponit
437 5108 640 5179 Egualdorum;
663 5109 764 5176 Belin,
781 5109 908 5180 Bagael-

779 5223 1083 5282 OBSERVATIONES.

142 5321 245 5377 Mirum
259 5331 301 5378 est
316 5322 470 5378 Usuardum
486 5323 515 5378 in
530 5322 665 5378 hodierno
680 5323 811 5378 laterculo
828 5321 909 5378 Areo·
965 5323 1067 5377 Textus
1077 5319 1181 5376 iontem
1196 5318 1254 5374 desi
1275 5316 1412 5382 nevimus,
1428 5309 1628 5394 eumqueadeo
1642 5316 1762 5377 certum,

101 5392 203 5464 pagitae
231 5394 443 5464 appellationem
471 5394 686 5465 praetermisisse,
713 5392 760 5448 ubi
789 5410 824 5448 ex
850 5395 910 5465 ipso
965 5401 995 5447 ut
1022 5390 1195 5446 eruditorum
1222 5335 1304 5445 hodie
1326 5402 1406 5442 nemo
1430 5382 1557 5439 Mrldurnr
1585 5387 1763 5462 opinumenta

106 5471 187 5519 textu
202 5464 444 5520 evidentissimum
461 5474 511 5531 est,
528 5466 631 5521 nonde
646 5465 796 5536 alioquam
813 5464 846 5520 de
859 5480 909 5520 ce·
965 5463 1035 5519 tueri
1051 5460 1160 5528 audeat,
1176 5468 1230 5540 tarn
1246 5466 1337 5538 aperte
1353 5455 1498 5537 abAdone
1518 5461 1546 5509 et
1564 5451 1689 5510 Usuardo
1703 5468 1764 5535 epus

106 5534 258 5591 leberrimo
274 5535 323 5590 illo
337 5536 503 5592 Atheniensi
520 5552 534 5591 ε
555 5537 648 5607 ἰεεορο
663 5551 816 5591 sermonem
832 5551 909 5602 esse;
965 5532 1130 5607 synchronis
1151 5537 1260 5602 rejecta,
1283 5525 1428 5607 quidquid·
1444 5524 1657 5582 wandalbertus
1680 5532 1763 5583 ettam

106 5606 267 5678 utpotequi
283 5621 318 5662 ex
343 5606 450 5676 Adone,
464 5616 524 5663 tum
536 5553 595 5676 bic,
610 5615 669 5663 tum
686 5606 909 5678 inapostolorum
965 5622 1083 5671 massus,
1100 5597 1540 5682 Milduinumsecutusvrdeatur,
1563 5595 1766 5654 dumBOcto-
1796 5662 1803 5672 .

106 5677 331 5744 Bostivitatibus,
346 5686 372 5734 ει
388 5679 509 5752 primum
524 5694 559 5734 ex
575 5680 698 5735 Bomano
710 5693 796 5750 parvo
809 5677 910 5734 claris-
965 5676 1022 5733 bris
1038 5676 1118 5731 illum
1132 5673 1299 5745 Dionysrum
1313 5669 1447 5736 celebrat,

106 5747 178 5804 sime
196 5748 360 5820 desumptus
384 5757 435 5806 ass.
461 5749 537 5805 Nihil
561 5749 595 5806 de
618 5749 782 5821 Areoparita
823 5755 912 5805 count
997 5764 1081 5815 castra
1098 5758 1334 5818 concessemus>
1350 5755 1634 5817 auscitanensium,
1686 5813 1691 5823 Ι

108 5818 339 5892 ffieronymiana,
363 5819 438 5878 nihil
461 5819 545 5892 Beda,
570 5820 669 5878 Florus
695 5827 743 5876 aut
772 5765 910 5879 abacis.
997 5826 1079 5888 Quem
1087 5825 1187 5884 meruit,
1196 5819 1620 5888 geminocomptumJuoctnmque
1630 5813 1766 5864 ministro.

825 3349 1036 3365 ἡ
