3834 6136
62 215 118 273 ete
610 209 925 269 MARTYROLOGIUM.
946 242 982 255 -
999 212 1102 270 MENS.
1124 214 1193 272 lUL.
1668 225 1721 283 etl

64 345 169 397 sanctae
184 336 312 403 llsrtbe,
327 334 730 407 Christietapostolorurnejus
742 335 793 392 hos
813 336 868 393 ita.
883 348 909 407 Α
922 337 1018 409 gduni.
1035 337 1136 404 Rome,
1153 347 1307 396 sanctarum
1320 341 1459 413 virginum
1470 344 1593 401 Floreat
1607 346 1720 404 Lucilla

64 409 156 483 liujus
183 407 288 474 funeri,
309 416 341 462 ut
375 407 486 478 legitur,
519 405 654 462 Dominus
682 352 871 490 nosterfeeus
924 416 1088 481 martyrum.
1102 425 1166 466 oum
1176 410 1239 466 aliis
1249 411 1354 480 multis,
1364 428 1482 540 guarum
1494 415 1719 486 passiohabetur,

63 482 205 547 Christus,
220 495 284 537 cum
315 486 410 535 sancto
424 477 563 535 Frontone
578 478 791 550 Petregorrcensr
807 496 871 552 epr-
923 487 951 536 et
964 488 1054 535 exstat
1065 481 1099 537 de
1114 481 1153 536 eis
1166 498 1256 537 serino
1267 483 1338 538 Petri
1388 485 1500 541 amiani.
1516 486 1657 543 Revelatio
1670 506 1721 546 ca-

64 571 161 626 scopo,
179 551 311 624 exequias
323 550 451 607 solennes
467 548 617 606 exhibuit·
642 550 704 606 llaec
723 551 788 607 alibi
806 568 867 606 exa·
924 551 989 624 pitis
1006 551 1077 608 beati
1100 551 1213 608 loannis
1239 553 1377 625 Baptista,
1405 556 1503 626 Pipino
1524 557 1580 629 regi
1606 558 1677 615 iacta
1691 560 1719 615 in

65 623 200 682 minanda
214 631 290 679 sunt.
921 623 1080 695 Aquitania.
1097 648 1106 669 ι
1130 624 1295 680 Posteriores
1314 625 1459 693 editiones,
1476 627 1548 684 idem
1574 628 1675 685 babent
1687 629 1721 687 de

922 694 1009 766 Lupo,
1024 695 1072 750 sed
1086 696 1189 765 legunt,
1213 697 1340 752 «orando
1358 698 1454 754 Trecas
1471 699 1580 755 muniit.
1597 701 1720 757 Aurelia·

921 766 976 832 nis,
991 765 1128 836 depositio
1143 767 1214 822 beati
1225 767 1350 839 Prosperi
1369 769 1503 849 episcopi.
1519 771 1551 826 ln
1565 772 1719 844 Norwegia,

921 837 1008 892 sancti
1035 837 1200 910 Olaviregis
1227 845 1254 894 et
1283 848 1425 910 martyris,
1456 856 1529 896 anno
1548 843 1720 915 usxvnrliu

87 926 165 968 rocas
180 906 316 964 munivit.
326 907 362 962 Et
372 905 587 978 depositiobeati
600 906 865 979 Prosperiepiscopi.
941 908 1008 962 riori
1041 909 1142 981 legerat
1169 910 1284 980 uxxvr).
1308 911 1429 968 Ciuitate
1452 911 1605 975 Brioeensi,
1632 915 1721 971 sancti
1765 925 1770 932 ·

64 982 134 1039 ltcru
150 980 250 1037 eodem
266 977 322 1039 die.
339 977 439 1034 festum
466 985 568 1034 sancta
590 977 714 1046 Martbae,
730 1004 739 1026 ·
755 986 821 1047 etc,
836 987 868 1035 ut
921 923 1053 1035 guilelmi
1068 980 1188 1061 episcopi
1203 990 1228 1036 et
1244 980 1442 1038 contessoris·
1468 985 1506 1039 De
1518 984 1680 1066 seraphina,
1690 993 1721 1042 ut

64 1052 247 1109 Brumltem
262 1048 472 1120 cherspbina.
504 1071 514 1095 ι
540 1050 571 1105 ln
599 1049 752 1120 Norwegia,
796 1049 867 1106 assio
1142 1051 1147 1061 '

63 1123 154 1181 uncti
166 1121 249 1180 olavi
265 1121 338 1192 regis
351 1128 379 1176 et
394 1120 533 1190 martyris.
550 1119 602 1186 Qui
622 1136 688 1175 mox
701 1120 749 1176 ubi
772 1065 865 1190 idem,

65 1191 278 1262 ctc.,»nrinori
294 1191 462 1255 charactere,
474 1207 508 1246 ex
523 1190 668 1247 Gaurano.
683 1191 752 1247 Tum
786 1193 865 1261 ergit:
922 1193 1174 1264 virginum,Florae
1199 1202 1226 1250 et
1244 1193 1357 1251 Lucilla
1380 1205 1544 1268 martyrum,
1567 1199 1719 1266 cumaliis,

70 1266 206 1324 «Ciuitate
218 1262 381 1320 Ebroicensi
397 1261 464 1335 [lege
477 1261 644 1336 Briooensi]‚
661 1263 748 1319 sancti
764 1209 866 1320 Enitar·
921 1271 973 1320 etc.
986 1266 1054 1320 ltem
1069 1265 1213 1332 revelatio,
1228 1273 1294 1333 etc,
1308 1291 1317 1313 ι
1334 1266 1461 1322 addendo
1474 1268 1500 1322 in
1512 1267 1567 1323 fine
1583 1268 1618 1324 tle
1633 1286 1717 1326 reve·

67 1337 116 1405 mi,
131 1335 259 1409 ejusdem
274 1333 399 1392 civitatis
412 1333 534 1405 episcopi
549 1340 576 1389 et
598 1333 772 1390 confessoris.
787 1336 868 1391 llnnc
922 1334 1025 1390 latione
1044 1336 1143 1407 capitis
1171 1336 1258 1392 sancti
1282 1337 1396 1395 loannis
1417 1338 1565 1421 baptiste:
1589 1340 1652 1396 «De
1666 1355 1721 1413 qua

64 1407 246 1466 Innocentius
258 1406 307 1475 tv,
323 1420 397 1462 anno
409 1421 460 1462 suo
479 1414 589 1477 quarto,
617 1405 792 1462 canonizavit
806 1406 867 1461 Lu·
920 1415 963 1462 est
976 1407 1120 1463 Tractatus
1129 1406 1203 1479 apud
1216 1414 1366 1479 martyrem
1383 1409 1564 1482 Cyprianum.
1580 1436 1590 1458 »

100 693 264 753 blotande
279 694 367 763 Lupo,
384 691 644 748 subditexbdone:
667 693 731 762 =Qni
748 700 868 766 tempore

63 766 137 841 regis
150 766 259 833 Attilae,
278 764 326 837 qui
341 764 459 820 Galliam
476 763 609 830 vastabat,
623 764 695 820 sicut
709 765 738 819 in
762 765 867 837 hymno

63 855 125 967 {pus
138 837 271 895 canitur:
289 835 355 892 dum
382 834 457 891 bello
471 842 569 890 cuncta
595 834 748 906 perderent¹
764 837 867 893 orando

921 1066 1013 1123 supra.
1036 1053 1107 1107 «Die
1121 1052 1253 1120 vigesima
1268 1069 1351 1121 nona,
1370 1054 1457 1110 sancti
1479 1062 1610 1128 martyris
1630 1056 1721 1114 Calli-

921 1121 988 1178 nioi.
1006 1146 1016 1170 2
1037 1122 1106 1178 Dein
1122 1124 1195 1194 typis
1220 1123 1387 1180 minoribus:
1411 1126 1538 1194 «Romae,
1560 1134 1718 1184 sanctarum

788 1535 996 1556 μιῇ-...-

69 1587 107 1645 lll
122 1586 192 1643 Kal.

106 1677 212 1744 Romae,
226 1673 322 1731 natalis
332 1680 491 1730 sanctornm
506 1672 605 1730 Abdou
619 1683 647 1730 et
660 1673 763 1731 Senms
776 1673 997 1746 subregulorum,
1007 1674 1055 1746 qui
1070 1689 1133 1730 cum
1144 1672 1172 1729 in
1184 1673 1313 1731 Corduba
1321 1674 1435 1731 civitate
1449 1674 1721 1743 Persarum,vincula

67 1772 229 1838 paterentur
242 1778 259 1819 a
274 1763 369 1831 Decio,
384 1763 419 1819 ad
430 1762 561 1820 ultimum
576 1763 657 1821 duxit
671 1780 717 1821 eos
731 1765 845 1820 Romam
856 1764 962 1820 catenis
974 1763 1110 1835 obligatos
1120 1771 1146 1819 et
1157 1761 1277 1819 diversis
1290 1764 1380 1835 poenis
1392 1772 1552 1833 maceratos,
1568 1764 1615 1820 ubi
1631 1766 1721 1837 primo

67 1851 216 1927 plumbatis
241 1851 315 1920 cesi,
334 1860 362 1908 et
373 1851 474 1908 deinde
488 1852 578 1924 gladio
593 1851 730 1908 interiecti
746 1861 820 1909 sunt.
836 1853 919 1926 Apud
940 1852 1062 1909 Africam
1077 1852 1191 1909 civitate
1205 1853 1387 1921 Lucernaria,
1409 1862 1565 1910 sanctarum
1579 1854 1720 1926 virginum

69 1939 203 2009 Maximae,
220 1940 368 1998 Donatillte
380 1948 407 1996 et
420 1940 562 2009 Secunda,
579 1957 639 2014 ques
655 1941 844 2015 perseeutione
858 1942 977 2010 Galieni,
989 1950 1065 1999 aceto
1079 1952 1107 2000 et
1121 1943 1185 1999 felle
1204 1943 1294 2015 primo
1304 1951 1414 2016 potate,
1430 1943 1530 2017 deinde
1544 1945 1632 2017 plagis
1647 1961 1720 2002 acer·

70 2029 145 2087 rimis
163 2046 254 2099 caesae,
269 2038 297 2086 et
316 2029 426 2104 equulei
441 2031 602 2088 extensione
625 2031 763 2100 cruciatae,
779 2031 953 2104 postmodum
969 2031 1051 2088 etiam
1065 2031 1205 2089 craticulis
1214 2039 1329 2101 exuste,
1345 2046 1453 2089 necnon
1467 2031 1502 2088 ad
1513 2032 1615 2089 bestias
1632 2033 1720 2105 proje-

68 2128 127 2190 cte,
141 2120 190 2178 sed
201 2120 237 2177 ab
251 2120 297 2177 his
311 2121 432 2188 innota,
448 2120 599 2177 novissime
613 2119 707 2192 gladio
718 2120 853 2193 jugulatae
872 2130 947 2179 sunt.

832 2237 949 2295 NO'FAE.

101 2336 164 2394 Furi
177 2345 243 2394 sunt
256 2337 381 2405 Protea,
396 2335 545 2403 Heriuica„
565 2337 721 2404 Torrmcen„
737 2337 961 2409 lisinec-stay,
972 2338 1121 2410 llostceyd,
1136 2339 1282 2406 Munerat,
1298 2338 1408 2396 Greoec.
1424 2347 1450 2394 ct
1467 2340 1570 2397 Melan.
1596 2358 1599 2365 ·

689 2459 892 2517 VARIANTES
903 2460 1109 2518 LECTIONFS.

101 2558 278 2618 lleriuisn.et
285 2556 598 2630 Antuerp.·blaj.legnnt
612 2557 715 2626 Sennis,
725 2557 863 2630 quomodo
878 2562 901 2623 Β
914 2559 1088 2640 aliquatenus
1116 2558 1254 2625 immutat,
1280 2559 1324 2615 his
1341 2559 1455 2615 verbis:
1472 2559 1596 2615 Adduxit
1621 2578 1669 2617 nos
1683 2563 1720 2618 nd

73 2635 98 2690 iu
109 2631 236 2689 Pratensi
245 2628 389 2696 habeatnr,
406 2644 441 2685 er
454 2645 506 2701 apo
525 2629 610 2701 rapbo
621 2636 715 2685 nostro
730 2646 786 2686 non
800 2629 863 2684 dis·
915 2631 1040 2684 ultumum
1054 2631 1165 2686 Romam
1176 2631 1321 2699 colligatos.
1343 2631 1429 2700 Aput,
1446 2632 1589 2702 proprium
1602 2640 1644 2688 est
1657 2632 1718 2688 An·

71 2704 199 2763 cernitur.
215 2700 328 2758 Mallem
345 2701 456 2768 Scauro,
471 2646 523 2756 seg
539 2701 647 2758 codices
661 2701 753 2757 caeteri
769 2701 864 2772 legunt
916 2700 1126 2771 werp-Maiori.
1141 2702 1179 2756 lle
1194 2701 1300 2758 (loliani
1309 2700 1440 2757 diximus
1450 2700 1528 2781 alibi.
1544 2702 1717 2759 Omnescum

69 2792 126 2834 cum
141 2780 235 2830 textu.
247 2770 401 2828 Scribimus
422 2772 551 2838 Cordule,
572 2780 603 2827 ut
627 2788 710 2843 supra
724 2771 860 2838 iecirnns;
916 2779 995 2827 textu
1022 2771 1134 2839 habent,
1150 2788 1195 2827 uec
1219 2790 1273 2827 non
1299 2772 1336 2827 ud
1349 2772 1444 2827 bestias
1458 2779 1590 2842 proyectn,
1602 2783 1717 2846 excepto

67 2847 125 2904 vids
149 2845 227 2902 inira
248 2842 471 2901 Observationes.
501 2844 532 2898 ln
560 2843 706 2914 llosweyd.
736 2842 821 2911 deest,
844 2861 863 2899 c
916 2843 1074 2914 Rosweyd,
1103 2842 1150 2925 qni
1172 2844 1333 2916 particulam
1352 2844 1431 2899 etiam
1448 2843 1592 2916 interjicit,
1619 2861 1718 2900 necnon

64 2919 150 2977 ueto.
167 2915 448 2983 Prsteu.,'l'ornacen.
465 2922 492 2969 et
505 2915 640 2970 Munerat.
657 2915 682 2969 le
702 2915 859 2982 untllomoe,
916 2915 994 2969 stium
1008 2915 1045 2969 cd
1059 2916 1164 2971 bestius.

65 2989 164 3064 reliqui
180 2987 281 3045 melius
307 2987 429 3054 Romam,
450 2984 497 3041 nbi
522 2989 669 3059 antuerp·
699 2984 734 3057 ay'.
752 3002 861 3041 sensmn

742 3102 1043 3160 OBSERVATIONES.

1609 1586 1661 1644 Die
1674 1587 1722 1646 30.

103 3201 276 3262 coluerim·
285 3201 371 3258 macti
383 3199 753 3271 martyrssdbdoaetsennea
763 3200 866 3272 (inquit

67 3274 120 3334 hac
130 3274 180 3332 dis
192 3273 396 3344 Florentinius)
411 3273 444 3327 nb
452 3271 636 3343 antiquissimo
652 3277 700 3326 tem
719 3289 764 3326 ore
779 3272 866 3326 Romu

63 3346 261 3404 meseonem
274 3350 438 3416 caeparum,
449 3344 478 3399 ia
491 3344 611 3398 omnibus
627 3343 687 3399 Occ'
720 3343 801 3397 ululis
814 3345 864 3399 Ec·

62 3419 147 3476 slssioe
160 3417 366 3487 llurtprclogiis
381 3415 513 3470 indicati:
530 3414 577 3469 ubi
598 3413 652 3469 elia
676 3415 806 3486 preclara
830 3430 865 3469 ex

62 3487 240 3547 uslaccenis
256 3495 285 3544 et
297 3484 523 3543 Sacramentariis
534 3491 712 3540 monumenta
726 3486 755 3539 in
769 3500 864 3540 eorum

62 3557 403 3629 laudemadducitltaque
413 3561 446 3612 ab
457 3554 789 3627 llieronymianisapogra
810 3555 863 3623 bis,

62 3631 147 3700 Beda,
159 3631 255 3696 Floro,
271 3628 392 3693 babuco,
409 3630 532 3685 llomano
555 3643 648 3699 parvo,
664 3626 772 3694 Adone,
791 3573 866 3681 itot-

64 3703 136 3760 lrero
148 3709 177 3759 ct
204 3700 405 3758 wandalberto
431 3698 557 3755 certatim
587 3697 770 3754 celebrantur.
784 3698 864 3754 Bedae

65 3774 214 3846 elogiuma
233 3770 346 3828 Rabano
356 3777 571 3842 transsumptum
584 3776 634 3837 est,
650 3770 760 3825 aFloro
779 3777 864 3825 muta·

65 3853 130 3902 tum
140 3861 148 3899 :
159 3843 256 3900 Noster
271 3840 435 3914 compendio
449 3841 531 3896 etiam
549 3857 625 3906 usus,
641 3857 703 3897 cnm
727 3839 865 3896 Adoniani

999 3200 1090 3249 abdon
1104 3209 1129 3248 et
1140 3201 1254 3258 Zennen,
1268 3199 1388 3262 designat
1401 3201 1475 3249 tertia
1490 3207 1564 3250 sanct
1573 3217 1603 3255 rs,

997 3262 1082 3324 Regni
1095 3277 1159 3326 quos
1172 3263 1262 3315 Rornae
1277 3264 1366 3312 tribuit
1379 3264 1411 3311 de
1428 3264 1547 3324 germine
1567 3265 1664 3313 Persis.

956 3342 1085 3413 Virgines
1099 3341 1244 3399 Africanas
1261 3343 1303 3398 sic
1315 3343 1400 3398 hodie
1424 3346 1593 3401 annuntiant
1606 3343 1716 3401 codices

920 3413 1149 3485 Hieronymiani:
1173 3415 1206 3469 ln
1221 3413 1318 3482 Africo
1344 3413 1450 3468 ciuitate
1481 3416 1629 3471 Tubertulo
1662 3415 1717 3470 Cu·

919 3485 1007 3551 soria,
1024 3485 1123 3539 naulis
1139 3491 1290 3539 sanctorum
1308 3484 1444 3551 discimus,
1468 3486 1604 3552 Seorsudoe,
1620 3487 1717 3542 Doue-

920 3557 998 3622 talloe,
1016 3556 1087 3626 Rufi,
1104 3555 1260 3611 etesium
1278 3555 1305 3611 in
1330 3554 1469 3627 aliquibus
1485 3557 1552 3612 socii
1578 3564 1716 3629 quatuor-

919 3626 1008 3682 decim
1037 3625 1202 3682 nominatim
1240 3626 1430 3698 explicentur:
1468 3626 1497 3682 in
1529 3627 1717 3684 vetustissimo

920 3697 1126 3769 Epternaoensi,
1142 3713 1241 3753 novem
1251 3696 1398 3765 duntaxat,
1410 3696 1458 3770 qui
1472 3697 1558 3755 ferme
1568 3716 1584 3754 a
1595 3699 1717 3756 Notlsero

918 3768 949 3823 in
966 3768 1088 3824 divisum
1103 3768 1274 3840 manipulum
1285 3768 1395 3825 collecti
1409 3776 1492 3836 sunt;
1504 3769 1716 3843 dequibusron·

919 3840 978 3896 sule
992 3839 1114 3895 eruditas
1128 3839 1292 3896 Florentinii
1308 3838 1476 3896 Notationes.
1488 3842 1644 3898 Romanurn
1658 3857 1717 3913 par·

63 3913 185 3973 encomii
192 3920 445 3984 summam,utpote
455 3929 489 3967 ex
499 3911 865 3984 alibisapiuscitatissancti
919 3927 985 3966 vum
998 3910 1032 3967 de
1054 3911 1138 3967 sociis
1152 3910 1223 3967 nihil
1246 3926 1410 3978 memorans,
1426 3912 1480 3967 alia
1495 3913 1632 3985 positione
1645 3913 1717 3968 solas

61 3984 207 4045 Laurentii
223 3986 303 4042 Actis
315 3992 487 4057 conceptam,
504 3983 533 4037 in
549 3982 623 4037 Beda
635 3998 664 4037 re
683 3982 789 4047 erisset,
805 3999 864 4038 eam
920 3982 1040 4053 virgines
1054 3983 1220 4038 annuntiat:
1240 3983 1363 4039 renarro
1385 3984 1566 4051 Lumrnnrioe,
1579 3983 1716 4047 Mocimn,

60 4056 196 4116 toumsd
207 4056 325 4113 verbum
339 4072 415 4112 suam
427 4053 643 4110 fecitNotlterus
678 4052 864 4124 donemsequi
880 4053 902 4114 G
917 4054 1061 4109 Dorrutillu
1086 4059 1110 4108 et
1133 4054 1258 4110 Sorouda
1281 4054 1424 4125 virgiuum.
1441 4054 1528 4122 Quam
1551 4056 1716 4128 palaestram,

63 4128 173 4186 maluit.
192 4128 232 4184 De
245 4126 359 4184 civitate
370 4126 500 4193 Cordule,
512 4125 646 4192 Corduba,
660 4124 792 4189 Cordule,
804 4124 864 4179 Cre·
919 4140 967 4179 seu
981 4124 1139 4180 certaminis
1155 4124 1255 4192 locuni,
1274 4140 1329 4179 non
1345 4125 1432 4197 magis
1460 4143 1542 4199 qnam
1568 4126 1687 4199 priorem
1701 4142 1717 4181 a

61 4199 311 4266 antecurrens,
329 4199 506 4263 Cerdonem
527 4211 690 4268 quocunque
714 4193 796 4250 modo
810 4195 865 4250 alio
919 4211 947 4249 se
962 4195 1119 4261 inventum,
1135 4194 1237 4248 latetur
1256 4196 1454 4251 Florentinius.
1483 4198 1538 4253 Nec
1565 4197 1715 4270 quidquam

63 4267 508 4336 inflectsrcvolueris,videdicta
524 4267 558 4322 ed
573 4283 610 4321 xv
629 4276 732 4322 etxxrr
747 4265 861 4336 Aprilis.
919 4265 1095 4321 obscuritatis
1122 4265 1237 4320 abstulit
1268 4264 1417 4332 Usnardus,
1442 4266 1509 4320 durn
1533 4269 1716 4338 pretermisso

62 4341 195 4399 aulen
224 4335 866 4408 uodattinet,cumexLaurentianisdesumpta
923 4335 1225 4423 Tuborlosinrpliciter
1239 4335 1324 4406 legit:
1342 4335 1456 4414 Ciuitate
1471 4336 1646 4392 [succisoris.
1661 4337 1715 4393 Sed

63 4412 132 4479 sint,
148 4358 222 4486 quid
237 4411 272 4468 de
282 4411 317 4466 iis
331 4410 508 4475 censendum,
530 4424 565 4463 ea
585 4408 685 4463 borum
707 4407 865 4463 sinceritate
919 4407 953 4462 de
969 4406 1013 4462 bis
1031 4406 1338 4463 videbornmentarium
1357 4421 1490 4485 praevium
1513 4405 1547 4485 ad
1568 4407 1636 4461 Acta
1648 4421 1716 4461 san-

63 4482 246 4541 ststucudum
256 4482 320 4538 erit.
339 4481 409 4540 Vide
422 4498 440 4535 x
454 4479 582 4551 Augusti.
605 4480 715 4535 Fatetur
729 4476 865 4533 Fauonius
919 4486 1028 4533 ctarurn
1042 4479 1181 4547 Perpetua
1196 4485 1222 4531 et
1232 4477 1384 4531 Felicitatis
1398 4493 1437 4532 vn
1448 4476 1550 4543 Martii,
1564 4483 1592 4531 et
1606 4492 1666 4548 qua
1681 4492 1715 4531 ex

63 4553 313 4624 summaeripae
333 4561 510 4632 veteraque
533 4557 691 4605 sanctorum
707 4557 863 4627 nostrorum
919 4548 1025 4628 Ortelio
1039 4547 1156 4627 aliisque
1168 4546 1339 4673 geographis,
1356 4545 1390 4627 de
1405 4562 1470 4611 una,
1483 4547 1526 4602 vel
1551 4546 1714 4613 duabus,vel

63 4633 212 4698 resgestas
225 4624 382 4691 continent,
397 4621 576 4694 castigatione
596 4619 729 4691 indigere.
744 4621 863 4675 Paucis·
918 4618 1007 4673 tribus
1024 4618 1168 4675 Tuburbcs
1188 4625 1237 4672 aut
1289 4617 1444 4684 uburbtbus,
1464 4634 1514 4673 suo
1540 4618 1601 4673 loco
1623 4616 1715 4674 denuo

63 4697 135 4754 sima
147 4695 184 4753 de
200 4695 268 4768 ipsis
282 4692 598 4751 adducitTillernontius
612 4699 687 4748 tomo
697 4691 734 4747 lll
748 4689 864 4763 pagbtil
919 4689 1047 4745 ventilari
1062 4697 1089 4745 et
1107 4688 1242 4760 disputari
1256 4695 1395 4760 poterunt,
1420 4688 1504 4744 etiam
1523 4688 1553 4744 in
1577 4687 1668 4745 citatis
1700 4704 1716 4745 ι

64 4776 94 4825 st
105 4767 168 4826 329.
184 4766 302 4834 Verum,
318 4773 348 4821 ut
360 4764 417 4837 jam
441 4763 578 4830 dicebam,
604 4779 639 4819 ex
662 4761 865 4835 antiquissimis
919 4760 1000 4817 nobis
1015 4759 1197 4834 scriptoribus
1210 4776 1294 4831 supra
1306 4759 1340 4815 ad
1351 4760 1492 4831 prefatam
1506 4760 1580 4817 diem
1596 4777 1635 4817 vn
1648 4760 1716 4816 llar-

65 4836 256 4896 monumentis
267 4837 377 4893 abunde
394 4835 517 4893 stabilita
540 4840 581 4890 est
598 4850 694 4891 eorum
710 4834 862 4889 veneratio.
919 4832 963 4900 tii,
977 4831 1024 4888 ubi
1039 4832 1089 4889 bas
1103 4832 1224 4912 virgines
1237 4840 1265 4887 et
1295 4838 1431 4903 martyres
1457 4833 1566 4905 proprie
1581 4832 1716 4889 Tueuasr·

63 4910 179 4967 liullum
193 4907 370 4966 bucheriano
384 4904 549 4964 Kalendario
560 4905 713 4971 vetustius;
730 4905 759 4960 in
772 4921 804 4960 eo
818 4920 864 4960 an·
919 4920 1007 4959 ranas
1020 4902 1351 4977 appellartdiximus,quo
1359 4902 1442 4959 modo
1451 4902 1504 4960 hoc
1518 4904 1563 4960 die
1578 4902 1606 4959 in
1617 4904 1715 4959 Kalen·

58 4988 121 5045 ,tem
134 4980 240 5039 diserte
253 4978 330 5036 buci
350 4996 382 5035 so
394 4978 439 5035 die
454 4976 667 5043 annuntiantur,
680 4976 725 5033 bis
750 4975 861 5032 verbis:
917 4974 996 5032 dario
1007 4973 1216 5045 Carthaginensi
1240 4973 1354 5046 signatae
1370 4981 1454 5030 sunt:
1472 4977 1633 5031 serratorum
1665 4973 1714 5026 Tu·

66 5068 99 5108 ut
114 5052 180 5108 sat.
197 5050 267 5122 Aug.
285 5051 325 5106 At
362 5056 417 5104 net
432 5050 543 5116 Sennea,
559 5048 587 5102 in
601 5047 739 5114 Pontiani,
748 5046 818 5117 qood
827 5052 865 5101 est
918 5046 1124 5102 barbilaesium
1138 5053 1162 5100 et
1176 5045 1317 5117 Sc'ptimioe.
1335 5046 1399 5101 Haeo
1415 5044 1448 5099 de
1463 5046 1590 5115 palaestra
1612 5056 1666 5120 pro
1687 5056 1716 5122 re

64 5123 102 5178 sd
127 5124 225 5180 Ursum
273 5122 387 5177 'kalam
412 5119 587 5192 Simplicium
613 5127 678 5174 sunt
713 5117 810 5172 Allatii
837 5124 864 5172 et
918 5125 1012 5172 nostra
1035 5117 1111 5172 satis.
1126 5117 1210 5171 Plura
1229 5115 1293 5170 vide
1313 5116 1341 5170 in
1361 5117 1444 5170 citata
1458 5114 1637 5183 alibipreevta
1651 5111 1715 5167 Rur-

66 5194 216 5250 Frontonis
230 5139 406 5261 lgiendaria,
431 5192 459 5246 in
475 5191 575 5263 quibus
590 5189 649 5246 haec
667 5188 757 5243 solutu
781 5188 865 5244 verba
918 5187 1002 5266 nertii
1028 5185 1217 5264 admonitione
1239 5187 1273 5242 ad
1286 5188 1355 5241 Acta
1368 5193 1525 5240 sanctarum
1540 5183 1679 5251 Perpetua
1689 5189 1717 5238 et

65 5265 75 5320 l
130 5274 195 5321 ntur
207 5282 213 5321 :
227 5264 325 5322 Natule
343 5270 493 5318 succorum
514 5261 608 5316 didon
635 5266 660 5315 et
688 5261 793 5315 uenae.
811 5259 865 5314 Nec
919 5258 1069 5315 Felicitatis
1083 5257 1156 5312 inter
1169 5257 1276 5312 selecta
1294 5271 1380 5328 apag.
1398 5255 1443 5310 er.
1459 5252 1503 5308 Ad
1516 5259 1624 5307 tostum
1641 5253 1715 5326 quod

64 5334 93 5392 di
114 5344 200 5393 erum
217 5333 342 5391 blenardi
357 5341 384 5389 et
397 5332 536 5389 Thomasii
551 5330 778 5398 sacramentaria,
797 5345 862 5400 pree·
920 5327 1153 5409 proprieflattinet,
1168 5325 1239 5408 Ado,
1253 5329 1406 5405 Romanurn
1420 5338 1535 5403 parvum
1548 5329 1671 5405 secutus,
1681 5340 1716 5407 ex

65 5415 190 5482 tequam
211 5407 272 5463 solo
287 5405 370 5460 modo
383 5403 514 5462 ellrrendi
542 5403 666 5469 nomina,
683 5401 782 5457 ultimo
796 5400 863 5456 scri·
878 5406 903 5465 [J
918 5398 1152 5455 nobilissimarum
1170 5413 1309 5475 virginum
1335 5399 1421 5473 Actis,
1451 5393 1596 5451 fortissimi
1620 5411 1716 5467 agonis

65 5477 168 5535 bute:
187 5477 264 5534 Abdo
279 5482 303 5531 et
321 5475 405 5532 Senis.
429 5475 495 5542 Quae
518 5474 552 5531 de
576 5473 754 5530 translatione
769 5487 863 5544 corpo·
918 5468 1061 5526 historiam
1071 5468 1328 5539 compilavit,quam
1336 5464 1558 5545 mutilamrelert
1566 5464 1715 5534 Notlrerns3

64 5565 170 5619 rum,a
196 5546 330 5619 Gregorio
355 5547 392 5603 lV
416 5554 463 5603 aut
487 5545 520 5602 de
540 5545 602 5601 aliis
615 5543 794 5609 Florentiam,
821 5543 864 5597 vel
918 5542 1015 5598 Noster
1040 5555 1117 5605 vero,
1138 5538 1249 5594 omissis
1278 5536 1497 5593 circumstantiis
1525 5536 1558 5593 de
1585 5537 1715 5606 Secundo,

64 5619 241 5679 Suessioucm
264 5618 355 5686 lactis,
373 5625 506 5675 memorat
520 5616 724 5683 Tillemontins,
739 5613 806 5670 alibi
821 5629 864 5669 ac·
920 5610 1057 5684 prioribus
1071 5609 1188 5682 captivis
1198 5623 1227 5663 se
1240 5607 1315 5663 ultro
1330 5615 1502 5678 aggregante‚
1514 5608 1632 5736 aliisquo
1646 5609 1715 5664 mul·

63 5691 188 5750 cuntium
204 5690 402 5748 discutientur.
416 5689 477 5746 Non
492 5688 573 5746 debet
583 5685 717 5761 preteriri
732 5685 798 5743 satis
811 5686 864 5741 ele·
919 5684 966 5751 tis,
986 5698 1017 5738 ea
1031 5681 1121 5738 solum
1132 5677 1281 5761 delibavit,
1299 5693 1360 5760 que
1387 5678 1524 5761 eleganter
1540 5678 1581 5762 in·
1594 5679 1716 5737 atorculo

63 5779 129 5839 gaus
143 5760 340 5824 wandalberti
356 5761 496 5834 elogium:
918 5769 1049 5828 expressa
1075 5750 1213 5811 dedimus.
1227 5751 1272 5811 An
1286 5757 1353 5809 setis
1377 5764 1485 5812 stnoera
1511 5750 1616 5811 fuerint
1636 5753 1714 5817 Acta,
