3834 6136
137 183 188 241 titt
796 174 951 233 usuattnt
969 174 1132 234 eunachi

138 307 180 361 rit
193 302 276 359 omui.
285 317 358 358 anno
368 302 398 358 in
405 300 459 358 ista
468 308 560 367 nocte,
571 308 599 357 et
609 316 666 356 non
676 299 705 356 in
716 299 780 356 aliis
795 298 934 369 noctibus,
952 303 978 363 A
992 299 1084 368 habet,
1099 306 1131 356 ut
1147 313 1239 371 supra,
1255 296 1415 355 distinctius
1437 294 1604 423 exqrimans
1619 293 1701 377 Agite

143 376 282 431 celestem
298 379 326 428 et
341 372 449 428 dulcem
466 371 618 428 armoniam
638 370 673 426 ab
694 370 808 442 angelis:
825 370 935 428 tandein
991 379 1033 429 ter
1046 387 1063 428 a
1078 371 1152 428 clero
1166 378 1194 426 et
1208 369 1310 443 populo
1334 367 1468 449 decantari
1489 382 1546 421 uin.
1558 362 1697 448 ,39qu

138 444 267 518 quaesivit
280 459 297 499 a
309 443 438 511 Domino,
460 442 527 515 quid
546 441 598 499 hoc
617 441 794 513 significaret.
814 441 866 500 Cui
888 457 936 498 re-
990 443 1101 500 civitate
1115 441 1251 513 Frisinga,
1269 440 1359 496 natale
1371 446 1458 495 sancti
1483 436 1645 518 Corbiniani
1666 450 1701 519 ep

138 531 269 588 sponsum
280 522 323 571 est
337 513 484 581 divinitus,
501 513 573 586 quod
584 513 662 569 beata
673 513 751 585 virgo
767 512 851 569 Maria
867 514 935 583 (rna-
990 521 1017 570 et
1028 512 1224 571 contessoris.»
1241 513 1272 567 ln
1284 510 1482 567 Alexandrinis
1491 516 1517 564 et
1531 507 1701 564 Antiocheni

138 587 192 659 ter)
209 586 321 643 Domini
336 585 424 642 nostri
440 586 504 641 lesu
520 584 623 641 Christi
638 591 702 639 nata
714 591 785 640 esset
799 582 833 640 de
856 584 936 640 beata
990 601 1057 658 pura
1073 592 1123 640 est.
1144 586 1173 639 ln
1196 583 1268 640 sine:
1294 608 1303 630 ‹
1324 581 1406 652 Apud
1421 580 1622 646 Nicomediam,
1638 585 1701 660 'tres

139 657 229 725 Anna,
251 665 402 713 matresua
417 657 445 711 in
461 656 552 722 terris,
572 664 599 711 et
614 663 726 728 propter
739 655 792 711 hoo
806 654 934 726 gauderet
989 656 1076 713 sancti
1088 655 1203 713 Adriani
1220 649 1701 736 martyrisdeConstantinopoliadi

137 736 215 786 totus
226 728 511 809 chorusaugelorum,
527 735 722 784 etsanctoium
739 727 769 782 iii
780 727 867 784 coelis.
883 718 934 784 Cui
990 727 1115 784 Romam.
1131 726 1254 808 Etulicet
1269 725 1328 782 dies
1349 741 1382 797 pa
1390 724 1489 806 ssi-nnis
1512 739 1572 812 equs
1591 721 1701 804 celebre

137 800 934 939 tttrttthhftltuitihttthtthtttfttttt
989 791 1701 942 litet.lttttilhttttltthltlttntl

139 949 179 998 ret
190 942 239 997 illo
254 942 299 998 die
315 958 378 997 cuin
391 941 515 997 Ecclesia
528 941 719 1012 triumphante
737 940 766 995 in
788 941 875 997 coelis.
898 942 935 996 Et
988 950 1015 998 at
1037 958 1069 997 ue
1083 942 1112 997 in
1127 942 1230 1012 templo
1244 939 1444 997 honorabiliter
1458 944 1574 994 exornat
1584 952 1671 993 um.-

138 1013 178 1070 sie
193 1013 359 1070 factumest.
378 1013 483 1070 Eodem
493 1012 548 1079 die,
559 1013 704 1068 translatio
715 1011 802 1069 sancti
818 1011 934 1067 Adriani
1049 1030 1169 1068 neven:
1190 1011 1366 1068 ‹Corbiniani
1381 1009 1501 1082 episcopi
1512 1008 1701 1080 Frisingeusia

138 1085 279 1157 martyris,
296 1083 407 1156 qnando
416 1101 515 1157 corpus
526 1083 585 1154 ejus
600 1084 692 1140 Rome
703 1084 865 1140 translatum
880 1090 931 1138 est.
987 1081 1043 1151 die,
1059 1085 1146 1163 sancti
1157 1082 1306 1154 Clodulplii
1315 1082 1436 1209 ⁰f¹⁸⁰9li
1446 1080 1587 1148 Metensis,
1599 1086 1628 1136 et
1639 1078 1701 1139 Ded

138 1155 192 1223 Qui
208 1170 304 1227 passus
318 1162 375 1209 erat
387 1155 439 1210 sub
452 1155 624 1210 Diocletiano
646 1161 673 1212 ιι
695 1152 750 1229 [in]
765 1153 935 1227 Nycomedia
988 1154 1039 1210 tris
1054 1170 1146 1226 egos.»
1168 1153 1239 1209 Vide
1254 1171 1306 1209 vin
1338 1154 1409 1209 unii.

137 1242 201 1283 cum
217 1225 279 1280 aliis
294 1225 409 1297 triginta
425 1225 524 1282 tribus.
535 1226 639 1292 Romae,
655 1227 745 1282 natale
759 1224 832 1283 beati
846 1225 934 1298 Sergii
1024 1226 1132 1282 Menas.
1153 1225 1317 1281 Diocletiano
1339 1226 1457 1295 Angusto
1483 1222 1546 1279 aliis
1571 1221 1676 1280 litteris

137 1312 223 1369 papae,
242 1321 251 1343 ·
272 1304 337 1365 etc,
356 1303 388 1352 ut
402 1296 583 1366 Uirrium,
595 1304 659 1366 ete,
675 1312 766 1371 snpra.
777 1296 809 1352 In
819 1295 935 1370 reliquis
989 1296 1126 1353 immiscet
1140 1314 1146 1352 ι
1169 1318 1179 1343 ι
1195 1295 1351 1363 Contractis
1365 1296 1459 1369 itaque
1472 1294 1611 1363 cruribus,
1626 1308 1701 1368 aopi

137 1367 204 1424 satis
223 1383 308 1440 puros
320 1375 370 1424 est.
989 1367 1095 1436 incisis,
1107 1368 1222 1439 iusuper
1234 1374 1261 1422 et
1276 1365 1355 1423 beato
1369 1366 1492 1423 Adriano
1505 1365 1592 1422 incisa
1604 1378 1701 1435 mauu,

172 1438 710 1498 ιιιιιιιι.-Ειιτιιι.-ιιιιιιιιιιτ.τ
748 1464 758 1490 ι
784 1440 934 1499 Nativitate
989 1447 1030 1496 tes
1057 1448 1084 1495 et
1107 1439 1208 1512 gratias
1229 1447 1340 1511 agentes
1368 1440 1434 1505 Deo,
1469 1437 1597 1510 spiritum
1625 1436 1701 1495 einis

137 1509 223 1566 beatae
235 1508 328 1566 llariae
344 1509 471 1582 virginis.
488 1512 604 1568 Adriani
620 1511 751 1586 martyris
760 1528 823 1570 cuin
833 1511 933 1597 viginti
989 1510 1109 1583 Corpora
1128 1526 1223 1567 eorum
1237 1508 1322 1581 jussit
1335 1517 1472 1582 tyrannus
1491 1507 1613 1578 incendi,
1635 1508 1701 1567 sedi

137 1581 228 1638 tribus
255 1581 460 1653 martyribus·
482 1583 601 1640 Notatur
622 1594 712 1640 autem
737 1585 766 1640 iii
790 1599 931 1657 margine:
988 1582 1067 1640 iactae
1079 1589 1144 1638 sunt
1157 1582 1360 1639 coruscationes
1377 1590 1404 1639 et
1427 1581 1561 1650 tonitrua,
1577 1596 1610 1638 ac
1630 1581 1700 1654 plui

144 1675 154 1700 ι
174 1651 262 1723 liujus
277 1654 409 1726 martyris
422 1663 505 1726 caput
519 1663 560 1711 est
580 1655 609 1711 in
623 1656 747 1713 Ecclesia
760 1655 847 1712 sancti
863 1655 933 1712 llar-
948 1661 972 1721 Β
986 1655 1127 1711 extinctus
1141 1662 1182 1710 est
1199 1654 1279 1726 ignis.
1295 1654 1373 1710 'lunc
1388 1652 1540 1711 Christiani
1556 1652 1699 1725 rapientes

135 1723 199 1792 tini,
215 1740 279 1781 cum
292 1724 382 1797 eapite
408 1726 483 1783 aucti
499 1725 585 1783 Esisii
599 1727 740 1800 martyris,
755 1728 821 1783 satis
835 1727 932 1783 solem·
987 1736 1081 1808 tyrum
1096 1725 1236 1798 reliquias,
1256 1725 1377 1782 ascensis
1395 1724 1524 1790 navibus,
1540 1722 1701 1796 lugerentb

135 1795 209 1851 niter
224 1796 379 1852 locatum.»
987 1813 1059 1854 siuin
1083 1805 1109 1853 et
1133 1797 1271 1853 reverenti
1299 1796 1403 1852 honore
1426 1796 1602 1868 sepelierunt.
1626 1795 1689 1853 Nou

171 1867 202 1922 lu
222 1865 359 1924 Varicau.
370 1867 421 1924 sub
436 1874 502 1925 nota
515 1885 593 1925 nuni.
604 1869 685 1939 5949,
696 1869 782 1940 deest,
795 1869 933 1925 Ammonis
987 1876 1049 1996 quisi
1063 1875 1187 1940 tempore
1201 1866 1274 1925 beati
1291 1868 1408 1924 Adriani
1421 1884 1521 1939 corpus
1534 1874 1561 1922 et
1570 1867 1701 1924 Romam

136 1943 161 1992 et
177 1938 329 1994 sociorum:
344 1939 471 1995 timothei
481 1946 505 1995 et
518 1941 622 1998 Fausti.
999 1947 1110 1997 atum·
1146 1940 1210 1997 llaec
1237 1956 1272 1996 ιι
1300 1939 1396 1995 Adone
1422 1938 1550 2011 decerpta
1574 1947 1650 1995 suut.
1674 1938 1701 1995 lii

171 2009 294 2067 Derisus.
314 2009 363 2067 SS.
381 2010 484 2067 Timet.
505 2018 533 2068 et
555 2012 648 2084 Apoll.
667 2027 673 2068 ε
696 2012 823 2079 «Remis,
842 2012 933 2069 natale
988 2010 1111 2082 subjicit.
1134 2012 1190 2067 «lu
1209 2009 1375 2068 suburbanis
1398 2011 1442 2067 lla
1462 2009 1632 2066 nntiacensis
1654 2024 1701 2068 eoo

136 2082 222 2138 sancti
239 2081 362 2138 Viventii
378 2081 500 2155 episcopi
510 2089 537 2138 et
552 2084 748 2141 confessoris·
765 2086 847 2141 Deeo
860 2083 933 2140 inter
988 2083 1077 2140 sancti
1098 2081 1208 2139 Disboti
1235 2080 1403 2139 confessoris
1432 2026 1497 2155 [iege
1519 2081 1610 2153 potius
1636 2079 1701 2138 Disil

135 2151 320 2209 Auctariadie
334 2153 500 2225 precedenti
515 2154 625 2213 abunde
640 2165 731 2213 actum
746 2162 797 2211 est.
988 2155 1025 2210 Et
1039 2153 1184 2225 Frisingae,
1209 2152 1346 2226 depositio
1369 2154 1456 2210 sancti
1479 2152 1643 2211 Corbiuiani
1656 2151 1701 2235 epi

170 2223 266 2279 Editio
288 2223 495 2282 huneco-Cou.:
519 2226 679 2284 «Nativitas
698 2226 866 2283 beatissime
882 2226 931 2282 Dei
988 2241 1067 2296 cujus
1097 2234 1156 2281 vita
1189 2224 1343 2281 virtutibus
1372 2227 1477 2308 inclyta
1511 2224 1539 2280 in
1574 2222 1701 2297 Dajoaria

134 2295 276 2366 genitricis
289 2296 407 2369 uirginis
425 2295 528 2366 liaris,
552 2314 613 2371 quae
627 2298 758 2372 gaudium
774 2298 931 2372 apportavit
989 2297 1056 2352 ruit.
1087 2321 1097 2346 ι
1133 2296 1336 2352 Posterioribus
1369 2294 1539 2352 editionibus
1564 2296 1656 2352 soloin
1684 2295 1701 2353 li

134 2365 265 2422 universo
279 2367 394 2423 mundo.
410 2367 475 2423 ldeo
497 2385 606 2426 summa
625 2370 796 2426 exultatione
814 2369 932 2443 gaudeat
992 2367 1167 2440 ,rFrisingau
1191 2367 1328 2440 depositio
1350 2368 1437 2425 saneti
1460 2366 1625 2426 Corhiuiani
1651 2366 1701 2442 epi

136 2445 209 2495 terra
222 2447 327 2508 nostra,
342 2439 473 2513 Virginis
498 2440 626 2500 illutrata
642 2442 739 2501 natali.
755 2467 765 2492 ›
786 2442 826 2499 De
839 2441 934 2514 Sergio
990 2437 1071 2512 cujus
1087 2438 1147 2496 vita
1160 2439 1347 2510 virtutibus·
1370 2446 1435 2510 ete,
1451 2447 1482 2496 ut
1497 2439 1527 2496 iii
1541 2439 1643 2512 prima.

856 2590 1070 2607 m

135 2652 159 2717 V
178 2653 253 2716 Idm.
1695 2688 1701 2722 i

170 2744 252 2819 Apud
265 2739 468 2816 Nicomediam,
487 2747 577 2821 passio
591 2746 736 2806 beatorum
750 2754 903 2821 martyrum
914 2746 1047 2806 Dorothei
1057 2758 1085 2807 et
1094 2748 1238 2823 Gorgonii.
1253 2749 1300 2824 qui
1311 2756 1445 2824 presente
1459 2747 1645 2823 Diocletiano,
1657 2768 1701 2812 eui

134 2835 305 2893 secutionem
320 2851 401 2908 quani
422 2835 589 2894 Christianis
608 2837 753 2908 inferebat,
777 2838 988 2906 detestarentur,
1009 2837 1081 2909 jussi
1100 2850 1166 2897 sunt
1181 2839 1272 2913 primo
1294 2839 1425 2914 suspendi
1451 2848 1478 2897 et
1491 2839 1585 2913 llagris
1600 2848 1662 2901 toto
1676 2858 1701 2903 et

136 2925 252 2981 laniari:
268 2925 334 2981 exin
349 2925 501 2982 visceribus
514 2927 585 2999 pelle
599 2926 721 2997 nudatis,
736 2934 813 2984 aceto
826 2935 854 2984 et
867 2929 923 2983 sale
936 2927 1075 3000 perfundi,
1087 2927 1185 3002 sicque
1199 2929 1229 2986 iii
1242 2930 1377 2988 craticula
1392 2930 1490 3000 assari,
1506 2938 1588 3004 atque
1603 2930 1640 2990 ed
1657 2932 1702 2991 ult

134 3011 230 3085 laqueo
248 3014 348 3070 necari.
365 3013 511 3087 lnterjecto
525 3022 616 3073 autem
631 3026 752 3089 ternpore
765 3015 860 3073 beatus
873 3016 1028 3090 Gorgonius
1041 3019 1158 3077 Doinam
1175 3020 1324 3077 translatus
1337 3026 1380 3076 est
1400 3020 1560 3094 positusque
1574 3021 1622 3078 via
1634 3021 1701 3081 Lati

133 3101 241 3160 Sabinis
254 3104 375 3162 miliario
387 3104 421 3162 ab
436 3105 507 3163 Urbe
522 3104 675 3172 tricesimo,
691 3111 849 3163 sanctorum
864 3106 991 3178 lacincti,
1008 3109 1178 3179 Alexandri,
1194 3117 1223 3167 et
1238 3108 1370 3168 Tiburtii.
1387 3110 1418 3168 lu
1430 3110 1570 3170 territorio
1582 3111 1701 3173 trime

132 3202 217 3261 sancti
231 3204 358 3262 Autmari
371 3190 492 3278 episcopi
507 3213 534 3262 ot
549 3203 724 3263 confessoris.
740 3205 772 3263 ln
791 3203 893 3275 Sootia,
909 3207 1029 3273 Querani
1050 3205 1173 3265 abbatis.

886 3331 1003 3390 houm.

162 3428 207 3491 Sic
227 3432 330 3488 habent
350 3430 472 3497 Proteo,
495 3425 645 3494 lierinien„
671 3427 928 3500 Antiierpedloior,
944 3435 965 3494 G
980 3432 1222 3504 Anium-ttae,
1255 3431 1404 3503 Ultrajeet„
1419 3432 1544 3507 Lepdeii,
1560 3430 1700 3493 boconiae

130 3496 278 3574 humeya..
295 3502 441 3570 Munerat,
457 3501 554 3569 setin,
573 3501 684 3557 Grecen.
702 3509 729 3558 ιι
743 3502 846 3559 Melon.
860 3503 929 3560 ltein
984 3503 1087 3576 bergen.
1106 3511 1136 3560 et
1151 3505 1278 3560 Doniciia.

166 3643 924 3726 ¹Omniumeiiemplorum,etiam-Dervensis,haecsunt
984 3649 1329 3709 aci·ibunturiuPratensi.
1346 3652 1447 3709 Litore
1459 3653 1545 3726 igitur
1555 3654 1701 3713 omnibusi

131 3713 228 3770 verba:
246 3715 280 3771 ln
294 3719 429 3767 territorio
447 3714 633 3768 Tarraconensi.
650 3714 752 3769 Lituiae
766 3722 858 3771 tamen
875 3733 924 3772 in·
983 3720 1035 3791 plis
1045 3721 1186 3794 antiquior
1200 3722 1272 3780 lacta
1287 3723 1376 3797 igitur
1392 3724 1426 3781 ab
1441 3735 1563 3783 auctore.
1578 3726 1701 3785 Βιυιιιι

738 3838 940 3898 vastandus
960 3843 1163 3902 Lectiones.

166 3934 231 3993 Post
246 3932 347 3991 laniari
361 3934 421 4006 lego
433 3933 507 3999 euin,
522 3946 585 3989 cum
605 3931 687 4005 preci
708 3933 751 3991 uis
772 3935 924 4008 codicibus,
1000 3940 1055 3997 itur
1074 3944 1266 4015 Tereennensi,
1285 3945 1315 4003 in
1327 3948 1553 4024 Autnerp.·blaj.,
1572 3950 1701 4009 lirim

131 4006 266 4089 quidquid
292 4005 440 4087 Munerat,
476 4003 593 4085 Greven.
623 4011 651 4060 et
707 4005 779 4088 olan.
807 4006 927 4066 habeant
982 3958 1127 4087 iloswoyd.
1148 4018 1338 4087 Tureernensi,
1354 4019 1383 4075 in
1397 4019 1532 4078 Munerat.
1553 4022 1701 4081 aemam

130 4080 234 4135 scinde.
258 4077 431 4134 MaleDelin.
455 4081 488 4144 et,
522 4091 551 4130 ui
566 4083 656 4157 etpro
674 4076 782 4133 nudatis
797 4079 926 4138 mendose
980 4084 1070 4141 Delini
1084 4086 1173 4159 prima
1187 4089 1308 4146 editione
1323 4092 1366 4147 Dc
1376 4093 1504 4149 roeaensi'
1529 4093 1658 4153 inatiers
1686 4096 1701 4155 l

129 4150 227 4231 scribit
239 4147 343 4231 nudati.
363 4148 424 4205 Non
438 4090 522 4229 ιιιιιιἹ
542 4163 668 4220 superius
686 4149 803 4230 recurrit
823 4166 924 4235 nornen
980 4157 1064 4224 riensi,
1091 4158 1120 4213 in
1137 4158 1329 4230 Ultrajectino,
1362 4165 1490 4234 pessime,
1505 4136 1695 4225 'Tomeea’rt

129 4221 282 4292 Hyacinthi,
317 4218 370 4275 uod
386 4235 421 4275 ex
436 4217 563 4300 pluribus
574 4219 780 4301 efformavimus
794 4222 923 4293 lliuciiiti,
979 4226 1177 4284 adhaerendum
1193 4231 1329 4301 Pratensi,
1346 4235 1394 4291 sed
1411 4236 1530 4292 aliorum
1546 4253 1697 4297 numerum

129 4299 160 4347 ut
175 4292 257 4348 modo
272 4290 307 4347 ha
328 4297 355 4345 et
370 4290 478 4347 Praten.
496 4290 546 4370 llic
565 4292 713 4347 scribimus
734 4293 847 4349 lacincti
860 4311 923 4352 cuin
978 4298 1041 4354 tuli.
1061 4300 1106 4357 Sic
1120 4301 1176 4357 lere
1191 4318 1287 4359 ornnes
1312 4305 1406 4377 legunt
1420 4308 1570 4364 Andomori'
1578 4326 1589 4374 ,·
1603 4310 1653 4367 sed
1669 4326 1701 4367 ue

128 4363 292 4432 Herinien.,
317 4362 558 4443 entrare-hap,
574 4362 739 4446 llosyreyd.,·
761 4364 879 4422 Grereii.
896 4374 923 4423 et
978 4369 1099 4439 Praten.,
1114 4373 1256 4431 llerinien.
1273 4384 1300 4431 et
1315 4378 1434 4433 Greven.
1457 4379 1622 4453 reliquimus
1636 4382 1701 4437 Aah

127 4433 228 4490 llolan.
244 4434 276 4490 In
288 4433 430 4490 Munerato
445 4441 486 4490 est
499 4434 616 4503 lucenti,
631 4450 660 4490 in
681 4435 770 4492 Belin.
786 4436 902 4493 lacinthi
913 4456 922 4494 :
996 4443 1117 4500 uomodo
1132 4444 1214 4502 etiarn
1232 4447 1343 4505 videtur
1357 4449 1478 4505 uoluisse
1495 4450 1616 4508 scribere
1639 4451 1701 4510 tin

127 4505 290 4562 ultimorum
307 4505 495 4588 seucodicum
509 4522 602 4587 naeuos
613 4523 669 4563 non
680 4508 806 4589 observo.
818 4510 920 4568 blotan.
977 4456 1008 4568 {ln
1023 4514 1112 4570 Delini
1136 4516 1257 4574 secunda
1280 4519 1402 4576 editione
1426 4528 1452 4577 et
1471 4521 1500 4576 in
1513 4522 1615 4580 llolan.
1637 4522 1701 4581 oiuii

126 4592 175 4648 pro
188 4576 341 4634 Alexandri
356 4592 384 4633 iii
397 4594 485 4649 prima
498 4577 620 4634 editione
648 4587 722 4635 osuit
736 4581 920 4650 Alexandriae,
977 4584 1075 4641 titulus
1090 4589 1183 4645 saneti.
1200 4591 1238 4645 De
1253 4590 1340 4646 Scotic
1353 4591 1420 4647 alibi
1435 4593 1546 4665 sepius.
1564 4593 1700 4653 tterinisii

126 4646 209 4713 unde,
228 4647 363 4727 nilallor,
381 4648 538 4727 factumest
560 4656 592 4703 ut
638 4649 739 4732 suardo
766 4652 792 4707 id
811 4653 921 4735 'tribuat
976 4656 1187 4735 salmuriensi,
1196 4661 1342 4735 liosweyd.
1356 4664 1589 4734 dereliquerim
1598 4680 1701 4725 cumo!

126 4715 324 4772 Florentinius.
347 4718 444 4773 Scribo
475 4720 642 4776 Taiueiiensi
663 4737 728 4777 cuin
753 4721 917 4791 Henaton,
976 4735 1104 4785 interitu.

126 4784 244 4842 Greveu.
256 4793 283 4841 et
297 4786 398 4844 Melan.
416 4787 532 4847 Variant
547 4790 607 4858 alii,
622 4808 687 4848 nain
703 4792 732 4848 in
749 4792 858 4850 Praten.
876 4797 920 4850 le-

800 4918 1101 4984 OBSERVATIONES.

158 5011 234 5070 Inter
247 5010 407 5068 innumeros
418 5009 643 5096 Nicomedenses
657 5023 792 5098 martyres
805 5033 860 5076 non
890 5038 916 5077 o·
932 5029 956 5088 Ι)
974 5024 1058 5080 situin
1082 5034 1108 5082 et
1134 5026 1208 5084 notis
1236 5029 1406 5089 illustratum
1436 5034 1509 5091 inter
1532 5037 1601 5096 Acta
1620 5042 1701 5097 marl*

123 5092 237 5142 stremas
250 5091 345 5141 teuent
359 5084 672 5142 saevteilltsDioclelteni
683 5089 845 5169 cubicularii
887 5111 915 5148 o·
972 5097 1071 5178 selecta
1094 5114 1142 5181 per
1165 5100 1366 5182 Theodericum
1396 5107 1605 5165 Ruiuartiuma
1631 5098 1701 5185 pag,¹

123 5158 230 5212 rothem
245 5165 273 5212 et
291 5156 449 5228 Gorgonius,
465 5164 496 5212 ut
508 5158 581 5229 apud
597 5158 757 5230 Eusebium,
775 5163 914 5233 lichnum,
972 5167 1082 5225 Videsis
1106 5179 1189 5227 etiarn
1209 5173 1418 5232 Tillemontiuni
1444 5186 1521 5235 tomo
1543 5180 1577 5248 V,
1593 5195 1609 5236 a
1632 5198 1696 5255 pag.

124 5226 298 5285 Lactantium
320 5238 346 5285 et
368 5229 437 5285 alios
460 5229 679 5300 celebratissimi,
701 5232 740 5288 ita
764 5235 916 5293 alioinauo
971 5239 1018 5295 ubi
1035 5241 1173 5308 Dorothei,
1199 5246 1273 5299 Petri
1295 5255 1322 5302 et
1351 5249 1478 5376 Goqqonii
1500 5258 1574 5323 gesta
1588 5256 1701 5311 enuclea

124 5313 219 5369 parvo,
233 5300 340 5383 Adone,
357 5300 479 5383 Usuardo
494 5309 521 5357 et
531 5300 662 5383 hlothere,
673 5305 808 5385 nonsatis
818 5323 916 5380 oppor·
970 5311 1078 5369 erudite
1098 5315 1283 5388 prosequitur.
1306 5319 1378 5385 Quid
1422 5323 1484 5378 elis
1500 5323 1604 5381 sanctis
1618 5323 1701 5399 singu

126 5375 199 5438 tune,
216 5380 246 5427 ut
259 5380 357 5453 merito
371 5372 497 5446 pluribus
511 5374 632 5456 videtur,
649 5377 701 5433 hoc
716 5375 760 5432 die
775 5378 915 5459 collocati,
971 5391 1069 5455 preter
1084 5387 1288 5458 translationes,
1301 5391 1443 5463 proierant
1454 5394 1540 5462 varia,
1554 5412 1617 5470 que
1632 5412 1701 5471 aptit

124 5452 187 5494 euni
206 5444 348 5523 manifeste
369 5454 563 5528 appareatqeos
576 5463 650 5517 ipsos
668 5462 725 5528 esse
740 5449 832 5521 quiab
846 5451 916 5509 Hie·
970 5464 1079 5525 enstan,
1091 5468 1281 5529 monumenta,
1295 5462 1566 5536 alibiexplieahltur.
1579 5467 1657 5525 Beda
1671 5485 1701 5527 nt

124 5524 295 5582 ronymiauis
309 5531 372 5571 curn
391 5517 631 5599 lltpdoaio,.Petro
646 5519 765 5603 aliisque
777 5521 915 5603 pluribus
970 5535 1042 5583 tacta
1058 5529 1191 5601 palaestra,
1205 5532 1270 5604 legit
1284 5533 1336 5590 boc
1350 5535 1413 5591 die:
1426 5537 1522 5594 Notele
1536 5545 1622 5595 scorti
1639 5540 1701 5615 Cret

123 5579 279 5639 referuntur
297 5586 454 5668 xii-Martii,
471 5606 525 5670 quo
539 5605 570 5646 iii
585 5591 666 5673 'Actis
681 5590 715 5647 de
732 5607 799 5675 ipsis
813 5593 913 5666 agitur.
970 5599 1051 5667 uitio,
1063 5602 1171 5682 opinor,
1184 5605 1372 5674 amanuensis,
1380 5623 1443 5665 nain
1457 5610 1585 5682 Gargonii
1592 5610 1701 5671 scriheu

122 5649 264 5735 [regendus
276 5658 433 5715 omninode
448 5660 652 5720 Nicomediensi
670 5663 831 5722 carnificina
852 5664 916 5723 Eu-
971 5668 1093 5728 dubitari
1107 5675 1154 5730 vix
1166 5683 1265 5747 potest,
1283 5679 1517 5751 quemadmodum
1533 5681 1617 5740 babet
1631 5684 1701 5745 Rebi

123 5720 213 5783 sebius
226 5724 276 5783 hh.
297 5743 358 5800 rui,
374 5728 419 5787 ael
433 5730 530 5790 saltem
540 5740 696 5795 extractum
710 5750 745 5793 ex
760 5751 803 5807 eo,
816 5752 915 5812 propo·
971 5740 1110 5815 ingentem
1121 5746 1146 5802 ei
1158 5747 1295 5807 sociorum
1312 5756 1435 5810 turmam
1448 5751 1595 5825 adjiciens,
1610 5771 1670 5814 ucri
1685 5756 1701 5815 p
