3834 6136
62 208 116 264 tir

609 210 924 272 MARTYROLOGIUM.
947 247 981 258 -·
999 215 1103 276 MENS.
1126 221 1207 276 AUG.

1670 226 1725 288 tls

61 343 101 390 tas
114 330 283 400 Christiani,
298 330 455 389 adauctum
470 348 533 388 euin
548 336 768 407 appellaverunt,
785 339 857 411 quod
873 350 968 398 sancto
984 343 1070 399 Felici
1084 352 1181 401 auctus
1194 346 1230 401 sit
1243 345 1277 402 ad
1293 363 1433 405 somnam.
1450 350 1517 406 ltem
1533 351 1635 421 Rome,
1651 369 1722 411 san-

60 429 110 479 cta
125 419 289 477 Gaudentiae
303 420 432 492 virginis.
450 418 547 494 [Addit
560 423 709 483 Bouillart.
723 445 731 482 :
747 439 758 466 ⁸
775 429 807 484 ln
822 445 890 502 pago
904 429 1049 501 Meldcnsi,
1065 435 1153 491 sancti
1169 435 1244 508 Agili
1259 435 1449 510 confessoris]

837 546 955 605 NOTAE.

95 635 161 693 Puri
176 643 242 692 sunt
256 634 408 706 mutulen,
434 637 591 706 Falconem,
614 642 747 714 antuerp.
767 649 794 700 ct
817 645 1014 717 Maeuiae,
1036 648 1127 706 Belini
1144 651 1236 723 prima
1251 651 1342 723 editio,
1360 654 1471 712 Greuen.
1492 662 1520 711 at
1532 656 1634 715 Melan.
1652 658 1720 715 ltem

61 726 296 799 animem-ttae„
315 725 462 796 Ultraject,
478 727 601 799 heyden,
617 730 774 803 Loucmcn„
793 734 933 807 Alherqen.
950 745 976 793 et
991 739 1120 796 Danuui.

92 854 218 911 ⁸Falsus
241 860 282 910 est
299 861 326 910 ct
351 851 449 909 lelellit
468 853 616 912 Sollerium
639 857 822 927 Castellanus,
846 877 909 919 cuin
929 864 1040 936 scripsit
1062 874 1188 923 sanctum
1213 865 1325 939 Agilum
1352 885 1407 925 non
1428 868 1513 927 luisse
1533 872 1622 942 prima
1638 887 1722 931 manu

61 943 205 1016 signatum.
221 942 396 1000 Bounimai.

671 1046 874 1105 ventilamus
901 1049 1108 1111 auctiones,

93 1143 189 1226 Ferme
203 1141 234 1198 in
248 1139 339 1224 naenia
352 1138 518 1221 cansistunt.
533 1141 579 1200 Sic
590 1144 698 1212 Rhome,
715 1147 858 1217 Hostiensi,
877 1152 902 1211 Α
916 1150 1025 1220 quidam
1041 1150 1103 1220 suit.
1120 1152 1150 1207 ln
1166 1156 1314 1226 antuerp,
1330 1161 1390 1227 post
1405 1154 1566 1225 Adsuetum,
1579 1158 1722 1219 omittitur

62 1216 144 1272 uani.
168 1215 200 1272 ln
215 1212 374 1270 Heriuiensi
403 1227 452 1294 pro
467 1211 606 1270 duceretur
622 1224 663 1272 est
678 1217 860 1279 deduceretur.
915 1238 983 1279 eum.
1019 1223 1142 1296 Denique
1177 1223 1268 1281 Belin.
1295 1241 1345 1297 pro
1372 1232 1461 1281 iuncta
1488 1228 1581 1296 Felici,
1621 1230 1721 1288 scribit

62 1287 145 1345 nun.
171 1285 239 1359 regii
255 1284 349 1341 uieiu
369 1254 423 1354 liii
441 1283 475 1352 u,
498 1284 697 1346 iias-nusae.
721 1289 812 1345 oium
838 1291 862 1346 u

917 1293 1012 1349 Felice.

736 1414 1040 1475 OBSERVATIONES.

93 1515 134 1571 Oe
154 1508 315 1569 contusione
340 1509 482 1566 variorum
507 1521 660 1583 martyrum
684 1513 736 1570 sub
763 1514 861 1571 Felicis

63 1583 249 1714 {ppellatione
269 1579 414 1638 dicendum
435 1582 516 1638 nobis
536 1584 589 1639 luit
608 1583 643 1640 ad
658 1600 707 1640 xiv
723 1585 858 1644 ianuarii.

135 1654 233 1710 iontm
256 1652 467 1734 assignavimus,
495 1670 530 1709 ex
557 1655 658 1728 quibus
687 1657 766 1725 plura
794 1657 860 1714 huic

61 1728 140 1784 etiarn
156 1725 213 1782 diei
228 1724 385 1791 servientia,
406 1724 527 1782 inveniet
544 1726 670 1782 curiosus
686 1729 782 1796 lector,
799 1746 859 1800 quae

60 1797 138 1856 niodo
155 1812 208 1853 nec
224 1795 299 1853 lubet
313 1812 341 1852 re
379 1805 446 1864 tere,
462 1813 513 1854 nec
528 1806 606 1853 vacat
620 1800 762 1869 operosius
776 1810 859 1856 retra·

58 1879 137 1928 ctare.
153 1865 252 1925 Modus
265 1866 317 1925 hac
353 1867 377 1923 'e
392 1868 550 1925 intricatior
564 1869 653 1925 videri
668 1880 767 1942 potest,
785 1872 859 1944 quod

57 1938 235 2014 Martyrologi
251 1938 326 1996 inter
345 1955 375 1995 se
395 1939 562 2014 discrepent.
584 1941 653 1997 Nam
677 1942 750 1999 lleda
769 1943 858 2016 etqui

58 2031 126 2082 eum,
140 2012 229 2069 unico
241 2011 289 2068 die
308 2013 490 2084 transposito,
505 2012 642 2085 sequitur,
658 2014 796 2082 Rabanus,
813 2031 859 2072 eos

58 2093 189 2158 martyres
211 2083 341 2140 recolunt
356 2099 425 2155 qnos
440 2083 537 2141 diebus
552 2084 772 2156 precedentibus
787 2086 860 2143 inter

58 2158 184 2215 incuria
208 2155 411 2221 recensuimus,
439 2172 538 2228 nempe
564 2157 676 2212 Felicem
697 2159 857 2229 episcopum,

61 2230 206 2285 Adductum
228 2227 275 2282 vel
299 2226 441 2295 Adustum,
469 2235 493 2282 et
514 2228 677 2283 Ianuarium
692 2229 858 2310 presbyteros

62 2300 161 2382 (aliqui
172 2299 202 2355 in
213 2299 349 2354 omnibus
363 2298 492 2354 nonnihil
504 2299 622 2370 variant)
634 2301 858 2356 Fortunatinnnm

55 2370 244 2454 etSeptaaiiiim
257 2371 303 2426 rel
319 2370 504 2441 septiminum,
520 2374 636 2439 lectores,
658 2387 673 2426 a
693 2371 774 2428 nobis
789 2369 892 2445 pro-B

57 2458 169 2500 aimeex
181 2441 337 2498 Molauoad
354 2458 424 2497 xxiv
439 2441 566 2499 Octobris
578 2442 724 2510 remissos,
760 2460 795 2498 uo
810 2443 855 2500 die

56 2514 148 2571 bidem
165 2512 247 2570 Mae
260 2512 354 2570 uerbis
366 2529 401 2568 ex
414 2513 510 2569 Adone
524 2521 551 2569 et
565 2530 600 2569 ex
615 2512 667 2570 boc
680 2514 715 2570 ab
730 2461 854 2571 Msuardo

56 2586 236 2643 celebrantur.
267 2584 334 2640 lnde
354 2585 555 2641 recentioribus
582 2601 648 2642 ansa
675 2587 790 2657 praebita
814 2597 855 2645 est

55 2657 209 2724 immitendi,
233 2663 330 2712 utrum
358 2671 422 2713 vere
450 2657 527 2713 Feliir
551 2665 644 2712 noster
665 2665 692 2713 et
719 2659 855 2714 Adsuetus

55 2731 142 2787 homas
152 2727 316 2785 vindicandi
332 2727 398 2784 siut.
414 2728 474 2794 Ouo
488 2728 516 2784 id
527 2728 708 2784 fundamento
718 2739 852 2798 astruant,

56 2802 101 2875 ipsi
112 2799 338 2858 vicesimanus
349 2808 441 2855 vetera
452 2801 616 2856 Kelenderis
625 2799 721 2856 Allatii
733 2809 759 2857 et
770 2803 853 2857 Fron·

55 2875 123 2930 tonis
133 2887 207 2944 saepe
220 2875 316 2939 citata,
330 2870 579 2928 Sacramentarium
591 2873 726 2943 Gregorii,
742 2889 853 2945 apogra-

54 2944 104 3018 pha
124 2943 356 3016 Mieronymiana,
381 2943 534 2998 Romanuin
559 2959 685 3016 parvum,
714 2945 852 3013 Rabanus,

53 3017 124 3086 ado,
139 3015 287 3082 Motkerus,
304 3014 529 3082 wandalbertus,
551 3032 626 3088 aeque
643 3031 675 3070 ac
689 3016 787 3071 Noster
805 3016 855 3072 di-

52 3087 207 3145 sertissime
219 3085 299 3144 bodie
313 3087 424 3159 signant
439 3088 549 3142 Felicem
563 3087 698 3142 duntaxat
713 3095 739 3143 et
754 3088 853 3143 Adua-

914 1517 998 1589 passi)
1016 1516 1167 1590 gloriosum
1179 1533 1306 1600 agonem,
1319 1517 1532 1600 haudquaquam
1544 1519 1717 1592 obluctabor;

914 1587 980 1660 quin
998 1589 1088 1660 potius
1105 1588 1274 1645 subscribam
1287 1589 1443 1656 Ruinartio,
1459 1589 1486 1646 id
1502 1606 1558 1646 non
1574 1592 1719 1664 improba-

913 1658 1009 1715 biliter
1032 1659 1157 1715 suadenti
1180 1676 1196 1714 a
1214 1676 1273 1733 pag.
1291 1660 1361 1716 stt:
1379 1660 1445 1717 satis
1460 1662 1539 1718 nobis
1553 1673 1595 1720 est
1609 1665 1716 1739 Marty-

915 1730 1081 1801 rolcgiorum
1108 1738 1265 1786 nostrorum
1293 1731 1374 1788 sidem
1390 1733 1548 1789 asseruisse.
1565 1735 1604 1791 Oe
1619 1745 1719 1795 caetero

914 1802 948 1882 ad
964 1803 1126 1858 laterculum
1143 1802 1216 1875 quod
1230 1803 1340 1871 attinet,
1355 1804 1449 1859 omnia
1463 1820 1499 1860 ex
1513 1806 1632 1877 longiori
1646 1810 1719 1866 Ado·

914 1889 957 1929 nis
982 1872 1139 1930 narratione
1162 1874 1334 1930 contraxisse
1360 1875 1515 1931 Usuardum
1541 1879 1718 1937 manifestum

914 1952 965 2000 est.
981 1944 1099 2000 Multum
1116 1946 1247 2001 innititur
1267 1947 1455 2003 Florentinius
1470 1963 1521 2003 ms.
1539 1949 1639 2020 regina
1654 1951 1719 2008 Sue·

913 2017 973 2084 cim,
993 2016 1040 2072 sed
1060 2017 1199 2089 ignoravit
1217 2016 1298 2073 Beda
1312 2018 1422 2091 propria
1436 2033 1494 2074 asse
1510 2034 1570 2092 quae
1585 2020 1624 2076 ibi
1641 2023 1719 2078 rele-

913 2098 1023 2155 runtur,
1046 2105 1160 2161 queque
1183 2089 1299 2160 proinde
1322 2089 1392 2145 nihil
1409 2089 1437 2144 in
1452 2088 1504 2146 hac
1523 2106 1553 2145 re
1568 2091 1717 2151 immutare

912 2166 1037 2232 possunt.
1054 2158 1236 2216 Communem
1250 2161 1498 2233 Martyrologorum
1515 2178 1627 2220 sensum
1640 2181 1718 2223 secu·

913 2237 1011 2288 tuaest
1026 2230 1250 2301 Wandalbertus,
1265 2232 1332 2288 dum
1348 2232 1386 2287 ita
1399 2233 1529 2304 scripsit:

974 2338 1058 2386 Terna
1070 2352 1128 2387 eum
1144 2337 1229 2387 Felice
1243 2337 1284 2402 pio
1304 2338 1433 2400 praecellet
1449 2337 1589 2391 Adsuetus.

944 2446 975 2501 ln
994 2443 1220 2516 Hieronymianis
1246 2442 1337 2525 primo
1352 2443 1413 2500 loco
1428 2450 1543 2500 notatur
1566 2445 1717 2503 Gaudentio

907 2516 982 2587 uirgo
1004 2533 1062 2570 cum
1084 2515 1196 2586 reliquis
1220 2516 1314 2570 tribus.
1340 2515 1404 2572 Haec
1422 2514 1452 2570 in
1470 2516 1581 2572 {labano
1597 2517 1715 2573 totidem

908 2587 1000 2644 verbis
1014 2588 1153 2659 leguntur,
1165 2586 1265 2659 quibus
1280 2586 1409 2642 alicunde
1425 2587 1495 2642 lucis
1505 2586 1610 2712 aliquid
1621 2588 1714 2645 afferri

908 2660 1004 2714 veliin.
1016 2660 1101 2715 Porro
1118 2658 1267 2714 Gaudentio
1282 2657 1331 2712 illa
1346 2656 1437 2712 Adoni
1453 2665 1479 2713 et
1491 2655 1544 2713 Not
1565 2666 1715 2730 eropraete·

909 2731 961 2787 rita
975 2737 1033 2797 est;
1050 2729 1123 2786 unde
1140 2728 1209 2785 mihi
1228 2728 1342 2785 dubium
1359 2743 1416 2784 non
1431 2735 1482 2796 est,
1496 2729 1562 2802 quin
1575 2728 1715 2786 Usuardus

907 2818 941 2857 ex
957 2801 1184 2874 Hieronyiniauis
1199 2817 1258 2856 eain
1274 2801 1419 2870 acceperit.
1432 2803 1474 2854 An
1488 2801 1715 2881 martyris'titulo

907 2872 1062 2930 decoranda
1083 2873 1130 2939 sit,
1147 2873 1211 2927 vide
1233 2873 1261 2926 in
1285 2870 1471 2927 Florentinio.
1489 2871 1620 2943 Sequitur
1641 2872 1715 2943 apud

907 2946 1060 3009 Rabanum,
1085 2943 1216 3014 depositio
1236 2943 1259 2997 A
1279 2943 1309 2997 ili
1325 2942 1439 3007 abbatis,
1458 2942 1507 2997 reli
1530 2941 1572 2997 uis
1585 2942 1715 3000 omnibus

907 3015 1115 3089 antiquioribus
1136 2960 1333 3086 MartyriMogis
1353 3013 1497 3083 incogniti.
1511 2959 1604 3080 (iluna,
1622 3014 1715 3071 nescio

907 3088 979 3161 quis,
1000 3087 1088 3143 codici
1105 3086 1229 3141 Pratensi
1245 3100 1353 3140 assuere
1369 3085 1468 3152 voluit,
1485 3084 1536 3140 hac
1550 3085 1663 3157 phrasi:
1681 3087 1714 3142 lm

53 3167 132 3228 dam,
157 3159 202 3216 vel
226 3174 272 3233 per
296 3158 470 3214 metathesim
493 3159 653 3225 Auiloictiim,
668 3159 711 3213 aiu
728 3159 852 3227 Ostiensi,
904 3154 1714 3237 pcqoMeldensi,sarictirlqiliconsesscris,exquoinordi·

53 3246 152 3315 ecsque
168 3237 208 3288 lut
222 3239 352 3303 praterea
366 3230 571 3286 characteribus
586 3239 612 3286 et
637 3230 853 3286 circumstantiis
907 3229 999 3285 uarios
1020 3231 1134 3285 comites
1151 3229 1270 3295 transiit,
1293 3243 1325 3282 ea
1344 3242 1426 3282 causa
1446 3225 1553 3298 apuris
1570 3226 1708 3284 exclusos.

54 3302 236 3385 distinguunt,
252 3310 283 3358 ut
296 3302 430 3359 hactenus
442 3318 496 3357 non
512 3302 619 3359 videam
636 3301 702 3374 quid
718 3319 779 3358 cuin
801 3320 853 3358 su·
906 3303 1036 3357 assutum
1053 3300 1087 3356 ab
1097 3299 1190 3372 aliquo
1200 3315 1248 3354 seu
1263 3298 1433 3368 adscriptum
1448 3297 1569 3353 dicimus
1583 3309 1709 3353 sanctum

55 3375 216 3448 pedoribus,
244 3373 384 3430 Africanis
407 3374 546 3442 omnibus,
576 3390 723 3430 commune
753 3374 852 3429 babere
906 3372 1061 3445 Agilumin
1081 3370 1202 3425 Pratensi
1223 3370 1432 3436 codicisnam,
1455 3368 1707 3436 testeCastellano,

55 3456 161 3529 queant
187 3446 298 3512 Fateor,
323 3446 447 3501 Adonem
468 3446 537 3500 duos
563 3445 661 3500 iratres
681 3445 777 3500 Felices
801 3446 852 3501 bac
905 3446 994 3517 prima
1010 3459 1091 3497 manu
1107 3443 1229 3513 signatus
1241 3457 1296 3494 non
1311 3449 1360 3496 est.
1373 3440 1477 3496 Verum
1493 3455 1663 3512 quacunque
1677 3455 1709 3495 ea

55 3535 108 3591 ipsa
130 3517 178 3575 die
201 3517 327 3584 inuuere,
352 3525 380 3572 at
403 3516 467 3571 dum
490 3517 571 3572 unius
594 3517 784 3571 tantummodo
809 3533 852 3571 res
907 3531 1004 3570 inaniis
1018 3514 1113 3578 luerit,
1128 3512 1268 3585 antiquam
1282 3519 1467 3583 esseoportet,
1483 3510 1708 3583 quandoquidem

94 3600 138 3648 tas
158 3589 346 3662 prosequitur,
374 3590 440 3643 satis
465 3588 635 3643 demonstrat
658 3579 743 3642 un'um
771 3587 850 3642 illum
905 3583 1118 3657 Antuerp.·Maj.
1134 3592 1160 3639 et
1176 3583 1334 3655 Rosweyd.,
1358 3600 1429 3664 quos
1445 3582 1554 3638 codices
1570 3581 1709 3639 Pratensis

56 3606 135 3718 ἕως
147 3660 196 3735 qui
213 3661 259 3716 ria
274 3659 393 3716 Ostiensi
410 3676 471 3716 cuin
487 3660 639 3715 accessorio
649 3659 749 3715 comite
761 3658 851 3714 Adau·
904 3658 995 3714 socios
1012 3672 1151 3723 vocamus,
1174 3671 1237 3710 euin
1257 3655 1339 3710 etiam
1356 3653 1455 3709 iisdem
1470 3653 1562 3710 verbis
1577 3654 1707 3710 referant.

56 3741 95 3790 cto
108 3748 242 3789 coronam
269 3732 395 3803 martyrii
420 3732 586 3802 promeritus
600 3732 646 3786 sit.
665 3731 770 3785 Adonis
785 3734 853 3788 Acta
869 3734 890 3795 G
904 3730 967 3785 Alia
982 3727 1073 3799 phrasi
1089 3726 1215 3783 eumdem
1231 3727 1347 3797 protulit
1362 3725 1531 3788 Muneratus
1548 3725 1595 3782 sed
1609 3733 1636 3780 et
1651 3727 1709 3797 ipsa

57 3803 181 3876 rejiciunt
201 3803 301 3876 aliqui,
319 3819 367 3874 ego
386 3803 502 3858 necdum
524 3811 555 3857 ut
577 3803 685 3858 sincera
709 3802 851 3858 venditare
904 3809 931 3855 et
944 3800 1049 3872 praelati
1062 3799 1107 3854 isti
1122 3797 1230 3854 codices
1244 3797 1281 3852 ita
1296 3796 1552 3863 abomnibusaliis,
1565 3813 1614 3868 pro
1629 3803 1709 3851 textu

57 3876 150 3945 ausim,
163 3883 288 3932 attamen
305 3877 372 3930 tales
391 3890 488 3930 censeo
504 3876 601 3930 relatas
616 3873 804 3941 auctoritates,
820 3882 851 3929 ut
905 3871 1032 3943 superius
1046 3869 1149 3933 citatis,
1170 3870 1344 3936 relelluntur,
1367 3877 1399 3925 ut
1422 3869 1576 3923 indubitata
1602 3874 1710 3948 maneat

60 3947 174 4020 minos
187 3956 299 4004 nostros
312 3947 440 4002 Ostienses
450 3945 484 4001 ab
498 3945 561 4000 aliis
575 3945 779 4000 diversissimos
793 3962 852 4002 esse
906 3942 1066 4000 Usuardinae
1083 3941 1209 3998 lectionis
1225 3949 1324 3997 nostra
1341 3940 1549 4012 germanissima
1564 3949 1668 4020 puritas
1682 3945 1709 3993 et

59 4027 183 4091 oporteat.
204 4017 287 4086 Quod
302 4019 400 4085 velint,
423 4017 488 4074 huic
502 4018 585 4072 etiam
602 4016 657 4072 diei
679 4017 783 4072 innecti
807 4017 851 4073 de·
906 4014 1079 4088 simplicitas.
1095 4012 1147 4079 Qui
1162 4012 1196 4067 de
1209 4012 1290 4085 Agilo
1325 4013 1384 4067 lura
1400 4013 1486 4083 legere
1501 4011 1706 4078 voluerit,con·

60 4089 114 4148 lere
134 4090 331 4149 Airicanorum
356 4090 463 4162 (saltem
478 4089 573 4146 Felicis
592 4088 706 4160 episcopi
723 4088 853 4145 Venusiae
907 4085 1170 4144 sulatMabiliouein
1185 4101 1248 4141 seeo.
1265 4100 1284 4138 ιι
1299 4028 1452 4151 Menedict„
1468 4098 1558 4155 apag.
1575 4081 1637 4139 3l5.

783 4216 973 4278 suculam.

89 4320 208 4380 Praesit.
224 4327 252 4378 et
269 4320 417 4377 lloswsun.
433 4317 462 4375 in
477 4317 531 4375 fine
545 4316 698 4391 adjiciunt:
717 4317 769 4374 «ln
785 4333 853 4389 pago

64 4393 195 4462 Meldenei,
210 4392 300 4449 sancti
316 4391 390 4464 Agili
405 4391 581 4448 contessoris.
597 4416 606 4439 ι

91 4481 312 4541 harusam-Mis.
322 4480 395 4537 idem
406 4479 487 4538 babet
495 4490 673 4554 augmentum
684 4489 711 4538 et
721 4488 854 4554 praterea

66 4554 88 4609 in
99 4554 186 4612 Felice
202 4553 378 4610 mutilusest.

92 4639 248 4710 Munatium,
265 4641 354 4698 textui
373 4658 441 4714 puro
456 4640 567 4699 subdit:
591 4666 600 4690 ‹
617 4641 737 4700 llcsbaco
753 4657 854 4697 mona-

67 4712 146 4790 sterio,
169 4724 355 4786 cognomento
379 4715 561 4782 Hierusalem,
587 4714 674 4770 sancti
699 4714 784 4786 Agili,
805 4713 854 4786 qui

68 4784 173 4851 ciusdem
189 4785 402 4842 abbascoenobii
420 4787 514 4842 multis
530 4786 681 4843 virtutibus
696 4785 805 4843 claruit.
822 4786 854 4842 ln

67 4857 193 4912 territorio
208 4857 352 4926 Meldensi,
368 4858 455 4912 sancti
471 4857 572 4915 Fiacrii
588 4858 763 4915 confessoris.
785 4884 793 4906 ι

94 4943 268 5002 Cusanum:
288 4947 400 5004 ‹Romae
416 4947 461 5002 via
471 4944 603 5014 Ostiensi,
620 4947 761 5003 beatorum
776 4965 854 5004 mar-

68 5021 147 5085 tyrum
168 5017 270 5074 Felicis
285 5025 312 5073 et
326 5017 455 5087 Aulaeo,
472 5028 594 5088 tempore
611 5018 784 5087 Diocletiani,
802 5019 855 5077 sub

67 5088 182 5156 arelecta
192 5089 269 5145 urbis
279 5091 377 5147 Draco.
392 5089 459 5146 Item
471 5092 573 5159 Roma,
586 5098 686 5146 sanctae
695 5092 855 5148 Gaudentius

908 4333 963 4372 non
979 4311 1156 4380 invenerunt,
1169 4311 1324 4367 adauctum
1340 4308 1431 4381 ipsum
1446 4323 1480 4379 ap
1503 4306 1664 4387 ‚llaverunt
1676 4324 1709 4366 eo

907 4387 981 4461 quod
995 4394 1089 4443 sancto
1105 4383 1190 4440 Felici
1202 4380 1316 4454 martyri
1331 4387 1438 4446 auctus,
1455 4379 1477 4460 si
1501 4393 1564 4504 ique
1578 4392 1628 4448 pro
1642 4378 1708 4435 lidei

907 4458 1088 4523 consessione,
1102 4454 1226 4526 martyrii
1242 4469 1343 4509 corona
1358 4457 1438 4507 aucta
1453 4457 1499 4505 sit.
1532 4455 1586 4504 tem
1602 4448 1707 4515 Rornae,

908 4539 1007 4587 sancta
1021 4526 1181 4584 Gaudentius
1194 4525 1320 4596 virginis.
1332 4522 1435 4578 Eodem
1445 4519 1489 4577 die
1501 4521 1528 4575 in
1541 4520 1707 4576 monasterio

907 4601 1067 4668 Jerusalem,
1092 4596 1227 4671 depositio
1241 4595 1328 4652 sanmi
1344 4593 1418 4666 Agili
1434 4591 1600 4650 confessoris
1615 4600 1641 4648 et
1655 4591 1709 4648 ab·

908 4674 1024 4731 hatis.»

945 4746 1147 4802 bassacium:
1171 4743 1288 4799 «Romae
1306 4739 1351 4795 via
1373 4737 1504 4808 Ostiensi,
1530 4737 1620 4793 natale
1637 4735 1709 4793 beati

909 4818 1008 4874 Felicis
1023 4817 1101 4890 presb
1124 4816 1209 4872 teriet
1224 4812 1340 4869 Adaucti
1353 4811 1495 4884 cujusdam
1511 4811 1558 4867 alii
1574 4809 1707 4868 Christia-

909 4891 949 4958 ni,
965 4891 1016 4947 sub
1030 4833 1210 4963 llyoMetiano
1231 4894 1258 4942 et
1279 4884 1456 4940 Maximiano.
1483 4883 1533 4939 llic
1552 4883 1630 4938 Felix
1646 4895 1708 4960 cum

909 4962 1008 5019 ductus
1035 4969 1106 5018 asset
1131 4961 1165 5018 ad
1191 4966 1294 5016 statuas
1327 4958 1429 5030 plures,
1458 4955 1563 5012 scilicet
1590 4952 1708 5021 Serapis,

909 5034 1038 5091 Mercurii
1064 5043 1092 5090 et
1105 5035 1218 5105 Dyanae,
1234 5047 1294 5103 quse
1308 5045 1403 5085 omnes
1420 5027 1587 5091 reciderunt,
1604 5031 1631 5079 et
1644 5037 1708 5076 cuin

910 5106 938 5162 in
954 5107 1078 5162 eculeum
1094 5105 1210 5171 levatus,
1227 5110 1254 5159 et
1269 5110 1367 5168 tortus,
1385 5111 1411 5156 et
1428 5106 1521 5171 postea
1535 5095 1570 5150 ail
1584 5093 1709 5149 arborem

68 5158 180 5231 ildini&
197 5159 330 5218 Coess⁰bi⁰
344 5162 510 5231 Βθῦῑᾶὓθῦθῑ,
527 5162 662 5233 (Ῑθρθῦῑῑῑθ
678 5163 765 5219 Sancti
779 5163 854 5236 Agili
871 5177 896 5238 D
914 5179 1072 5249 sacrilegam
1083 5177 1192 5243 ductus,
1204 5191 1284 5249 quain
1296 5173 1424 5230 similiter
1433 5169 1542 5242 dejecit,
1554 5174 1581 5222 et
1590 5163 1710 5236 simula-

67 5227 172 5288 tbbatis.
190 5257 200 5282 s

94 5316 271 5378 Bacuntius.
289 5339 294 5378 :
317 5345 326 5367 ο
343 5323 435 5379 llomae
450 5321 496 5378 via
510 5322 640 5390 Ostiensi,
677 5323 747 5379 assio
763 5322 853 5379 beato·

67 5403 117 5469 rum
143 5402 296 5464 martyrum
322 5394 421 5449 Felicis
441 5394 592 5466 presbyteri
608 5403 634 5449 et
650 5339 779 5463 Kdaucti
803 5396 854 5451 sub

66 5459 231 5520 Diocletiano
249 5473 276 5522 et
296 5465 465 5521 Maximiano
480 5466 693 5537 imperatoribus
708 5468 854 5523 decollato·

64 5545 127 5591 rum.
141 5537 266 5604 Quorum
282 5536 397 5609 primus,
410 5536 473 5592 ilum
491 5546 551 5609 post
566 5538 652 5594 eculei
668 5540 854 5608 vexationem,

64 5603 118 5661 data
131 5608 270 5664 sententia
284 5610 431 5665 duceretur
445 5608 478 5664 ad
496 5617 622 5678 mortem,
648 5612 747 5668 obvius
762 5612 787 5667 ei
803 5612 857 5668 luit

63 5677 134 5746 alter,
145 5688 173 5737 et
183 5680 251 5736 dum
270 5680 316 5736 ille
331 5697 360 5737 se
374 5689 469 5753 sponte
484 5680 672 5738 Christianum
685 5700 742 5741 esse
755 5684 857 5741 latere-

62 5754 112 5832 tur,
128 5767 195 5808 mox
209 5769 273 5809 cum
287 5751 378 5826 primo
393 5752 494 5836 pariter
508 5754 660 5812 decollatus
675 5766 726 5814 est.
743 5757 779 5812 Et
792 5756 858 5841 quia

61 5817 142 5894 huius
154 5823 268 5881 mnndi
285 5832 416 5898 martyris
426 5841 527 5885 numen
539 5826 696 5901 ignorantes
706 5828 858 5890 Christiani

913 5268 989 5308 crum
1001 5266 1063 5306 cum
1077 5251 1179 5321 templo
1189 5258 1216 5304 et
1225 5263 1271 5303 ara
1281 5245 1395 5312 corruit,
1407 5250 1434 5299 et
1446 5241 1600 5322 tuncillum
1613 5252 1711 5320 preses

910 5322 1051 5389 decollari,
1072 5331 1098 5377 ct
1122 5338 1221 5393 corpus
1240 5317 1299 5390 ejus
1318 5318 1389 5389 lupis
1414 5321 1440 5370 et
1461 5312 1576 5369 canibus
1588 5309 1709 5392 dimitti.

909 5395 985 5450 Tunc
996 5393 1107 5465 quidam
1124 5392 1297 5450 Christianus
1309 5405 1336 5444 in
1349 5387 1469 5443 medium
1481 5383 1618 5458 prosiluit,
1629 5380 1710 5441 Chri·

909 5476 981 5524 stum
997 5466 1140 5530 confitens,
1156 5474 1182 5520 et
1197 5462 1352 5520 osculantes
1367 5476 1394 5515 se
1411 5457 1531 5514 invicem
1544 5455 1650 5539 pariter
1665 5453 1710 5510 de·

910 5539 1001 5597 collati
1024 5548 1099 5596 sunt.
1125 5536 1212 5608 liujus
1235 5548 1336 5590 nomen
1364 5529 1514 5590 Christiani
1543 5535 1710 5609 ignorantes,

911 5613 1064 5668 adauctum
1088 5627 1150 5667 euin
1175 5614 1353 5675 vocaverunt,
1376 5622 1408 5661 eo
1427 5602 1501 5734 qluod
1516 5610 1610 5658 sancto
1625 5600 1711 5657 Felici

911 5685 1043 5742 arlauctus
1057 5684 1092 5740 sit
1106 5682 1141 5739 ad
1156 5696 1296 5738 coronam.
1317 5705 1326 5727 ›
1351 5678 1421 5737 Vide
1455 5693 1496 5761 sec
1509 5676 1540 5760 in
1555 5674 1649 5758 adame
1664 5688 1711 5744 pu·

912 5759 979 5815 rius.
998 5758 1048 5814 «In
1063 5756 1176 5816 civitate
1187 5752 1358 5823 Frccassina,
1374 5761 1464 5811 sancti
1478 5751 1620 5809 Saviniani
1636 5759 1713 5824 niar-

911 5831 982 5904 tyris
996 5839 1024 5888 et
1036 5837 1136 5890 sancta
1149 5829 1258 5888 Sanina
1277 5826 1382 5887 sororis
1392 5825 1492 5904 sium»
1514 5830 1575 5881 stc.
1586 5818 1722 5887 Sequitur
