3834 6136
512 228 831 298 bremontellis.
850 268 886 284 -
903 238 1009 299 HENS.
1027 238 1115 298 NOV.

94 464 144 511 unt
159 448 327 524 simpliciter
340 459 367 509 et
380 468 448 526 pure
459 453 583 513 relernut
597 457 719 528 Proteo,
738 361 894 530 Tloqfficfn,
909 459 1128 533 istosin-Mun
1143 468 1171 517 et
1184 461 1287 517 lioluu.

589 582 791 644 venientes
810 586 1016 646 LECTIONES.

94 675 247 759 terpablsj..
273 678 356 760 male·
370 677 448 752 legit,
469 681 516 751 qni
530 698 563 736 ec
576 699 629 738 vno
641 683 727 740 emtis
740 702 795 742 reoe
807 691 832 750 Α
847 686 997 759 marginem
1007 685 1138 758 adjicitur
1149 704 1155 743 :
1166 685 1266 742 Eodem
1277 686 1329 754 die,
1338 685 1438 741 netolic
1448 683 1643 742 comburenti

94 764 173 825 prou
203 754 290 831 'viulo'
300 749 413 832 decumo,
422 758 487 818 eto,
497 758 524 808 et
539 761 668 825 preterea
682 772 792 813 sensnm
846 758 961 841 episcopi
972 757 1173 827 etconfessoria.
1201 756 1347 829 Rosiveyd.
1367 756 1456 821 legit:
1476 755 1577 812 Eodem
1589 756 1642 825 die,

94 836 115 879 n
129 766 224 903 reddit
238 819 362 903 scribens
375 824 696 907 maraculorvminsiqnic,
710 828 792 884 omis
846 836 931 885 cuncte
956 829 1112 895 ilocblooii,
1134 837 1188 885 etc.
1218 829 1373 910 Antuerp.,·
1392 826 1588 908 blandum.
1615 834 1643 883 et

94 889 793 1034 illiti-“llllllllltibllllllttllt·
846 897 1640 1042 ltbllblttll’littt.t”⁶.l.lt⁶¹lti.ttt²

112 1005 348 1106 dumeti-Maio
377 1011 672 1119 mosteriolism'upiiv.
686 1013 790 1099 blolan:
846 1041 961 1101 Codices
975 1042 1072 1099 mediis
1088 1014 1174 1098 notae':
1190 1042 1291 1098 Eodem
1309 1041 1360 1107 die,
1377 1040 1445 1096 beuti
1460 1011 1572 1110 negans
1587 1010 1641 1096 eto:

94 1120 200 1178 temper
207 1103 354 1185 emendare
373 1106 442 1162 solet
455 1107 634 1165 Puivnensrm
649 1127 699 1183 pro
712 1112 791 1168 Pori·
845 1112 889 1168 Ab
903 1111 1032 1169 omnibus
1044 1112 1266 1169 diversimodeet
1281 1111 1398 1184 longiori
1405 1111 1497 1182 phrasi
1512 1126 1528 1165 a
1543 1110 1641 1166 Mune·

94 1192 129 1233 in
142 1193 151 1247 ;
164 1174 334 1257 sedtnrpius
348 1189 404 1231 rem
421 1176 541 1235 involvit
564 1180 714 1238 Tornacen.
767 1198 790 1262 r,
845 1190 915 1251 rato,
930 1190 1056 1255 correpto
1069 1183 1213 1239 nomines
1225 1181 1333 1239 Belino.
1349 1181 1453 1238 Censeo
1469 1196 1519 1262 ego
1535 1180 1641 1262 Usuer-

94 1264 169 1323 ipram
183 1247 505 1307 ramosissimum.
522 1251 553 1306 ln
567 1252 714 1326 Antuerp:
724 1198 789 1324 ἢ.
844 1253 942 1311 diuum
955 1269 1012 1310 nou
1025 1269 1093 1319 csse,
1108 1269 1143 1309 ex
1152 1252 1318 1321 Heriuiensi,
1332 1252 1492 1308 Pulsuneusi
1503 1250 1640 1307 etcodioi·

94 1325 249 1392 umia-
845 1323 896 1380 bus
908 1340 959 1398 pro
981 1332 1061 1381 textu
1088 1324 1192 1392 citatis,
1208 1340 1271 1380 cuin
1289 1323 1319 1378 in
1334 1323 1459 1379 Pratensi
1468 1320 1640 1393 adjectitium

94 1388 164 1449 ritiir
174 1406 208 1445 an
220 1388 255 1446 ad
265 1388 420 1447 Usuardnm
434 1393 570 1465 pertineat
584 1395 717 1463 Moestus,
732 1396 791 1451 llo·
845 1396 1011 1454 existimem.
1028 1396 1107 1453 ridde
1120 1394 1259 1452 variantes
1271 1392 1393 1467 phrases,
1405 1409 1465 1466 qua
1475 1393 1639 1449 satisosten·

121 1462 258 1541 laevive,
282 1461 428 1531 Morbiites,
452 1464 610 1533 Mactooiua,
625 1465 791 1522 lloobionivs
844 1466 915 1523 dunt
928 1465 1086 1524 haecomnia
1098 1483 1133 1523 ex
1144 1467 1241 1523 eodein
1256 1465 1394 1522 lontenon
1428 1463 1565 1520 recedere.
1576 1461 1641 1520 Cus-

94 1532 135 1591 ini
151 1531 180 1588 iii
194 1530 339 1588 codicibus
352 1533 466 1589 effertur
488 1552 495 1600 ;
511 1536 654 1605 quaeritur,
666 1536 790 1609 inquam,
844 1545 902 1594 ters
917 1536 1102 1595 inducturiis.
1118 1536 1238 1595 Consule
1249 1545 1342 1594 notam
1350 1480 1479 1594 blotflerii
1488 1533 1523 1593 ad
1531 1533 1640 1606 Marty-

94 1600 255 1663 ibiirnardo
268 1602 375 1674 positus
389 1603 452 1660 siti
479 1619 498 1660 ii
512 1605 607 1662 codice
617 1605 742 1664 Protensi
756 1605 790 1665 sd
845 1608 981 1681 rologium
994 1608 1159 1677 Romanum,
1175 1608 1293 1666 bocdio.

654 1714 959 1775 onsitittlnvlorltts

94 1814 188 1867 mum
208 1808 367 1866 subrelicti
380 1809 494 1867 nomine
514 1812 559 1869 elo
576 1812 603 1868 ia
625 1814 791 1870 memorias-
878 1814 941 1872 lton
955 1813 1111 1872 minoribus
1119 1814 1197 1872 tricis
1206 1814 1362 1872 involvitur
1370 1813 1544 1871 annuntiatio
1554 1814 1641 1870 altera

103 1878 176 1937 nais
196 1880 311 1952 rologiis
330 1882 459 1939 confusas
473 1882 529 1940 eti
572 1885 789 1956 eperturbatas,
843 1883 878 1942 de
889 1885 1008 1957 Eumeis
1029 1893 1150 1958 martyre
1164 1886 1223 1957 agri
1247 1885 1418 1953 Parisiensis,
1438 1885 1534 1941 saltem
1546 1899 1595 1956 pro
1608 1890 1639 1940 ut

94 1948 147 2009 liin
163 1896 324 2008 observavit
356 1952 521 2034 robavitque
531 1955 622 2036 operis
643 1956 730 2012 nostri
745 1972 790 2028 pa·
843 1956 966 2013 bootem
987 1964 1105 2028 orepost
1125 1956 1230 2014 Manioi
1252 1973 1327 2037 oum,
1347 1956 1488 2037 linianum
1503 1964 1640 2011 ctrecen-

94 2020 225 2104 illandus,
236 1968 550 2107 agenscseoelebemmo
562 2026 612 2082 illo
625 2026 732 2083 Nolano
741 2044 790 2084 seu
844 2028 929 2084 tiores
977 2029 1151 2101 attyrologos
1174 1973 1292 2100 inteiligi
1318 2027 1398 2084 solet.
1414 2026 1544 2108 liiximus
1558 2041 1641 2108 supra

94 2108 154 2151 iano
164 2108 215 2150 xiv
229 2093 363 2164 Ianuarii,
380 2112 470 2178 apag.
482 2096 544 2153 937.
561 2095 635 2153 idem
652 2099 733 2155 nobis
745 2116 789 2154 sn·
844 2098 984 2157 blolanum
1012 2098 1047 2155 ad
1070 2116 1123 2155 rin
1136 2098 1300 2155 Novembris
1321 2099 1470 2154 exclusisse
1483 2096 1640 2180 Eugenium

94 2179 144 2247 ion
155 2165 239 2222 semel
257 2166 399 2223 latendum
414 2168 477 2236 luit,
492 2167 539 2225 sed
554 2169 690 2242 praecipue
702 2170 736 2227 ad
751 2169 788 2226 ci·
845 2170 1006 2226 Toletanum
1019 2170 1178 2244 episcopum
1193 2170 1227 2226 ib
1237 2170 1353 2227 Usuardi
1364 2176 1453 2238 textu,
1466 2167 1597 2241 suspicati
1611 2165 1640 2223 id

94 2234 164 2293 diem
181 2252 231 2293 xiv
241 2237 453 2306 ianuarii‚usiv
464 2238 593 2296 Octobris
607 2248 634 2296 et
643 2240 720 2297 alibi.
737 2241 789 2298 llio
803 2261 826 2321 B
844 2256 876 2296 ea
890 2256 971 2298 causa
985 2239 1088 2298 iactum
1107 2240 1181 2314 quod
1193 2239 1359 2297 hodiernum
1372 2247 1531 2311 martyrem,
1555 2238 1641 2294 'l'ole-

94 2306 196 2365 ireiix
217 2308 275 2377 ille,
295 2325 377 2382 quem
397 2309 517 2383 primum
534 2311 670 2367 Nolanum
684 2311 788 2384 episco·
841 2319 938 2367 tanum
961 2313 1119 2384 episcopum
1144 2311 1228 2368 luisse
1248 2311 1460 2367 existimaverit.
1476 2309 1514 2366 in
1527 2324 1594 2366 vero
1608 2324 1640 2365 ea

105 2385 259 2450 martyrem
276 2381 377 2451 passim
398 2389 524 2437 statuunt
538 2383 695 2454 scriptores,
711 2398 788 2440 noii-
840 2381 898 2454 jam
914 2383 1075 2455 pervulgata
1096 2381 1192 2463 opinio
1219 2390 1270 2450 est,
1292 2398 1375 2455 qnam
1391 2397 1407 2436 e
1425 2397 1442 2436 o
1457 2379 1568 2452 quidem
1582 2395 1640 2436 uon

94 2448 155 2507 teta
168 2459 343 2507 recensentes
366 2466 427 2524 que
449 2452 609 2509 referuntur
622 2452 656 2508 ab
671 2452 787 2524 Ugbello
842 2453 931 2525 capio,
943 2454 1183 2525 qunsatirratione
1201 2451 1368 2508 verosimilis
1427 2449 1456 2506 di
1470 2449 1567 2523 possit,
1582 2464 1639 2505 nori

94 2518 131 2589 ll,
145 2519 199 2577 col.
216 2520 278 2579 tto.
294 2521 364 2593 Ipsis
376 2522 531 2578 conformia
550 2530 615 2580 sunt
629 2539 690 2596 qvia
704 2524 788 2579 sentit
842 2523 928 2595 magis
941 2538 1023 2596 quam
1037 2522 1256 2580 additamentum
1268 2521 1356 2590 alind,
1370 2521 1502 2577 nimirum
1516 2520 1587 2576 Dion
1604 2520 1639 2576 cii

94 2588 287 2660 ieBollaudns,
303 2608 354 2649 nec
364 2593 446 2650 video
456 2593 645 2666 Felicisbujns
659 2594 788 2650 coeteris
841 2594 1010 2666 Areopupitos
1022 2593 1181 2665 discipulam
1192 2593 1288 2662 inisse,
1302 2598 1350 2649 ant
1363 2608 1380 2648 a
1393 2591 1529 2663 Dionysio
1594 2606 1637 2647 em

94 2658 210 2731 tionem,
234 2663 338 2736 absque
354 2665 517 2721 temeritatis
540 2672 617 2734 nota,
632 2665 724 2737 negari
740 2671 788 2721 ant
841 2665 1007 2720 ordinalem.
1022 2664 1109 2721 Probe
1123 2663 1190 2721 novi
1202 2664 1297 2745 plnres
1311 2663 1341 2719 in
1367 2662 1438 2719 bano
1452 2677 1510 2717 rem
1525 2676 1638 2733 operose

185 2775 194 2801 ,
220 2742 317 2791 contra
339 2736 574 2806 expressissimam
603 2737 786 2793 vetustiorum
841 2735 998 2803 desudasse,
1012 2751 1141 2816 quorum,
1155 2742 1257 2806 scripta
1270 2733 1340 2807 apud
1354 2739 1504 2798 noscunt,
1520 2738 1549 2786 rt
1561 2730 1636 2786 enim

94 2803 249 2877 bogiorum
264 2805 469 2863 auctoritatem.
485 2810 536 2865 Ast
549 2823 608 2863 eam
624 2815 787 2881 prevertere
841 2806 915 2880 qnod
929 2805 1000 2865 mibi
1014 2804 1317 2872 inlnndatumvidetur,
1327 2800 1558 2860 tuerinonandeo
1570 2820 1576 2857 ε
1588 2817 1639 2883 nec

94 2872 254 2933 idammodo
262 2891 394 2933 enervare
409 2877 529 2934 voluisse
547 2879 659 2936 videtur
677 2879 787 2937 Castel-
841 2877 958 2950 proinde
972 2892 1092 2934 asserere
1105 2876 1260 2946 Eugenium
1279 2882 1416 2944 nostrum,
1430 2874 1458 2930 in
1482 2889 1547 2945 agro
1559 2871 1637 2929 Pari·

94 2942 164 3001 duiu
179 2945 210 3000 iii
223 2948 318 3004 notula
331 2948 366 3004 ud
384 2949 611 3022 Martyrologium
631 2949 787 3008 universale
840 2949 925 3006 siensi
953 2956 1024 3005 mart
1045 2965 1113 3015 rem,
1132 2946 1294 3004 Toletanum
1323 2945 1481 3020 episcopum
1510 2943 1637 3011 luisses

94 3022 148 3085 net,
162 3022 366 3075 aunonensem
374 3021 785 3093 Martyrolopiillomunipoiui,
840 3019 921 3076 Petro
940 3020 985 3076 rel
1036 3020 1154 3077 lemente
1176 3035 1239 3075 cnm
1267 3019 1432 3090 Areopagitas
1456 3023 1532 3073 trans
1554 3014 1637 3094 Alpes

106 3100 219 3157 usqam
232 3088 327 3145 Felicis
354 3091 471 3160 alicuius
489 3093 590 3148 Nolani
603 3090 703 3169 suctum
716 3109 787 3147 mni·
840 3091 968 3148 missum.
983 3090 1012 3147 Si
1028 3091 1131 3147 iontem
1143 3088 1274 3145 exhibere
1292 3095 1412 3155 vacaret,
1432 3085 1506 3143 band
1520 3083 1637 3166 dubium

94 3202 97 3217 .
208 3174 286 3229 qvuvvv
297 3161 379 3216 solius
392 3163 500 3219 celebris
509 3162 667 3234 confessoris
679 3180 729 3220 xiv
740 3164 786 3219 Ju-
841 3163 908 3235 qnin
922 3162 968 3218 vel
984 3161 1034 3217 llis
1053 3160 1098 3217 ani
1109 3161 1162 3241 ipsi
1176 3160 1251 3216 ultro
1264 3158 1478 3220 subscriberent,
1491 3162 1636 3235 potiusque

116 3225 136 3283 d
151 3226 189 3284 ita
200 3243 320 3286 essenm
330 3231 461 3299 inficior;
475 3250 571 3290 verum
586 3234 786 3290 nisiauctorem
840 3232 1005 3288 senteutiam
1049 3231 1107 3287 iraei
1122 3246 1152 3286 iu
1175 3230 1264 3286 Fastis
1277 3228 1405 3301 Belgicis,
1419 3225 1454 3282 ad
1467 3224 1543 3283 buno
1561 3222 1635 3305 diem

94 3298 244 3369 emniasse,
259 3309 316 3371 ant,
328 3305 400 3375 quod
418 3305 494 3361 nefas
500 3312 551 3374 est,
565 3306 629 3363 data
642 3321 725 3378 opera
734 3305 785 3360 im·
840 3302 1012 3376 adoptarent.
1025 3302 1116 3359 Nolim
1128 3308 1219 3356 lamen
1235 3299 1281 3355 bic
1290 3298 1393 3354 arbiter
1405 3313 1473 3364 esse,
1489 3296 1579 3377 sqlum
1595 3309 1635 3349 in·

94 3366 269 3443 eflngamus.
283 3374 455 3431 admittenda
470 3385 535 3433 sunt
549 3383 728 3433 monumenta
741 3391 787 3431 an·
840 3373 903 3430 dico
917 3372 1077 3429 Flobarium
1093 3370 1165 3442 apud
1175 3369 1286 3426 Surium
1297 3369 1446 3425 suculoxii
1458 3365 1635 3431 scribentem,

94 3454 151 3497 rex
165 3441 267 3523 quibus
282 3443 340 3517 ipse
357 3454 414 3501 tani
428 3447 530 3503 diserte
544 3446 724 3518 pronuntiare
735 3461 785 3528 po·
840 3452 888 3500 aut
900 3443 1006 3500 similes
1017 3442 1096 3509 alios,
1121 3439 1235 3496 idoneos
1248 3447 1331 3519 testes
1354 3454 1411 3493 non
1425 3453 1494 3503 esse,
1518 3449 1635 3516 quornm

99 3510 198 3569 Felicia
204 3514 328 3588 episcopi,
339 3518 409 3587 qnia
418 3519 608 3588 quintodecimo
622 3533 693 3571 uano
703 3533 786 3571 miro·
841 3513 981 3584 suffragiis
994 3527 1038 3568 res
1052 3518 1108 3566 tani
1118 3509 1232 3582 antiqua
1245 3514 1273 3564 et
1287 3516 1392 3565 incerta
1404 3513 1466 3564 tuto
1475 3505 1633 3563 deliniatur.

94 3582 205 3655 eglesie
219 3586 334 3656 insignis
347 3589 413 3654 (vit,
422 3595 447 3643 et
461 3589 509 3643 svb
519 3587 657 3645 Martiano
667 3603 725 3642 cvm
739 3585 785 3640 oi-
804 3614 827 3676 0
841 3586 935 3652 Recte,
945 3596 1007 3640 meo
1021 3579 1140 3653 judicio,
1156 3589 1183 3637 et
1197 3595 1263 3636 vere
1284 3580 1441 3661 signaverat
1455 3573 1603 3642 Usuardiis,
1616 3591 1636 3655 ¹u

94 3652 128 3709 vis
188 3663 262 3711 murt
300 3658 504 3731 'unicompleoit
520 3657 788 3714 inNoieuciecclecie
840 3671 895 3736 qno
910 3654 941 3711 in
954 3668 1045 3711 sacros
1059 3653 1154 3708 Fastos
1175 3651 1235 3708 sive
1254 3665 1290 3707 cx
1304 3656 1420 3729 metrico
1433 3645 1635 3731 Wandalberti,

94 3738 112 3781 ι.
120 3668 359 3808 83ῤάοῶιάιο
366 3731 645 3802 sepultnraecuratore
658 3727 788 3800 adjunxit
840 3742 900 3783 sive
913 3724 1026 3782 aliunde
1039 3723 1203 3804 relatusest,
1217 3720 1284 3779 dum
1296 3736 1360 3777 eum
1371 3720 1535 3800 simpliciter
1548 3716 1635 3784 dixit,

94 3808 190 3851 nmatn
205 3811 281 3870 parvi
290 3815 347 3854 non
357 3808 408 3868 est,
424 3817 512 3875 neque
522 3800 549 3856 id
557 3799 788 3857 adeodesoribere
840 3804 1031 3878 consummato
1046 3802 1116 3850 mart
1137 3809 1275 3876 ritcutsu3
1290 3792 1376 3872 beatas
1391 3804 1536 3870 passionis,
1550 3803 1636 3870 coro-

94 3862 243 3924 umidus.
260 3867 395 3926 Ceterum
424 3871 471 3928 bic
490 3872 609 3928 Felicem
628 3872 787 3943 episcopum
841 3884 903 3925 nam
919 3881 1097 3941 percepisses
1110 3810 1318 3946 gommonibil
1333 3879 1445 3990 §rorent
1458 3858 1635 3943 dendignitate

94 3948 195 3993 usum
218 3938 333 4011 triginta
347 3941 429 3997 sociis
440 3942 574 4013 martyrio
588 3951 750 3998 coronatum
760 3948 788 3997 et
841 3938 1074 4012 episcopalique
1088 3936 1205 3994 Usuardi
1220 3950 1319 3992 aevom
1356 3935 1503 4005 ‚Dionysii
1517 3929 1635 4012 necdum

94 4007 228 4079 rpnltum,
241 4026 320 4083 quem
331 4011 411 4067 nobis
426 4027 481 4067 non
497 4012 576 4067 lacile
591 4012 710 4083 eripient
724 4028 788 4067 ncu-
840 4017 988 4079 notuerat,
1005 4024 1171 4065 memorans.
1181 4007 1263 4063 Plura
1271 4005 1334 4062 vide
1344 4004 1416 4077 apud
1426 4005 1468 4061 lin
1483 4002 1548 4058 lton
1563 4001 1634 4082 llist.

94 4090 139 4133 nm
161 4078 256 4150 dubia,
281 4083 430 4153 presertim
461 4083 631 4138 Tillcmonlii
645 4095 722 4138 tomo
736 4082 784 4150 IV,
840 4083 936 4139 eccles.
957 4081 1054 4147 Paris,
1068 4087 1144 4134 tomo
1158 4079 1210 4144 l,a
1233 4093 1292 4149 pag.
1315 4075 1360 4143 33,
1381 4075 1635 4157 etUTillemontium

94 4146 161 4228 idat
173 4149 236 4206 656.
252 4154 319 4208 ilcta
333 4153 392 4209 e'ns
407 4153 479 4226 apud
502 4153 649 4225 Ugbellum
665 4161 692 4209 et
705 4153 784 4221 alios,
840 4159 916 4209 tomo
931 4151 979 4219 lV,
996 4166 1057 4231 pag.
1073 4148 1125 4228 libi
1139 4155 1167 4203 et
1177 4149 1239 4228 tlt,
1252 4164 1312 4220 qum
1328 4145 1438 4224 anobis
1451 4160 1502 4201 suo
1517 4145 1635 4226 locovop-

94 4222 119 4300 bi
132 4234 184 4276 nec
192 4170 375 4281 examinanda
387 4240 437 4281 nec
448 4223 644 4298 propugnanda
652 4231 728 4307 sunt,
738 4225 785 4281 sed
840 4222 987 4295 portuuins
1014 4220 1208 4284 discutientur,
1230 4223 1333 4272 intacta
1346 4223 1458 4270 interim
1482 4214 1595 4270 baronii
1609 4221 1636 4268 ct

94 4304 108 4345 i
122 4292 203 4363 parvi
227 4309 377 4368 eorumque
400 4298 446 4369 qni
471 4295 697 4368 blarty‘rologinm
715 4293 787 4352 illud
840 4294 958 4350 alioruin
972 4291 1148 4356 auctoritate,
1158 4286 1271 4415 lquibus
1284 4285 1430 4342 recentiori
1445 4283 1570 4354 opinioni
1581 4282 1636 4338 ad·

94 4369 167 4431 runt,
181 4362 263 4420 tidem
282 4367 316 4422 ob
330 4383 417 4423 meras
432 4367 604 4439 conjecturas
613 4365 715 4423 elevari
730 4382 786 4422 non
841 4365 945 4421 baerere
952 4362 1043 4418 visum
1052 4359 1146 4417 luerit.
1182 4357 1282 4413 suardo
1290 4356 1437 4436 praelucere
1447 4353 1538 4426 potnit
1550 4352 1634 4409 Wan-

104 4447 276 4508 qnaecnnqne
286 4437 398 4493 demum
414 4439 498 4494 inerit
511 4437 587 4493 illius
597 4436 696 4493 Felicis
709 4445 785 4504 etas,
841 4435 991 4502 dalbertus,
1006 4433 1049 4488 vel
1060 4431 1153 4504 potius
1162 4440 1344 4506 excommun!
1355 4424 1431 4480 lonte
1440 4433 1555 4505 uterque
1570 4421 1635 4477 hau·

94 4516 157 4579 ique
172 4506 245 4562 inter
257 4507 377 4565 Nolanos
391 4517 438 4564 aut
453 4509 566 4564 alterins
581 4507 634 4564 loci
645 4506 786 4581 episcopos
842 4507 898 4574 sit;
915 4512 988 4562 certe
1003 4502 1076 4559 idem
1090 4516 1153 4558 cum
1162 4499 1260 4555 Nostro
1276 4503 1377 4554 sentire
1392 4494 1537 4552 manifeste
1545 4499 1634 4550 osten·

94 4574 282 4649 tassignetur,
298 4579 331 4635 de
347 4581 448 4662 quibus
461 4578 529 4638 alibi
541 4577 680 4653 copiosius
693 4585 721 4636 et
736 4594 787 4638 ao-
840 4576 882 4636 dit
896 4590 1012 4650 sequeus
1025 4573 1178 4631 versiculus
1193 4587 1200 4627 :

94 4645 316 4722 edisputandnm
328 4658 391 4708 erit.
933 4651 1183 4720 Septenaringenins
1193 4657 1290 4713 martyr
1301 4646 1418 4713 denaque
1427 4646 1544 4701 nitescit.

710 4764 903 4825 lucrinis.

94 4874 143 4917 ιιι.
159 4861 199 4917 lie
218 4863 363 4936 marginali
385 4865 573 4922 additamento
597 4867 663 4925 satis
680 4866 786 4924 dictum
801 4879 826 4939 ῃ
842 4863 947 4920 Ηοιιιιιι
954 4860 1081 4920 codicum
1091 4857 1243 4916 securium
1253 4854 1283 4912 in
1293 4850 1634 4937 Variantibnsretnlinius.

94 4930 227 4990 ledicatio
244 4937 365 4992 ecclesius
386 4936 416 4993 in
443 4937 547 4994 bonore
574 4940 660 4995 sancti
675 4939 788 4995 loannis
842 4935 913 4992 Vide
933 4934 1017 4993 etiam
1045 4931 1168 4990 notulam
1186 4927 1335 4987 Castellani
1349 4927 1384 4983 sd
1407 4922 1635 4996 Martyrologinm

94 5017 153 5072 πμ
174 5012 240 5075 etr„
257 5006 312 5064 liuc
327 5008 435 5080 proprie
451 5018 632 5066 nonsectat.
842 5006 1008 5064 universale.
1408 5066 1413 5077 ,
1486 5062 1493 5075 ,
1614 5058 1620 5070 ,

94 5089 176 5154 miss.
198 5079 287 5133 textui
303 5095 371 5150 puro
386 5079 514 5136 additu
569 5080 630 5136 dem
646 5078 701 5148 die,
715 5079 790 5137 beati
878 5077 1236 5158 Munnnir.,posttextnm:
1255 5058 1637 5152 gApudBritanmamAleois
1714 5139 1718 5146 Ι

94 5161 103 5199 ι
119 5147 298 5218 confessoris,
312 5166 393 5222 quem
418 5155 514 5206 beatus
529 5150 668 5223 Remigius
681 5151 789 5222 baptis-
843 5149 951 5218 nrbeni,
966 5148 1065 5204 natalis
1079 5145 1153 5202 beati
1166 5141 1267 5222 blaonlli
1282 5153 1403 5222 episcopi
1417 5143 1444 5192 et
1458 5132 1633 5214 coniectore»

94 5216 158 5274 ivit,
173 5242 184 5266 ι
207 5219 285 5276 Patet
300 5221 441 5294 proprium
457 5223 512 5278 1001
526 5237 593 5278 esse.
843 5219 891 5293 qui
905 5235 921 5274 a
934 5218 1067 5290 primaevo
1077 5215 1166 5273 atatis
1180 5214 1310 5270 tirocinio
1325 5200 1573 5287 innumerabilibus
1586 5217 1636 5256 mi·

94 5302 187 5358 vnn„
203 5290 232 5346 in
248 5291 338 5373 prima
354 5308 449 5365 purus,
469 5292 616 5350 secundam
631 5291 671 5349 sio
686 5291 764 5349 effert
780 5309 786 5348 :
843 5289 945 5371 iaculis
964 5286 1108 5415 fflessdi‘ss
1132 5283 1257 5366 emicuit,
1283 5296 1339 5335 uno
1365 5276 1471 5334 scilicet
1486 5272 1636 5345 eodemque

124 5375 142 5417 o
170 5361 361 5432 Parisiacensi,
385 5364 474 5419 sancti
506 5365 623 5446 Eugenii
647 5363 787 5436 martyris.
842 5371 962 5417 vitreum
990 5356 1106 5430 elapide
1119 5357 1232 5413 calicem
1247 5348 1512 5432 valdechoruto1¹¹⁰2
1528 5343 1638 5424 Ρξθῢῐᾷ·

112 5446 161 5513 ·e,
176 5434 264 5490 saneti
274 5434 425 5491 blacblonii
440 5435 559 5508 episcopi
572 5445 599 5491 et
612 5434 787 5491 confessoris.
843 5448 915 5500 rum,
931 5429 1028 5512 vinum
1043 5426 1077 5484 de
1091 5441 1171 5499 aqna,
1183 5424 1378 5494 hominemque
1387 5417 1421 5474 de
1432 5413 1636 5472 mortemirabi·

94 5499 156 5572 bie,
172 5503 313 5561 Valeriani
334 5507 474 5578 martyris,
486 5521 548 5564 cnm
564 5506 627 5562 aliis
641 5522 711 5561 xv.»
814 5510 819 5517 ·
842 5503 907 5559 liter
921 5508 1124 5572 reintegrans.»

94 5588 179 5632 univ.
195 5574 320 5648 incipit:
346 5577 448 5648 «Apud
471 5578 615 5636 Coloniam
632 5576 789 5649 Campaniae
878 5556 1635 5644 Anrnaar.·bisx.‚Utmllsstnldwttqssovsniru„

115 5666 128 5695 ι
144 5651 211 5715 eto,
236 5646 324 5715 beue;
341 5649 490 5706 secundam
506 5666 512 5704 :
534 5649 620 5721 ‹lpso
634 5649 689 5716 die,
700 5647 789 5706 sancti
843 5646 966 5703 Amana.
982 5649 1010 5699 et
1023 5643 1122 5722 Diris:
1140 5656 1147 5697 :
1170 5632 1364 5718 «blodemite.
1379 5631 1451 5713 Mil
1465 5628 1568 5701 ”⁸8⁰⁰
1582 5642 1638 5698 ⁰9¹·

94 5713 143 5773 i.»
162 5716 270 5774 Desunt
289 5718 405 5793 reliqua.
843 5733 889 5774 sco
909 5716 959 5772 iet
971 5713 1174 5771 confessoris.»
1194 5707 1299 5787 Aliqui,
1318 5703 1448 5786 Metili&
1520 5771 1526 5782 ,

94 5802 174 5856 ran,
194 5787 404 5860 iim-liures,
419 5792 592 5850 Uomiiiiiv.
616 5797 644 5847 et
658 5789 786 5848 Gauvsrv.
955 5801 1057 5845 uun:
1080 5781 1193 5842 ‹Natale
1201 5777 1397 5838 sauctiFelien
1405 5787 1528 5847 episcopi
1542 5775 1638 5826 otmar
