3840 6136
68 102 118 171 013
591 105 913 170 MARTYRODDGIUM.
933 140 969 154 -
987 105 1092 170 MENS.
1113 110 1192 171 OCT.
1671 116 1723 179 tlt

67 235 133 309 ejus,
147 232 198 290 sed
212 231 316 289 relatus
330 239 372 287 est
382 228 526 288 Coloniam
540 234 625 290 tertio
640 234 710 291 Non.
727 235 866 305 Octobris,
881 239 905 297 A
923 236 1044 292 Tandem
1058 236 1115 292 vita
1131 244 1158 292 et
1172 236 1314 293 miraculis
1336 237 1422 309 (iuter
1436 252 1498 311 quai
1513 249 1653 299 mortuum
1670 261 1723 300 su-

66 313 92 364 et
106 306 138 362 in
153 302 200 360 bis
214 303 322 369 diebus,
334 309 366 356 ut
381 301 513 370 creditur,
529 303 662 361 decentur
677 306 798 363 locatus:
815 306 868 364 Cu·
922 308 1032 364 scitasse
1048 307 1160 379 legitur)
1171 309 1273 374 clarus,
1284 309 1392 380 quievit
1406 309 1436 365 iu
1451 326 1533 382 pace;
1548 312 1722 371 Coloniensis

62 378 107 451 jus
124 374 286 450 sepulcrum
303 373 409 429 divinis
424 373 589 431 creberrime
604 376 761 433 illustratur
780 378 870 434 mira·
922 380 1043 435 ecclesie
1082 387 1214 451 patronus
1243 387 1435 453 protectorqne
1470 382 1719 453 singularissimus,

63 450 146 518 culis,
162 454 194 503 ut
208 445 269 518 ejus
283 445 349 501 ritae
367 452 441 516 gesta
459 452 623 503 testantur·
645 448 734 505 llabes
749 448 795 505 bic
809 450 869 506 vul·
923 451 1019 506 multis
1039 466 1125 522 usque
1147 451 1229 506 bodie
1255 452 1394 508 miraculis
1416 469 1575 510 coruscans.
1602 455 1719 528 Longini

64 527 191 594 galerum
216 519 364 583 Actorum,
390 532 441 572 suo
464 523 587 589 tempore
609 521 866 591 expendendorum,
920 523 1051 593 martyris
1078 521 1159 594 Apud
1175 521 1298 579 Adriano
1319 524 1397 591 olim,
1416 534 1574 581 sanctorum
1590 525 1721 583 Severiet

61 589 270 664 compendium.
293 589 388 644 «Item
408 588 554 644 translatio
569 589 642 646 beati
657 593 785 659 Materni,
806 592 866 650 Co·
920 592 1061 649 Dorothei.
1092 594 1123 649 lu
1151 593 1272 651 Caesaiea
1296 539 1317 652 8

63 662 198 720 louiensis
213 659 310 733 primi,
333 658 510 741 Treverensis
530 661 616 729 tertii,
639 671 667 719 et
687 663 866 743 Tungerensis
919 665 1050 735 episcopi.
1083 663 1202 722 Civitate
1231 664 1457 738 Rotbomagensi,
1501 667 1589 723 sancti
1604 668 1722 725 Romani

61 734 143 792 etiam
161 731 246 805 primi
260 729 356 787 archie
377 746 464 802 iscopi
480 739 507 787 et
521 731 698 789 confessoris.
710 733 795 805 Cujus
807 751 865 790 cor·
919 735 1042 806 episcopi
1056 743 1085 791 et
1100 735 1276 792 confessoris.
1290 736 1344 803 Qui
1359 746 1414 793 tem
1454 753 1483 793 re
1498 737 1641 807 Clodovei,
1654 756 1719 812 prae·

60 804 157 879 pusad
168 801 311 860 vitandam
319 746 661 883 seiitiouembpcpuloruiii
673 804 772 860 barum
781 806 864 861 trium
919 805 981 861 fatae
998 807 1124 863 ecelesia
1140 807 1300 877 praesidens,
1316 808 1391 864 inter
1405 824 1421 863 a
1433 808 1459 864 ia
1474 809 1544 865 mira
1558 825 1650 882 opera,
1666 827 1722 867 va-

60 876 252 940 eoelesiarum,
269 880 378 928 maturo
393 873 512 929 consilio
527 875 684 946 expositum
697 876 785 932 iuerat
806 875 864 933 Co-
918 878 1027 932 sculum
1043 877 1192 946 crismatis,
1216 895 1280 936 casu
1296 879 1480 949 confractum,
1503 881 1628 937 oratioue
1643 882 1721 938 iute-

60 947 141 1004 loniae
157 945 281 1018 navigio.
292 945 329 1000 Et
339 959 402 1000 ecce
412 945 491 1000 navis
502 945 549 1000 illa
560 945 619 1002 sine
629 945 757 1003 humanae
768 947 864 1020 guber·
919 965 997 1018 grum
1011 949 1142 1016 reddidit,
1169 966 1287 1022 moxque
1301 950 1402 1007 crisma
1416 967 1524 1008 sacrum
1539 952 1668 1024 guttatim
1690 953 1719 1008 in

60 1026 156 1075 miore
165 1017 196 1073 in
211 1015 304 1072 medio
314 1015 384 1072 Reni
396 1015 494 1087 posita,
510 1016 614 1073 emlesti
624 1019 726 1089 agitata
737 1018 862 1090 remigio,
926 1019 999 1074 idem
1023 1021 1166 1076 vasculum
1190 1036 1218 1076 se
1232 1022 1345 1093 recepit.
1370 1022 1496 1087 Viennae,
1519 1023 1607 1079 sancti
1621 1023 1720 1081 Eodioi

59 1098 283 1147 conuacursum
300 1102 378 1159 aquas
393 1086 644 1168 versusTreverim
659 1088 856 1146 ascendebat·
918 1090 1040 1171 episcopi
1056 1100 1083 1147 ot
1097 1090 1298 1148 confessoris·
1328 1094 1367 1147 De
1388 1093 1569 1149 translatione
1590 1094 1719 1164 biaterui,

59 1162 92 1217 Et
108 1160 171 1218 base
183 1165 313 1218 accurate
328 1157 514 1214 examinanda
527 1167 609 1215 eruut
623 1158 657 1215 ad
672 1175 721 1215 xiv
740 1159 862 1232 Septem·
917 1161 981 1216 vrde
994 1160 1051 1232 jam
1067 1162 1151 1219 dicta.
1167 1163 1199 1217 ln
1214 1160 1287 1218 sine:
1303 1161 1465 1232 Etlieliredo
1478 1164 1584 1234 regino.

58 1232 125 1289 bris.
156 1233 197 1288 De
220 1229 393 1287 Theoderico
419 1229 594 1286 Antiocheno
616 1230 763 1286 videantur
788 1231 864 1288 diota
953 1232 1076 1299 Mosam,
1092 1234 1156 1289 aliis
1169 1232 1271 1289 litteris
1282 1233 1316 1289 de
1329 1233 1460 1290 Severino
1470 1235 1560 1291 textui
1573 1233 1658 1305 adjun
1677 1235 1716 1293 it:

57 1303 188 1377 superius
201 1303 232 1359 iu
245 1302 454 1367 Barixuuuansi,
480 1318 543 1357 cum
570 1301 672 1375 quibus
696 1301 784 1359 editio
804 1302 863 1360 baeo
924 1302 1115 1360 ‹Sanctissimi
1126 1305 1292 1375 protectoris
1302 1303 1495 1376 nostri.CuJus
1504 1305 1642 1381 catholica
1651 1251 1717 1375 ide,

58 1374 114 1430 iere
139 1372 285 1430 convenit.
308 1373 340 1429 lu
354 1371 496 1428 Servando
516 1381 543 1429 et
557 1373 695 1429 Germano
715 1389 783 1445 pura
803 1381 860 1430 est:
917 1375 1094 1447 maximoque
1104 1373 1216 1442 sudore,
1227 1392 1258 1432 ac
1273 1391 1340 1431 seua
1354 1374 1482 1433 doctrina
1497 1375 1716 1446 Coloniensium,

59 1444 128 1501 item
144 1444 178 1500 iu
190 1442 348 1501 Deuodicto.
362 1442 452 1500 Turn:
477 1443 605 1499 «Eodem
619 1443 681 1509 die,
698 1443 787 1500 sancti
803 1445 862 1502 llo-
916 1445 1717 1520 DoidegalensiumTongrensium,vicinorumqueecclesie

62 1515 140 1571 mani
157 1530 173 1571 e
193 1513 279 1587 isoopi
296 1521 323 1571 et
334 1514 509 1571 confessoris.
533 1515 566 1570 lu
580 1531 648 1587 pago
672 1515 860 1584 Ambiacensi,
916 1516 950 1571 ab
962 1516 1138 1573 infestatione
1149 1517 1273 1573 Arriano
1289 1517 1400 1574 nausis
1413 1527 1479 1574 suut
1492 1518 1620 1575 defensa:
1673 1519 1719 1575 iet

60 1585 137 1643 beati
179 1584 282 1642 racisui
291 1584 431 1658 martyris.
442 1585 568 1656 Vieuuae,
580 1585 668 1644 sancti
683 1585 792 1643 Ecdicii
808 1587 900 1660 epi-B
917 1585 944 1641 in
957 1588 1076 1643 transitu
1085 1587 1159 1644 beati
1170 1588 1283 1644 Martini
1294 1588 1390 1645 audire
1400 1589 1501 1646 meruit
1511 1605 1593 1647 voces
1619 1605 1648 1646 sa
1660 1589 1717 1646 leu-

59 1656 178 1782 scolfi„
918 1657 987 1712 tium
1004 1660 1201 1730 angelorum·
1224 1659 1342 1716 indue:
1374 1661 1429 1715 ‹Iu
1443 1661 1583 1716 territorio
1597 1606 1718 1717 imbra-

116 1743 195 1783 usur.
207 1725 238 1783 iu
253 1733 311 1784 toto
326 1734 406 1784 textu
415 1727 482 1784 satis
492 1744 579 1802 purus
589 1735 640 1796 est,
651 1727 698 1785 sed
708 1729 863 1801 penultimo
918 1730 1057 1798 nennium,
1086 1730 1174 1786 sancti
1201 1729 1317 1786 Domitii
1342 1729 1465 1803 episcopi
1491 1739 1518 1787 et
1538 1731 1715 1789 confessoris.

58 1798 119 1854 loco
133 1797 299 1856 interserit:
330 1799 415 1872 ‹lpso
429 1798 484 1868 die,
507 1799 595 1856 sanai
610 1800 726 1856 Romani
741 1816 755 1856 e
776 1799 864 1873 isoopi
917 1800 979 1880 lpso
991 1799 1047 1867 die,
1069 1800 1157 1856 sancti
1172 1801 1288 1858 Romani
1305 1801 1426 1884 episcopi
1440 1811 1467 1858 et
1482 1802 1660 1871 confessoris,
1686 1803 1716 1858 in

57 1877 83 1925 et
96 1868 277 1927 confessoris.
298 1893 308 1918 ι
329 1869 408 1927 Elin
424 1869 497 1927 fine:
528 1897 537 1920 ι
552 1871 583 1926 lu
599 1872 738 1927 territorio
752 1816 864 1927 meia·
918 1871 1032 1927 civitate
1046 1871 1364 1952 liotbomagensi,cu1us
1378 1881 1436 1929 vita
1451 1872 1594 1930 miraculis
1604 1874 1716 1942 claruit,

1318 594 1485 666 appadooiae,
1510 596 1597 652 sancti
1627 597 1722 653 Severi

58 1941 199 2009 nensium,
226 1939 316 1997 sancti
336 1941 442 1998 Domiti
463 1941 584 2014 episcopi
608 1949 635 1997 et
656 1943 856 1999 confessoris·
917 1950 945 1997 et
959 1958 1033 1998 mors
1047 1943 1166 2014 pretiosa
1180 1958 1210 1998 in
1223 1942 1306 1998 domo
1319 1942 1434 1999 Domini
1452 1942 1576 2015 quotidie
1595 1942 1717 2000 demon·
1826 1940 1829 1945 ’

58 2012 151 2068 Altera
165 2011 256 2068 editio
271 2010 365 2068 adbuc
378 2012 560 2085 superaddit:
592 2014 649 2068 «ln
668 2013 783 2070 civitate
803 2014 864 2071 llo-
917 2019 1029 2070 stratur.
1055 2012 1078 2068 A
1100 2012 1137 2069 ud
1151 2012 1303 2081 Mantuam,
1329 2013 1363 2070 de
1401 2014 1466 2070 sitio
1485 2014 1576 2070 sancti
1603 2013 1716 2072 loannis

58 2081 245 2154 tbomagensi,
279 2083 417 2155 depositio
441 2083 528 2141 sancti
550 2083 667 2140 Romani
692 2084 813 2157 episcopi
835 2093 863 2140 et
917 2083 998 2150 Doni,
1026 2030 1201 2150 confessoris,
1237 2083 1345 2141 ordinis
1396 2092 1499 2140 ratrum
1529 2086 1716 2142 Eremitarum

58 2153 237 2210 confessoris.
254 2177 264 2203 ι
288 2154 359 2211 Vide
375 2154 449 2210 inira
463 2155 617 2212 auctarium
637 2155 746 2211 Morsu.
917 2154 1005 2211 sancti
1019 2154 1178 2226 Augustini,
1193 2153 1273 2227 cujus
1285 2155 1343 2211 vita
1354 2156 1509 2212 sanctitatis
1520 2163 1548 2210 et
1562 2156 1716 2213 miraculo-

91 2224 245 2282 surra:
272 2225 377 2281 «Nota.
393 2225 545 2282 Praedictus
556 2226 652 2282 beatus
666 2226 814 2282 severinus
828 2242 863 2282 ex
917 2242 978 2280 rum
994 2226 1080 2297 gloria
1104 2225 1221 2281 illustris
1235 2225 1299 2280 luit.
1324 2226 1356 2280 ln
1378 2226 1521 2282 territorio
1540 2227 1716 2284 Ambianeu-

58 2298 79 2353 A
120 2295 213 2352 itania
226 2294 317 2352 nobili
335 2297 460 2369 prosapia
475 2306 562 2365 ortus,
587 2296 687 2353 litteris
701 2297 862 2353 liberalibus
917 2296 1000 2364 sirim,
1011 2295 1099 2352 sancti
1114 2295 1239 2352 Gratiani
1255 2295 1368 2367 gloriosi
1387 2299 1524 2370 martyris.
1537 2297 1642 2354 Eodem
1657 2298 1713 2378 die,

58 2384 89 2424 su
119 2368 680 2440 cienteriustructus,primoSenonum,
700 2367 809 2435 deinde,
832 2376 863 2423 ut
917 2367 1205 2434 Odaviduae,amitae
1222 2367 1310 2424 saneti
1326 2366 1452 2436 liuberti,
1475 2367 1587 2424 invilla
1606 2367 1716 2424 Ananis

58 2439 113 2496 sibi
129 2455 181 2512 per
193 2439 324 2511 angelum
341 2439 503 2512 pradictum
519 2441 619 2505 luerat,
635 2438 807 2497 Coloniensis
821 2455 862 2496 eo·
916 2453 998 2509 super
1012 2437 1127 2494 tluvium
1142 2439 1234 2494 Mosae.
1251 2463 1260 2487 ι
1288 2437 1433 2494 Editiones
1446 2437 1506 2494 alie
1522 2437 1556 2495 de
1570 2439 1712 2506 Sererino,

58 2511 151 2568 clesiai
166 2510 283 2567 antistes
296 2510 394 2578 iactus,
415 2527 464 2566 sua
479 2511 628 2579 industria,
652 2510 794 2568 Catholica
808 2510 862 2567 lide
916 2509 1049 2576 Domitio,
1075 2508 1217 2578 Gratiano,
1242 2512 1374 2578 llomano,
1399 2517 1426 2565 et
1444 2508 1514 2577 Oda,
1537 2510 1714 2589 cumprime

58 2588 85 2639 et
97 2581 230 2639 doctriua
243 2598 320 2649 sana,
337 2598 436 2654 uiaguo
450 2583 515 2639 licet
531 2583 635 2650 labore,
658 2581 861 2650 Colonieusem,
916 2597 997 2637 sensu
1012 2581 1194 2636 conveniunt.
1212 2580 1297 2636 Turn:
1323 2580 1481 2647 ‹llelnoue,
1500 2580 1639 2637 restitutio
1654 2595 1713 2637 eor·

59 2653 259 2725 l'uugreusem,
286 2653 527 2724 Burdogalensem,
552 2652 740 2726 finitimasque
754 2654 793 2710 eis
812 2670 863 2710 ec-
916 2653 992 2723 poris
1015 2653 1103 2708 sancti
1119 2652 1239 2708 Amaudi
1252 2652 1373 2732 episcopi
1397 2658 1424 2707 et
1444 2650 1643 2708 confessoris.»
1674 2651 1714 2708 De

57 2725 159 2782 closias
173 2724 208 2781 ab
223 2724 401 2781 infestatione
420 2726 545 2781 Arrianae
560 2725 711 2792 bairesaeos,
740 2734 862 2797 tempore
916 2721 1036 2779 Amandi
1054 2723 1244 2791 translatione,
1259 2725 1423 2791 elevatione,
1439 2729 1503 2789 etc,
1519 2721 1584 2778 vide
1597 2721 1671 2778 diem
1684 2738 1714 2778 vu

57 2795 171 2853 Damasi
186 2811 274 2869 papae,
295 2795 430 2853 defendit.
455 2797 516 2869 lpse
530 2806 681 2853 concentus
701 2797 861 2869 angelorum
916 2795 1009 2864 Febr,
1021 2812 1048 2868 p.
1059 2794 1122 2863 ets,
1132 2803 1159 2851 et
1173 2811 1188 2849 a
1203 2812 1230 2867 p.
1243 2793 1306 2851 889.
1318 2795 1435 2849 Domum
1449 2800 1548 2865 typum
1559 2791 1713 2852 minoribus
1778 2851 1782 2856 ,

56 2868 154 2925 audire
174 2874 203 2923 et
232 2866 261 2924 ui
277 2867 399 2925 animam
414 2867 488 2925 beati
508 2868 620 2924 Martini
638 2867 807 2924 Turonensis
832 2868 861 2923 in
916 2865 949 2922 de
961 2867 1065 2924 Joauue
1080 2866 1157 2923 Bouo
1175 2866 1270 2924 eadem
1284 2865 1441 2939 habetque
1455 2880 1547 2937 supra.

50 2940 158 2997 crelam
182 2883 334 3009 deierreut,
359 2954 407 3012 per
427 2940 558 3012 spiritum
578 2955 724 3013 agnoscere
748 2937 860 2996 meruit.

785 3078 977 3093 ...ι-..ειη

47 3160 93 3223 IX
111 3159 181 3223 Kal.
1596 3158 1646 3223 Dis
1664 3159 1712 3230 it.

87 3256 119 3312 lii
138 3254 264 3315 Venusia
283 3248 398 3314 civitate
415 3248 533 3330 Apuliae,
553 3256 654 3315 natalis
678 3264 835 3316 sanctorum
861 3246 961 3312 Felicis
984 3245 1116 3327 episcopi,
1139 3244 1259 3311 Audaoti
1282 3261 1310 3310 et
1332 3253 1457 3310 ianuarii
1481 3252 1710 3326 presbiterorum,

38 3343 199 3399 renouati
217 3350 245 3399 et
264 3341 380 3415 Septimi
398 3344 543 3413 lectorum,
569 3347 616 3418 qui
631 3347 803 3419 temporibus
817 3344 995 3414 Diocletiani,
1016 3343 1112 3401 multis
1130 3343 1179 3400 diu
1200 3343 1321 3401 vinculis
1345 3352 1372 3400 et
1393 3345 1549 3400 carceribus
1578 3343 1708 3400 macerati

35 3432 82 3489 iu
96 3432 195 3490 Africa
214 3441 243 3490 et
256 3433 286 3489 iu
301 3433 406 3503 Sicilia,
430 3434 541 3493 tandein
558 3438 586 3493 iu
600 3439 738 3495 occisione
752 3437 837 3510 gladii
852 3436 1037 3494 consummati
1053 3443 1135 3500 suut,
1158 3434 1238 3491 Felix
1262 3432 1491 3508 quinquagesimo
1514 3441 1593 3490 sexto
1615 3447 1708 3490 auno-

38 3537 114 3579 rum
135 3523 217 3595 virgo
237 3521 317 3579 obiit.
341 3523 462 3580 Vertavo
477 3529 654 3597 monasterio,
676 3526 764 3584 sancti
778 3527 890 3585 blartini
905 3529 1021 3586 abbatis.
1048 3527 1142 3603 [Apud
1155 3527 1317 3596 bouillart,
1340 3527 1376 3583 od
1395 3525 1560 3598 marginem:
1587 3527 1618 3583 ln
1641 3522 1709 3581 Bri-

31 3614 150 3673 tannis
162 3614 193 3673 S.
207 3616 333 3692 Daglorii
346 3619 467 3694 episcopi
481 3628 508 3678 et
522 3621 713 3696 confessoris]

819 3747 937 3806 NOTAE.

89 3840 138 3899 Ex
149 3840 296 3915 Herinien.,
312 3845 573 3919 Autome-dicimo,
586 3848 736 3919 Rosioegd„
755 3850 865 3904 Greven.
880 3854 907 3903 et
920 3847 1023 3907 Molos.

568 3969 576 3981 '
665 3972 869 4031 VARIANDES
888 3970 1095 4031 LECTIONES.

83 4062 191 4123 biolaii.
207 4083 284 4124 more
296 4085 346 4125 suo
362 4067 458 4126 scribit
472 4070 586 4137 Felicis;
603 4072 702 4129 lloswe
723 4071 887 4143 daippus-G
923 4070 1099 4142 oiupuopiato
1122 4084 1169 4123 sco
1197 4081 1339 4123 cenorum.
1374 4068 1455 4123 Solus
1482 4066 1575 4125 Antue
1612 4065 1707 4141 .-liaj.

20 4126 111 4217 11·ωρ
135 4138 239 4219 omitto
261 4139 330 4196 alias
349 4139 510 4211 hujusmodi
526 4142 666 4198 minutias.
719 4150 850 4215 ntuerp-
904 4088 975 4198 Kane
990 4141 1056 4212 legit
1074 4140 1196 4206 Vertooo,
1212 4138 1354 4194 Herinien.
1371 4083 1708 4220 erubescimusserroo,

20 4198 113 4279 Usi.
129 4209 197 4281 legit
211 4218 363 4267 soiictorum
377 4218 526 4282 ruortprum
541 4214 646 4280 Felicis,
663 4221 729 4281 etc,
745 4221 773 4269 et
786 4220 850 4270 ante
904 4213 1022 4269 Greven.
1040 4219 1067 4266 et
1082 4210 1195 4275 Melan,
1218 4209 1345 4269 Vereuso,
1366 4209 1426 4274 alii,
1447 4208 1570 4288 Verlucio,
1595 4216 1649 4264 eto.
1677 4210 1709 4264 lu

23 4278 179 4335 occisione
191 4279 268 4338 deest
283 4283 418 4356 particula
431 4282 468 4339 iu.
491 4284 612 4339 Maxima
626 4284 744 4340 varietas
765 4294 806 4341 est
820 4285 850 4341 in
903 4281 1060 4356 apographo
1083 4289 1179 4337 nostro
1198 4279 1321 4335 Pratensi
1339 4279 1421 4334 tertio
1439 4278 1500 4333 loco
1523 4278 1706 4348 adjungitur:

23 4349 153 4407 ultimo
161 4350 248 4424 elogii
262 4353 396 4410 membro.
412 4354 572 4427 Rosvreyd,
583 4354 737 4412 Greveuet
746 4356 848 4411 Molaii.
903 4357 936 4412 lii
954 4353 1103 4419 llri'toiriiio,
1119 4351 1204 4407 suncti
1221 4349 1347 4421 Maglorii'
1365 4347 1480 4420 episcopi
1498 4353 1522 4430 et
1535 4346 1707 4430 confessoris.

35 4414 166 4493 legunt:
182 4422 490 4496 Felicpiiiupuopeci'mo
510 4432 582 4480 secto
596 4443 666 4481 oiiiio
682 4427 755 4498 uirgo
775 4427 849 4494 obiit,
904 4426 1057 4481 Tornacen.
1080 4422 1178 4479 habet:
1202 4421 1302 4477 Eodem
1325 4421 1367 4476 dic
1394 4421 1520 4491 Magloria
1544 4434 1659 4490 episcopi
1685 4425 1710 4474 et

36 4498 181 4565 aiquees
195 4493 314 4551 nitiDior
327 4495 439 4551 videtur
452 4496 592 4552 scribendi
607 4497 688 4553 ratio.
702 4497 849 4553 Nihilomi·
904 4495 1071 4578 confessoris.
1095 4494 1158 4550 Alia
1191 4492 1265 4548 brasi
1284 4490 1411 4548 eumdem
1432 4489 1511 4561 pouit
1533 4489 1708 4558 Muneratus,

41 4572 105 4645 uiis
116 4563 216 4634 stiam,
229 4566 338 4623 tametsi
354 4568 440 4639 magis
455 4568 645 4639 impropriam,
666 4568 849 4649 praetulimus,
904 4575 936 4623 ut
951 4567 1023 4624 infra
1037 4565 1137 4623 dicam.
1186 4571 1197 4618 t
1211 4580 1247 4619 ex
1262 4562 1375 4645 reliquis
1388 4563 1444 4619 iere
1458 4560 1588 4618 omnibus
1601 4559 1708 4644 codici·

51 4635 269 4761 Ἥκω
283 4643 355 4693 secto
369 4655 511 4705 oscorum,
535 4655 598 4695 cum
614 4639 767 4707 Herinien.,
788 4640 851 4695 An·
904 4639 956 4696 biis
971 4637 1037 4694 satis
1047 4637 1187 4693 evincitur
1198 4635 1361 4707 llaglorium
1373 4634 1407 4691 ab
1422 4632 1703 4706 Usuardoconsigna·

53 4708 100 4760 tue
137 4735 156 4760 .·
201 4705 225 4778 j.
241 4708 405 4767 etPrateusi
419 4708 526 4775 codice,
541 4711 615 4782 quod
631 4711 710 4767 eaad
725 4711 850 4768 Adonem
903 4717 963 4767 tum
980 4725 1035 4765 uon
1052 4725 1120 4765 esse.

58 4785 81 4829 tl
153 4778 277 4848 socedat,
302 4780 333 4837 iu
354 4796 410 4854 quo
435 4781 534 4836 melius
557 4789 584 4838 et
605 4781 706 4839 rectius
729 4782 846 4854 legitur:

733 4907 1036 4966 OBSERVATIONES.

90 4995 130 5055 De
142 5000 229 5059 variis
239 5005 345 5063 sanctis
357 5005 497 5064 Felicibus
503 5005 559 5078 jam
573 5022 631 5063 non
644 5006 727 5063 semel
737 5007 854 5079 egimus,
909 5006 995 5073 mina,
1005 5002 1129 5061 eamdam
1139 5003 1212 5061 sedis
1222 5001 1409 5076 episcopalisa
1430 5000 1605 5074 pollutionem
1616 5006 1710 5056 servat

64 5073 211 5128 uousemel
226 5090 287 5147 quae
304 5078 378 5135 circa
392 5094 439 5135 eos
451 5078 537 5135 dubia
551 5078 742 5145 occurrebant,
758 5078 854 5134 dissol·
908 5077 981 5143 Ado,
1010 5075 1137 5150 quamvis
1160 5075 1281 5147 elogium
1304 5076 1385 5154 plane
1404 5018 1541 5154 Xescribat
1564 5087 1599 5127 ex
1623 5070 1709 5152 Dedo,

63 5152 121 5219 ysne
132 5145 228 5201 eonati
242 5146 357 5205 fuimus.
382 5149 443 5211 llic,
469 5166 524 5222 quo
547 5149 581 5205 de
599 5165 674 5204 nuno
692 5165 782 5205 sermo
803 5156 854 5217 est,
909 5148 956 5221 qui
972 5157 1065 5204 tamen
1078 5163 1130 5229 pro
1148 5146 1277 5203 dedoctis
1297 5147 1363 5217 legit
1380 5144 1506 5212 Audocti,
1528 5149 1555 5198 et
1569 5142 1709 5223 Septimius

46 5225 112 5281 ‚itm
123 5213 165 5295 ‚nd
178 5231 241 5272 xxx
254 5220 371 5292 Augusti
385 5219 413 5276 in
428 5219 674 5277 observationibus
688 5220 789 5276 nostris
807 5236 854 5276 re·
927 5236 957 5275 ro
974 5219 1100 5290 Septimi;
1125 5216 1253 5290 quodque
1275 5215 1425 5273 notandum
1440 5223 1482 5296 est
1501 5228 1633 5278 maxime,
1657 5211 1708 5294 ubi
1767 5222 1769 5227 ’

60 5292 156 5351 cuns,
177 5302 211 5343 eo
233 5286 278 5344 die
297 5306 314 5346 a
330 5290 404 5348 Beda
417 5291 518 5348 diserte
532 5292 729 5363 consignatus;
755 5292 854 5348 melius
908 5236 982 5347 Reda
995 5290 1082 5346 solam
1097 5288 1256 5345 distantiam
1272 5287 1424 5368 Tubzocam
1439 5294 1510 5368 inter
1520 5293 1547 5341 et
1557 5282 1709 5365 Cartbagi-

58 5365 124 5412 ωηο
137 5371 222 5429 quam
238 5373 255 5415 s
270 5361 381 5419 Rabano
396 5380 467 5419 xxix
479 5363 607 5434 Augusti,
623 5371 650 5418 et
663 5362 854 5418 meliusetiam
909 5378 971 5418 nem
987 5361 1018 5418 iu
1029 5362 1117 5433 elogio
1132 5359 1279 5426 subnectit,
1302 5357 1475 5424 Viennensis,
1491 5372 1522 5412 ea
1539 5363 1709 5438 pretermit-¹

58 5438 140 5552 gueni
155 5430 307 5489 allomano
320 5451 415 5508 parvo,
429 5434 533 5501 Adone,
546 5434 681 5491 ethorum
692 5434 855 5506 sequacibus
909 5441 980 5498 tous,
1006 5433 1039 5490 de
1061 5449 1111 5488 suo
1134 5432 1249 5487 inserit:
1278 5431 1442 5485 Santonum
1456 5427 1709 5509 bonorificesepulti

79 5503 275 5560 rictrauslatus
288 5504 382 5562 luerit.
392 5506 456 5563 llaec
474 5513 538 5562 sunt
554 5506 636 5562 bodie
652 5506 765 5562 llornani
778 5505 854 5577 parvi
909 5505 979 5560 inter
991 5504 1178 5576 Carthaginem
1187 5511 1211 5558 et
1224 5502 1334 5568 Dticom,
1345 5516 1405 5574 quaa
1422 5500 1498 5556 Actis
1511 5506 1598 5555 sancti
1610 5499 1709 5554 Felicis

58 5568 158 5627 rerba:
195 5574 324 5646 Verrucio,
351 5577 446 5633 Felicis
471 5577 583 5650 episcopi
619 5576 799 5644 liebzoceusis,
833 5582 856 5630 et
910 5576 1066 5633 conformia
1086 5576 1200 5631 omnino
1223 5580 1368 5629 nonsunt.
1396 5572 1440 5627 Ad
1454 5570 1610 5627 Usuardum
1634 5567 1709 5651 quod

57 5639 190 5700 dedoctis
209 5651 235 5702 ct
248 5648 376 5704 Ianuarii
409 5650 610 5721 resipio-crum,
625 5655 648 5703 ct
666 5647 857 5704 Fortunationi
911 5647 1023 5715 attinet,
1047 5646 1071 5702 is
1084 5645 1199 5702 brevius
1212 5662 1293 5703 suum
1307 5642 1475 5712 encomium,
1500 5641 1637 5716 preterita
1661 5640 1709 5722 illa

56 5716 204 5789 streptimi
218 5719 353 5777 lectoriam.
377 5666 480 5777 gadem
504 5737 615 5793 prorsus
639 5721 776 5777 sociorum
801 5736 858 5777 no·
911 5716 1131 5787 circumstantia,
1156 5725 1247 5775 totum
1261 5715 1423 5790 expraeiato
1438 5715 1535 5774 Adone
1557 5718 1708 5779 contraxit,
