3834 6136
125 202 184 267 833
660 207 977 267 MARTVROLOGIUM.
998 242 1034 254 -
1049 213 1153 271 Muris.
1175 214 1256 272 DEC.
1736 225 1790 283 834
1847 269 1849 273 ,

124 328 263 409 nonnihil
279 328 456 400 interpolata,
467 328 521 385 hoc
531 329 670 411 singulare
681 330 710 411 in
721 331 777 388 fine
792 332 934 391 adnectit:
950 342 975 399 Α
989 337 1076 392 nostri
1091 338 1239 394 Usuardini
1254 340 1491 409 annuntiationes,
1509 357 1553 398 eas
1568 343 1668 402 litteris
1682 325 1788 407 ltalici⁸

131 400 344 481 ‹Cujusncap'ut
366 415 440 456 nunc
457 399 579 456 Coloniae
594 401 761 483 Agrippinas¹
777 403 806 458 in
822 405 936 461 ccclesia
990 408 1018 461 in
1044 409 1099 463 line
1121 409 1194 464 inter
1209 412 1378 467 accessiones
1399 415 1579 484 computavit.
1606 416 1693 472 Habet
1712 437 1787 490 prae-

123 472 381 537 Carthusreusmm,
397 487 446 541 per
461 472 670 527 translationem
685 475 869 545 requiescit·
904 477 935 532 ln
989 485 1075 533 terea:
1106 480 1232 535 «Eodem
1248 481 1304 549 die,
1327 484 1471 538 translatio
1492 483 1563 538 beati
1589 485 1727 544 Lamberti
1752 491 1786 548 ab

124 543 244 601 Serrulo
259 548 286 622 et
307 541 566 623 Nicomediensibus
581 543 646 598 satis
662 559 731 624 pura
745 554 795 601 est.
821 545 936 602 Postre-
989 549 1105 605 ecclesia
1118 559 1218 606 sancta
1232 551 1324 607 Maria
1341 553 1369 608 in
1389 561 1523 626 cryptam,
1539 561 1566 610 et
1580 554 1702 626 ejusdem
1717 577 1747 616 cr
1768 593 1786 603 -

124 631 204 670 mum
219 611 314 668 adura:
351 612 480 692 «Eodem
500 612 556 681 dre,
585 622 673 669 sanctu
689 615 838 686 Degoberti
864 617 936 689 regis
990 628 1042 690 ptae
1056 620 1193 676 dedicatio
1203 621 1231 676 in
1244 621 1349 679 honore
1363 624 1488 681 omnium
1505 633 1673 682 sauctorum.
1691 655 1700 676 »
1721 581 1787 686 uht-

122 687 332 741 Francorum.»
349 683 427 751 Dim,
440 682 589 739 videndam
606 684 756 742 Castellani
767 689 892 743 notulam
905 688 934 744 in
990 690 1078 746 tiones
1099 691 1264 763 posteriores
1288 694 1316 748 in
1341 694 1395 750 fine
1416 696 1527 766 legunt:
1565 697 1640 753 «Die
1654 699 1788 770 vigesima

122 753 329 827 Martyrologio
344 753 508 810 universali.
989 762 1079 829 tertia,
1091 771 1248 818 sanctorum
1259 764 1352 820 decem
1367 774 1439 820 mart
1462 783 1523 822 rum
1538 767 1568 822 in
1583 766 1694 824 Creta.»
1719 770 1788 830 Vide

161 826 312 882 Gaurum:
346 826 476 906 «Roma,
504 825 604 907 natalis
622 835 779 908 sanctorum
804 829 932 900 Eugenii,
987 848 1082 887 eorum
1097 833 1211 889 nomina
1233 842 1260 890 et
1274 835 1343 891 Acta
1356 835 1429 907 apud
1442 783 1566 893 {urium
1599 838 1728 912 Sequitur
1753 842 1787 898 de
1857 900 1862 907 ,

123 896 294 963 Eleutherii,
313 895 428 963 Urbani,
446 896 580 962 Cornelii,
596 898 716 969 Drepani,
732 898 865 966 Victoris,
885 900 933 956 Ca·
987 904 1167 959 translatione
1188 904 1261 960 beati
1285 906 1435 972 lamberti,
1464 916 1529 977 etc,
1557 916 1588 964 ut
1612 909 1642 964 iu
1662 911 1787 968 editione

123 970 217 1035 stulu,
228 976 256 1023 et
267 967 386 1022 aliorum
403 968 626 1037 octingentorum
638 969 782 1039 triginta.»
803 971 861 1024 Jaut
872 970 932 1026 dixi
987 973 1085 1043 prima.
1113 975 1199 1030 Tum:
1223 1000 1232 1022 ι
1252 976 1375 1044 Parisiis,
1390 977 1526 1033 dedicatio
1539 978 1671 1050 hastttcae,
1687 1006 1696 1026 ι
1719 990 1785 1052 etc,

124 1055 219 1112 supra,
234 1037 387 1094 videndam
403 1037 437 1093 de
452 1038 497 1092 his
512 1039 614 1094 sanctis
629 1040 794 1095 Florentiuii
813 1040 847 1096 ad
863 1042 934 1096 Mie-
987 1052 1014 1099 et
1028 1044 1061 1099 de
1075 1044 1262 1113 Childeberto,
1280 1055 1312 1102 ut
1328 1064 1418 1118 supra.
1435 1049 1561 1105 Deinde:
1586 1075 1595 1097 ‹
1610 1051 1715 1107 Eodem
1730 1053 1786 1122 die,

125 1109 294 1183 ronymiaua
307 1108 541 1164 observationem.
566 1111 659 1165 «ltem
675 1110 758 1178 Sinti,
778 1111 930 1192 Apollonii.
987 1115 1133 1186 Dagoherti
1155 1117 1225 1187 regie
1247 1118 1425 1173 Francorum.
1451 1145 1461 1167 ι
1489 1121 1606 1175 Demum
1632 1122 1787 1180 minorihus

125 1179 289 1252 Dagoherti,
319 1180 392 1261 regis
415 1181 584 1260 Francorum
609 1188 636 1236 et
662 1182 835 1262 confessoris.
864 1183 932 1238 Item
987 1186 1079 1256 typis:
1114 1186 1262 1243 «Ciuitate
1278 1187 1449 1257 Brixinensi,
1473 1188 1608 1261 depositio
1620 1189 1693 1247 beati
1712 1194 1786 1249 Her-

126 1251 253 1321 Gregorii
284 1266 374 1322 puers.
408 1250 469 1322 lpso
498 1250 553 1318 dre,
587 1253 687 1307 natalis
711 1259 798 1308 sancti
819 1254 933 1309 ioannis
987 1257 1080 1311 manni
1097 1257 1275 1323 confessoris,
1291 1258 1413 1330 ejusdem
1429 1260 1552 1316 civitatis
1567 1261 1699 1333 episcopi,
1717 1280 1784 1336 prae·

126 1320 292 1395 presbyteri.
310 1320 442 1377 Mazothae
458 1321 585 1392 virginis.
602 1347 611 1368 ι
986 1326 1054 1380 clari
1073 1327 1101 1381 in
1117 1329 1270 1384 miraculis.
1287 1353 1296 1375 ι
1331 1330 1401 1386 Vide
1415 1330 1600 1387 Castellauum
1620 1332 1672 1388 hoc
1688 1333 1733 1389 die
1754 1335 1785 1391 iu

161 1393 273 1449 Morsu.
289 1399 432 1465 suspectas
450 1392 555 1449 hahens
571 1401 723 1465 postremas
746 1395 814 1452 duas
839 1404 932 1452 textus
985 1397 1182 1470 Martyrologio
1196 1399 1361 1467 universali,
1380 1400 1428 1457 ubi
1448 1403 1645 1459 Hortemonnur
1659 1413 1782 1462 vocatur.
1869 1408 1878 1419 ‘

129 1609 169 1666 ll(
182 1610 251 1666 Kal.
643 1608 705 1680 (Hie
719 1610 747 1664 in
762 1609 873 1666 editions
887 1613 1046 1671 Bouiilortii
1060 1616 1153 1688 incipit
1166 1618 1278 1687 onnus.)
1677 1622 1728 1678 Die
1739 1622 1784 1680 tt.

166 1713 177 1738 ·
198 1697 299 1770 Vigilia
315 1698 415 1755 natalis
437 1700 561 1756 Domini.
576 1698 657 1772 Apud
684 1699 861 1757 Antiochiam
882 1702 972 1772 Sirim,
993 1705 1091 1760 natalis
1114 1715 1272 1763 sanctarum
1297 1709 1436 1781 virginum
1455 1710 1645 1782 quadraginta,
1658 1728 1718 1785 quac
1734 1710 1785 1768 sub

126 1791 249 1848 Deciana
258 1791 448 1862 persecutione
459 1809 507 1865 per
517 1792 627 1848 diversa
639 1800 777 1850 tormenta
786 1793 950 1865 martyrium
963 1803 1234 1851 consummaverunt.
1248 1796 1329 1868 Apud
1348 1797 1489 1868 Spoletum
1511 1798 1652 1855 civitatem
1667 1799 1784 1870 Tusciae,

125 1881 215 1938 nucu
231 1880 356 1953 Gregorii
374 1882 505 1954 martyris
520 1890 546 1938 et
561 1882 726 1955 presbyteri,
737 1882 908 1954 temporibus
920 1883 1085 1940 Diocletiani
1096 1891 1123 1938 et
1138 1884 1300 1940 Maximiani
1315 1885 1527 1957 imperatorum,
1542 1888 1589 1960 qui
1604 1888 1694 1960 primo
1706 1891 1785 1946 iusti·

124 1969 177 2026 hus
192 1969 424 2039 meduanensem,
441 1988 473 2027 ac
487 1971 588 2028 deinde
604 1954 666 2045 post
679 1972 840 2028 craticulam
855 1978 883 2026 et
905 1987 1040 2030 carcerem
1055 1969 1146 2026 cardis
1161 1971 1259 2027 ferreis
1273 1972 1302 2027 in
1327 1972 1442 2044 genibus
1456 1990 1608 2046 percussus,
1629 1976 1675 2032 sed
1690 1986 1717 2032 et
1737 1995 1785 2033 ar-

125 2056 257 2114 dentibus
269 2058 442 2130 lampadibus
457 2076 504 2130 per
519 2061 604 2135 latera
618 2061 756 2128 incensus,
770 2057 881 2114 taudem
895 2059 1048 2123 decollatus
1061 2072 1112 2121 est.
1128 2064 1246 2122 Ciuitate
1259 2065 1376 2138 Tripoli,
1391 2067 1478 2123 sancti
1493 2067 1618 2124 huciani.

896 2194 1014 2253 NOTAE.

161 2298 229 2355 Puri
243 2307 309 2356 sunt
323 2300 432 2358 codices
445 2319 551 2369 omnes,
565 2302 687 2369 Protea,
697 2305 847 2370 Heriuien„
866 2307 928 2362 Tor·
943 2320 966 2379 Β
982 2305 1065 2360 etiam
1080 2310 1121 2358 est
1138 2303 1284 2370 Centulen„
1308 2303 1393 2376 quisi
1408 2303 1436 2358 in
1451 2303 1569 2360 decursu
1593 2303 1633 2360 sic
1648 2303 1785 2376 procede-

125 2372 473 2442 noeen.,Antuerp.·Moj.,
490 2375 640 2443 Roswepd„
657 2377 928 2447 Astosapetttaa-
983 2383 1034 2443 ret,
1062 2374 1366 2446 quemadmodumarn
1380 2374 1495 2429 Kalend.
1524 2375 1646 2430 Ianuarii
1663 2375 1784 2431 inchoa-

124 2441 233 2510 Lubec,
246 2444 395 2512 Menona,
411 2444 511 2513 Belin,
531 2446 640 2501 Greoen.
657 2452 684 2501 et
697 2447 799 2504 Molcu.
814 2447 929 2504 Accedit
983 2453 1027 2501 tus
1042 2453 1093 2512 est,
1105 2445 1205 2500 merito
1219 2445 1291 2500 inter
1306 2444 1469 2516 purissimos
1483 2444 1592 2500 codices
1609 2445 1781 2500 Usuardinos

125 2514 357 2584 Asterop-Mae.
383 2531 446 2571 cum
470 2517 602 2573 omnibus
622 2517 679 2572 suis
704 2518 797 2574 sociis.
829 2519 930 2574 Plenus

164 2677 176 2701 ⁰
195 2665 339 2748 Pramum
353 2683 418 2724 mss.
435 2684 541 2736 omues,
557 2685 613 2725 uno
627 2679 752 2752 excepto,
766 2670 848 2741 juxta
866 2687 929 2726 mo-

128 2753 188 2792 rem
201 2746 346 2818 antiquum
360 2738 476 2795 Usuardi
493 2741 581 2795 nostri
596 2757 655 2796 aevo
667 2749 811 2809 usitatum,
824 2757 928 2797 aunum

129 2805 178 2865 hic
187 2807 338 2880 incipiunt,
352 2825 421 2881 quos
430 2820 585 2883 sequuntur
593 2811 733 2867 innumeri
746 2813 804 2868 alii.
821 2813 930 2883 Marty-

983 2523 1187 2572 numeraretur.

984 2669 1118 2739 rologium
1134 2676 1225 2723 tamen
1236 2667 1345 2723 Sollerii
1356 2683 1371 2722 a
1381 2666 1599 2724 Circurncisione
1615 2667 1739 2734 Domini,
1754 2666 1783 2724 id

983 2749 1051 2795 esta
1066 2738 1351 2806 Kalendis-ianuarii,
1376 2737 1490 2794 initium
1504 2738 1591 2795 ducit.
1613 2738 1782 2794 Donusam.

741 2941 943 3000 VARIANTES
964 2940 1170 2999 LECTIONES.

164 3045 258 3100 Belin.
285 3060 301 3098 a
314 3045 392 3115 puris
404 3047 510 3103 excludi
529 3047 694 3115 merehatur,
720 3064 783 3103 curn
798 3048 838 3104 sic
851 3048 926 3104 inci-

126 3117 208 3240 piat:
230 3114 329 3185 Vigilio
342 3116 486 3172 naucitatis
499 3119 609 3174 Domini
627 3120 714 3173 nostri
732 3120 794 3174 Jesu
815 3119 924 3176 Christi.

153 3187 230 3240 lures
246 3184 353 3241 codices
366 3185 411 3242 hic
424 3189 547 3244 scribunt
559 3190 653 3260 Syriae,
665 3189 712 3247 sed
726 3206 789 3246 cum
806 3190 859 3246 sihi
869 3205 927 3245 non

127 3263 269 3323 constent,
285 3271 334 3311 nos
345 3272 406 3312 cum
421 3260 478 3314 anti
500 3260 625 3316 uioribus
639 3261 686 3317 hic
702 3268 732 3316 ut
746 3261 813 3317 alibi
829 3277 928 3316 serva-

127 3343 192 3381 mus
208 3326 296 3383 Sirio.
320 3328 351 3382 lu
365 3328 474 3385 Max.·L
514 3347 554 3386 ec.
580 3340 607 3386 et
620 3332 754 3387 Munerat.
781 3332 852 3388 male
869 3332 927 3385 im-

126 3412 254 3523 pressum
272 3397 415 3454 Dmionc:
443 3416 499 3456 nou
514 3401 614 3456 melius
630 3402 658 3456 in
677 3401 766 3456 Belin.
795 3403 925 3458 Datiano.

151 3484 234 3523 ursus
251 3468 384 3524 Munerat.
409 3486 458 3540 pro
474 3472 617 3541 spontem,
633 3472 699 3541 legit
720 3474 850 3527 Poletum.
872 3475 928 3527 Au·

127 3537 309 3610 tuem-Mai„
330 3540 488 3610 Dosweyd,
516 3540 617 3608 belin,
640 3541 758 3598 Greven.
783 3549 810 3597 et
826 3542 927 3597 Molan.

128 3607 262 3664 videntur
274 3616 382 3665 textum
402 3611 473 3664 velle
488 3611 643 3678 emendare,
669 3627 717 3684 per·
737 3613 813 3682 presb
833 3612 881 3667 teri
905 3619 930 3668 et

129 3679 277 3750 mouscin
306 3687 335 3736 at
348 3681 415 3736 satis
428 3688 533 3737 certum
549 3691 599 3750 est,
628 3682 781 3739 Usuardum
847 3683 929 3739 Ado-

983 3049 1064 3103 niana
1079 3045 1172 3118 phrasi
1187 3061 1243 3101 non
1256 3045 1413 3112 recessisse;
1431 3061 1492 3116 quae
1509 3044 1627 3116 proinde
1641 3062 1675 3101 ex
1690 3045 1786 3116 proba·
1844 3114 1850 3121 ἱ

981 3119 1100 3174 tiorihus
1114 3117 1257 3173 codicibus
1274 3131 1290 3170 a
1307 3116 1388 3171 nobis
1402 3122 1510 3170 servata
1524 3124 1575 3171 est.
1594 3116 1785 3173 Constructio-

982 3205 1044 3244 nem
1056 3189 1135 3260 plaue
1147 3187 1258 3242 vitiavit
1268 3185 1357 3240 Delin.
1370 3186 1473 3255 legens,
1485 3186 1575 3240 cordis
1588 3187 1685 3255 [erreis
1696 3186 1786 3255 ignitis

981 3262 1111 3325 incensus,
1123 3258 1167 3312 sed
1176 3264 1200 3311 et
1213 3256 1370 3311 ardentibus
1385 3256 1555 3325 iornpodibus
1564 3273 1615 3326 per
1630 3258 1715 3312 lutere
1744 3273 1786 3310 er·

981 3345 1083 3384 cussus.
1114 3326 1187 3393 Quid
1201 3343 1249 3398 per
1260 3327 1356 3381 medos
1369 3325 1551 3406 intelligatur,
1581 3326 1662 3382 docet
1682 3272 1784 3407 Μοΐοηί

982 3399 1134 3456 adnotatio.
1164 3398 1300 3452 Munerat.
1329 3412 1378 3468 pro
1405 3396 1528 3463 Luctum,
1554 3397 1651 3452 scribit
1679 3397 1784 3451 Lucina.

983 3470 1142 3542 Sphalmata
1163 3467 1291 3524 codicum
1307 3466 1403 3522 mediae
1426 3472 1497 3521 notas
1519 3482 1575 3522 non
1589 3474 1645 3521 tam
1662 3482 1785 3538 scrupu-

984 3542 1039 3596 lose
1053 3538 1191 3611 expeudi3
1219 3538 1248 3592 in
1263 3554 1295 3593 eo
1310 3537 1436 3592 Adonem
1452 3535 1553 3607 potius,
1580 3553 1662 3609 quam
1677 3537 1785 3592 Usuar-

982 3612 1048 3667 dum
1065 3617 1227 3683 sequuntur,
1259 3608 1332 3679 quod
1356 3624 1405 3678 pro
1428 3608 1538 3674 natulis,
1571 3609 1663 3680 legant
1686 3608 1784 3663 notici-

984 3683 1056 3737 totis.

807 3807 1108 3866 ousttttvartortus

167 3901 227 3969 Quo
239 3904 397 3984 antiquiora
418 3913 482 3961 suut
502 3907 707 3978 Martyrologia,
733 3925 765 3964 eo
791 3909 879 3964 rarior
901 3908 967 3969 inG

130 3972 201 4046 ipsis
216 3989 403 4048 cujuscunque
422 3976 531 4047 Vigilise
543 3979 780 4034 commemoratio.
805 3980 845 4034 De
869 3980 930 4034 lla-

129 4043 265 4102 lendariis
283 4054 330 4101 aut
344 4046 568 4103 Sacramentariis
592 4047 637 4104 hic
651 4064 706 4103 non
722 4050 829 4120 loquor.
856 4050 930 4104 Nul-

129 4114 187 4170 lam
210 4114 240 4170 iu
263 4116 488 4189 hieronymianis
509 4119 629 4189 reperire
641 4126 691 4175 est.
722 4120 803 4191 Apud
828 4119 929 4176 bedam

167 4201 225 4242 ucae
238 4195 387 4243 occurrunt
402 4189 514 4260 vigilia,
539 4196 576 4256 et,
599 4190 671 4262 quod
688 4189 806 4258 mireris,
828 4191 857 4244 in
871 4191 930 4246 Ra-

128 4200 205 4311 ffiuo
223 4259 376 4329 pauciores,
402 4267 497 4329 utpote
522 4261 569 4341 qui
593 4262 683 4316 nullas
705 4261 808 4316 notarit
832 4268 930 4332 praeter

128 4326 307 4399 uigiliomls'pi
325 4331 927 4402 boniteetvigiliumsanctilounnisBoptistoe.

129 4395 185 4463 Qui
200 4405 292 4452 autem
305 4347 406 4455 hedam
419 4400 521 4472 ubique
536 4401 678 4469 describit,
693 4403 822 4484 prelatus
837 4401 929 4459 Raba-

129 4482 196 4534 nus,
221 4466 259 4523 ibi
277 4469 400 4540 vigiliam
416 4471 542 4537 collocat,
560 4489 587 4526 v.
604 4489 629 4543 g.
646 4473 814 4553 Epiphanius,
838 4472 884 4527 ubi
901 4471 929 4526 in

131 4535 207 4593 Beda
219 4537 334 4595 minime
348 4541 506 4596 invenitur:
524 4542 577 4597 hoc
593 4559 659 4597 vero
673 4543 718 4597 dte
733 4542 858 4614 vigiliam
872 4557 929 4597 non

131 4605 155 4662 si
195 4613 234 4672 at,
248 4625 310 4665 cum
324 4617 414 4666 tomen
430 4612 503 4667 Beda
516 4613 617 4668 diserte
632 4612 731 4669 habeat
746 4630 751 4668 :
776 4613 870 4683 Viqilio
883 4630 929 4667 nc·

132 4623 196 4732 tuiis
220 4679 337 4735 Domini.
371 4682 473 4738 Eadem
495 4684 577 4739 verba
598 4684 729 4756 leguntur
752 4683 780 4739 iu
808 4685 930 4739 llomano

131 4764 229 4829 parvo,
245 4751 339 4806 eadem
352 4753 381 4807 in
395 4753 505 4821 Nostro,
529 4770 579 4811 uec
593 4753 729 4837 discrepat
744 4754 928 4820 Viennensis;

130 4819 188 4899 ursi
212 4820 285 4892 quod
309 4839 358 4894 pro
377 4825 487 4891 notulis,
513 4825 794 4894 scribatnotsuitotis3
822 4826 852 4881 in
876 4840 930 4897 quo

129 4905 224 5015 ffeum
236 4891 345 4948 codices
358 4895 443 4966 aliqui
461 4895 609 4951 Usuardini
623 4896 725 4952 imitati
740 4905 814 4952 sunt.
839 4896 930 4953 Wan-

149 4960 276 5017 albertus
288 4965 402 5021 metrice
415 4966 488 5021 idem
501 4967 631 5039 explicat,
657 4968 790 5039 Vigiliam
804 4984 868 5025 curu
882 4983 930 5023 se-

129 5032 284 5104 quentibus
298 5034 507 5107 virginibusita
520 5036 690 5110 conjungens
705 5056 711 5094 :

196 5120 274 5170 Nono
288 5134 404 5172 venturae
419 5127 581 5174 cumulantes
597 5140 702 5175 munere
716 5126 776 5185 luci,

198 5182 315 5245 Lumina,
335 5187 525 5250 pervigilesque
538 5202 595 5237 aras
607 5197 633 5236 et
644 5189 738 5248 templa
754 5202 884 5250 paramus.

196 5304 263 5364 Quae
274 5307 379 5369 diguam
394 5311 472 5358 vitam
485 5319 544 5359 voto
558 5320 583 5359 et
597 5313 690 5360 virtute
704 5311 833 5360 dicarunt.

168 5386 257 5442 Porro
275 5388 393 5459 Virgines
411 5389 465 5445 illae
480 5390 742 5462 quadragintanotae
756 5391 860 5448 suntin
872 5407 935 5464 apo·

129 5473 180 5530 gra
202 5455 248 5511 his
262 5458 498 5531 Hieronymianis,
510 5477 545 5516 ex
555 5463 655 5533 quibus
664 5463 698 5518 ab
713 5462 821 5528 Adone,
835 5479 869 5517 ex
882 5461 935 5518 hoc

128 5527 166 5584 ab
181 5472 309 5609 bsuardo
324 5538 449 5602 acceptas
463 5548 574 5603 prorsus
589 5548 645 5588 nou
659 5532 766 5589 dubito.
793 5533 838 5589 Sic
853 5532 935 5588 hahet

130 5606 341 5658 vetustissimus
355 5602 584 5674 Epternacensis:
601 5602 747 5659 Antiochia
762 5603 858 5675 Syrio,
874 5619 934 5658 scn-

130 5675 240 5725 curum
254 5671 390 5742 cirpinunt
402 5690 513 5731 nunuro
526 5691 572 5731 au.
595 5674 684 5731 Addit
697 5674 829 5732 Lucensis
847 5673 935 5732 codex

132 5740 346 5810 canonicorum,
366 5756 481 5819 nmque
495 5745 655 5819 qualitatem
672 5761 709 5803 ex
722 5744 862 5806 consimili
877 5744 935 5802 ali-

1006 3924 1040 3964 uo
1053 3907 1149 3964 codice
1161 3905 1190 3960 in
1204 3913 1314 3962 textum
1328 3920 1411 3962 suum
1423 3903 1568 3960 transtulit
1583 3903 1720 3961 Rabanus.
1745 3905 1785 3960 De

984 3925 1175 4038 genouicabus
1192 3975 1362 4047 hujusmodi,
1380 3975 1464 4031 verbo
1477 3975 1584 4047 egimus
1598 3976 1629 4031 iu
1642 3976 1785 4031 Observa-

983 4049 1107 4105 tionihus
1121 4047 1222 4103 nostris
1233 4065 1263 4102 nr
1273 4046 1378 4119 Aprilis
1390 4065 1396 4113 ;
1414 4063 1463 4104 nec
1474 4045 1556 4101 modo
1571 4062 1619 4119 per
1632 4045 1785 4103 Canonioas

1004 4122 1045 4175 lus
1060 4118 1210 4191 quidquam
1226 4117 1344 4188 intelligi
1359 4116 1507 4182 credimus,
1520 4132 1602 4196 quarn
1618 4117 1786 4189 simpliciter

983 4137 1116 4259 Virgines,
1129 4203 1196 4259 quas
1205 4193 1313 4241 constat
1328 4189 1361 4241 ab
1376 4185 1385 4239 i
1406 4203 1436 4241 so
1451 4185 1657 4241 Christianismi
1668 4187 1786 4244 exordio

983 4258 1154 4316 castimoniae
1164 4273 1220 4311 suae
1232 4202 1481 4312 nitoreEcciesiam
1492 4254 1608 4310 mirifice
1619 4269 1783 4332 exornasse;

983 4338 1014 4386 ut
1034 4336 1177 4400 propterea
1200 4326 1234 4382 ad
1254 4326 1387 4381 Ascetnio
1408 4331 1436 4379 et
1452 4325 1587 4403 Gynaecon,
1612 4323 1686 4395 quod
1715 4333 1786 4380 esset

983 4400 1075 4456 dicere
1104 4397 1358 4454 sanctimonialium
1383 4400 1560 4461 monasteria,
1585 4393 1784 4449 recurrendum

984 4470 1098 4527 omniuo
1113 4484 1169 4524 non
1184 4467 1230 4522 sit.
1245 4467 1328 4522 Nullo
1344 4465 1425 4520 modo
1459 4463 1584 4519 ersuadet
1594 4464 1784 4519 Florentinius

984 4557 1019 4596 ex
1031 4540 1161 4607 Eusebi0,
1179 4537 1227 4592 lib.
1242 4554 1272 4603 tt,
1291 4553 1350 4607 cap.
1369 4536 1411 4590 ll.
1435 4482 1620 4616 {hempeutas
1633 4540 1660 4588 et
1675 4532 1784 4588 Thera-

984 4611 1108 4683 peutrias
1121 4607 1247 4665 Philonis
1261 4606 1445 4673 describente,
1461 4603 1550 4672 nullo,
1566 4603 1784 4686 inquam-'modo

985 4681 1129 4754 persuadet
1143 4679 1187 4735 vir
1198 4678 1385 4745 doctissimus,
1410 4684 1474 4732 ante
1491 4682 1615 4749 tempora
1629 4677 1706 4732 Decu
1727 4692 1785 4730 tm-

985 4751 1119 4824 peratoris
1131 4748 1355 4807 sanctimoniales
1368 4747 1492 4820 virgines
1507 4746 1689 4816 Christianae,
1711 4747 1784 4828 votis

984 4830 1012 4878 et
1025 4825 1144 4880 claustro
1159 4821 1313 4887 obstrictas,
1328 4821 1359 4876 iu
1373 4819 1497 4876 Ecclesia
1510 4819 1663 4876 exstitisse.
1681 4818 1722 4874 Ne
1738 4817 1785 4875 hic

985 4895 1096 4966 longam
1122 4893 1349 4965 disceptationem
1380 4890 1529 4962 ingrediar,
1563 4890 1648 4946 verbo
1674 4888 1784 4944 dicam:

1005 4965 1178 5038 trandiuquis
1187 4963 1331 5019 manifeste
1341 4977 1397 5018 nou
1407 4961 1523 5018 evicerit
1532 4960 1711 5016 Philonianos
1721 4957 1786 5037 illos

985 4982 1169 5108 increpantes
1179 5044 1206 5091 et
1216 5033 1430 5106 Therapeutrias
1440 5030 1677 5110 terechristianos
1687 5027 1784 5094 inisse,

985 5107 1082 5163 tandiu
1095 5106 1226 5163 asceteria
1241 5112 1268 5160 et
1282 5119 1410 5178 gynaecea
1425 5111 1488 5158 ante
1505 5102 1582 5156 Decri
1598 5108 1731 5169 tempora,
1755 5103 1786 5153 ut

986 5178 1135 5233 minimum
1150 5175 1333 5232 incertissima
1345 5171 1507 5229 manebunt.
1528 5171 1649 5249 Conatus
1663 5184 1786 5248 nuperus

199 5244 352 5306 Virginibus
364 5247 534 5309 «quadraginta
549 5249 590 5298 tnc
608 5248 725 5310 splendet
740 5264 852 5314 quoquo,
866 5249 930 5300 caelo
947 5253 972 5310 D
986 5246 1167 5304 eruditissimi
1182 5245 1392 5302 Montefalconis
1411 5241 1478 5298 satis
1492 5256 1603 5297 eversus
1623 5238 1733 5293 vrdetur
1755 5255 1784 5294 tn

989 5313 1485 5390 EphemeridibusTrevoltiauisauni
1495 5309 1783 5390 unccx113apag.929.

990 5390 1053 5445 Hac
1074 5387 1164 5443 obiter
1179 5386 1340 5442 dictasint:
1366 5384 1445 5456 plura
1466 5382 1500 5438 de
1515 5381 1559 5436 his
1576 5380 1682 5460 pridem
1697 5379 1785 5459 solido

990 5458 1141 5530 disputavit
1149 5456 1280 5512 emeritus
1288 5470 1373 5510 senex
1382 5459 1475 5508 noster
1484 5450 1785 5523 Papebrochrus,cu1us

990 5529 1189 5602 llespousioues
1214 5525 1339 5581 omnium
1369 5523 1497 5578 manibus
1515 5529 1652 5578 teruntur.
1681 5521 1724 5577 Ad
1748 5537 1784 5576 xr.

989 5602 1110 5671 virgines
1123 5599 1214 5665 redeo,
1228 5612 1288 5669 quae
1303 5595 1405 5721 absque
1419 5601 1484 5650 nota
1494 5592 1626 5675 temporis
1640 5591 1674 5674 ab
1689 5593 1785 5649 Hiero·
1883 5626 1885 5630 ,

988 5670 1129 5744 nymianis
1142 5669 1265 5740 signate,
1281 5665 1315 5722 ab
1330 5666 1355 5721 A
1375 5680 1437 5732 one,
1461 5680 1555 5723 nescio
1569 5680 1605 5721 an
1619 5670 1686 5720 satis
1699 5671 1785 5731 certo,

989 5742 1036 5798 sub
1061 5740 1182 5797 Deciano
1208 5735 1385 5810 persecutione
1409 5735 1570 5807 martyrium
1594 5751 1787 5792 οοοοκοιπιοοει
