3834 6136
130 237 203 296 rosh

873 227 1045 289 cauchas.

1718 234 1786 292 11100

127 390 271 465 episcopo,
286 384 321 443 ad
339 383 418 457 cuius
441 381 599 458 parochiam
614 382 764 458 pertinent,
785 383 931 441 solvantur
943 387 969 447 Α
982 390 1084 451 terum,
1094 397 1128 439 ac
1142 380 1262 440 solidos:
1279 383 1328 455 qui
1346 381 1516 456 episcopum,
1534 401 1633 444 acccc:
1658 385 1706 459 qai
1721 403 1786 445 mo-
1855 468 1860 473 ⁵

128 477 285 539 monadum
299 473 454 548 capitulare
468 474 581 548 gloriosi
591 473 682 533 Caroli
692 473 826 545 genitoris
837 473 934 543 nostri,

128 571 170 629 ita
185 564 318 624 videlicet
336 571 367 621 ut
391 562 566 620 medietatem
581 561 704 634 wirgildi
718 561 778 634 eius
792 563 936 635 episcopus

128 654 302 718 utilitatibus
315 653 438 711 ecclesia
453 653 498 711 001
518 651 631 726 prefuit
648 651 764 722 tribnat,
780 660 807 710 et
821 654 934 709 alteram

128 745 310 807 medietatem
322 743 352 801 in
361 742 536 816 eleemosyna
546 742 623 799 illius
629 739 705 813 juste
714 741 862 815 dispenset,
871 741 936 816 quia

128 838 227 896 nullus
242 833 323 892 nohis
332 832 393 906 ejus
404 833 490 891 haeres
500 832 654 907 proximior
663 831 784 902 videtur,
795 849 876 907 quam
887 833 934 890 ille

129 927 179 1003 qui
192 927 282 1001 ipsum
292 921 412 981 Domino
424 923 550 980 sociavit.

130 1035 199 1095 (lan.
216 1033 252 1091 11.
266 1031 306 1089 Dc
320 1030 469 1088 homicidiis
480 1031 509 1087 ia
521 1032 633 1088 ecclesiis
647 1035 686 1091 cel
700 1032 729 1088 in
751 1031 830 1090 atriis
843 1049 934 1089 earnm

446 1104 617 1176 perpetratis.

372 1193 417 1250 Ex
432 1191 538 1263 0011010,
559 1209 619 1268 cap.
632 1192 695 1253 110.

166 1287 219 1361 (av,
237 1285 292 1358 13.)
308 1285 337 1343 Si
352 1285 414 1360 quis
428 1292 476 1343 aut
485 1301 520 1341 cx
530 1285 585 1342 levi
599 1301 691 1355 musa,
707 1293 754 1344 sut
767 1287 827 1344 sine
841 1301 932 1357 causa,

128 1376 274 1435 hominem
290 1375 462 1433 interfecerit
477 1375 506 1432 in
520 1375 645 1444 ecclesia,
656 1375 691 1432 de
703 1375 761 1433 vita
775 1385 932 1450 componat.

129 1467 159 1525 Si
169 1483 237 1524 vero
251 1464 319 1522 foris
328 1463 413 1521 rixati
426 1463 541 1533 fuerint,
553 1473 582 1522 et
591 1481 664 1522 uuus
674 1465 790 1523 alteram
805 1465 834 1523 in
848 1466 935 1524 eccle·

127 1558 199 1615 siam
212 1553 324 1628 fugerit,
346 1562 373 1610 et
387 1552 427 1611 ihi
442 1569 471 1610 so
485 1553 659 1611 defendendo
673 1571 736 1612 eum
751 1555 931 1625 interfecerit,

127 1646 153 1704 si
170 1642 255 1717 hujus
271 1643 337 1701 fecti
352 1650 437 1701 testes
460 1658 517 1700 non
541 1642 679 1713 hahuerit,
699 1661 762 1702 cum
785 1644 932 1702 duodecim

126 1734 354 1809 cossiuretorihus
368 1732 510 1805 legitimis,
529 1750 577 1806 per
594 1743 797 1793 sacramentum
816 1736 969 1815 afiirrnetp
1024 1701 1064 1774 (γ’

127 1844 158 1886 se
175 1824 349 1884 defendendo
371 1839 433 1882 eam
449 1823 641 1884 interfecisse:
657 1835 686 1884 et
700 1827 821 1899 posthac
835 1845 870 1885 nc
884 1845 934 1886 so-

128 1916 204 1977 lidos
217 1915 253 1974 ad
268 1922 373 1989 partem
396 1912 521 1970 ecclesiae
534 1929 616 1987 quam
638 1915 688 1970 illo
702 1914 854 1973 homicidio
868 1918 934 1990 pcl-

127 2007 229 2075 luerat,
240 2012 268 2063 et
277 2004 390 2077 insuper
403 2002 526 2059 bannum
538 2010 666 2060 nostrum
677 2005 784 2062 solvere
795 2013 909 2078 cogatur
925 2023 931 2063 :

126 2096 153 2153 is
167 2110 236 2153 aero
250 2094 299 2167 qui
318 2092 481 2150 interfectus
496 2100 538 2149 est
556 2091 658 2166 ahsque
672 2094 873 2168 compositione
885 2093 934 2166 ja-

125 2196 202 2257 ceat,
217 2204 250 2246 ac
262 2185 362 2244 deinde
372 2186 533 2243 interfector
543 2185 694 2243 secundum
706 2185 843 2258 judicium
853 2203 933 2244 cano·

131 2278 230 2336 uicum
250 2291 399 2349 congruam
419 2275 551 2334 facinoris
575 2274 649 2348 quod
669 2273 792 2343 admisit,
816 2274 934 2347 accipiat

133 2365 337 2441 paenitentiam.
353 2364 381 2421 Si
392 2381 489 2422 servus
504 2364 558 2422 hoc
569 2363 723 2432 admiserit,
735 2363 842 2436 judicio
856 2381 933 2438 aquae

130 2454 266 2513 ferventis
278 2454 462 2525 examinetur,
478 2461 572 2511 utrum
587 2454 640 2512 hoc
662 2462 768 2527 sponte,
785 2470 821 2512 an
839 2470 868 2511 se
880 2453 934 2510 de-

131 2541 274 2602 fendendo
290 2542 366 2614 fecit,
377 2551 404 2600 et
414 2544 437 2600 si
449 2559 548 2601 manus
557 2542 617 2615 ejus
629 2550 727 2600 exusta
742 2540 836 2612 fuerit,
851 2543 933 2600 inter·

132 2632 245 2692 ficiatur
260 2651 266 2689 :
282 2633 305 2690 si
320 2643 411 2691 autem
431 2649 486 2689 non
508 2633 602 2701 fuerit,
618 2631 748 2689 dominus
765 2631 842 2688 illius
852 2629 935 2704 justa

128 2725 207 2799 quod
219 2722 364 2797 wirgildus
376 2723 453 2782 illius
462 2730 504 2780 est
515 2723 551 2781 ad
565 2722 709 2782 ecclesiam
724 2723 871 2796 persolvat,
888 2730 935 2780 aut

127 2830 193 2872 eum
209 2815 232 2873 si
247 2813 368 2873 voluerit
381 2813 471 2872 eidem
486 2813 608 2872 ecclesie
627 2813 727 2871 tradat.
748 2814 788 2870 00
801 2811 934 2869 ecclesia-

132 2903 218 2974 stico,
233 2913 260 2962 et
273 2903 408 2973 fiscalino,
424 2912 451 2960 et
463 2902 640 2960 beneficiario
654 2919 745 2970 servo,
760 2902 889 2958 volumus
904 2908 934 2957 ut

130 3010 183 3068 pro
194 3010 249 3052 una
258 2994 319 3053 vice
328 2994 475 3067 wirgildus
485 2992 544 3066 ejus
554 3008 643 3066 proco
652 2991 935 3065 componatur,altcra

128 3085 193 3142 vice
207 3082 264 3157 ipse
278 3100 375 3143 servus
390 3084 424 3141 ad
448 3082 616 3156 supplicium
636 3081 770 3150 tradatur,
789 3079 971 3179 haereditasc

129 3181 223 3229 100100
243 3172 324 3229 liberi
344 3171 476 3239 hominis,
501 3170 550 3244 qui
573 3178 684 3243 propter
704 3171 758 3225 tale
777 3169 886 3226 facinus
897 3168 932 3226 ad

133 3268 251 3318 mortem
266 3261 351 3320 faerit
363 3260 515 3334 judicatus,
529 3260 563 3317 ad
575 3259 714 3334 legitimos
724 3257 846 3314 haeredes
857 3257 933 3314 illius

130 3351 284 3424 perveniat.
296 3350 324 3407 Si
341 3350 369 3407 in
384 3350 455 3407 atrio
477 3350 611 3416 ecclesie,
624 3347 704 3420 cuius
719 3354 797 3420 porta
809 3347 934 3420 reliquiis

127 3452 287 3502 sanctorum
306 3448 465 3501 consecrata
479 3449 529 3509 est,
545 3439 738 3513 hujuscemodi
751 3438 932 3498 homicidium

127 3540 316 3606 perpetratum
331 3530 425 3596 fuerit,
441 3527 526 3584 simili
542 3527 623 3585 modo
633 3527 845 3586 emendeturrel
860 3546 932 3586 com·

127 3628 259 3695 ponatur.
275 3618 304 3674 Si
317 3633 384 3672 vero
399 3623 478 3689 porta
492 3615 614 3673 ecclesias
633 3631 689 3673 000
704 3625 746 3673 est
765 3625 931 3687 consecrata,

125 3726 162 3767 eo
176 3706 264 3764 modo
278 3711 460 3777 componatur
469 3704 543 3778 quod
557 3704 585 3760 in
596 3704 668 3762 atrio
676 3706 871 3776 committitur,
882 3708 932 3763 sic·

125 3806 160 3856 ut
174 3795 305 3870 componi
321 3792 402 3851 dehet
414 3793 489 3867 quod
512 3793 664 3853 emunitate
683 3795 787 3853 violata
799 3796 934 3856 commit-

126 3887 210 3945 titur,

166 3982 234 4041 cin.
247 3982 293 4040 111.
305 3982 345 4038 De
357 3980 466 4064 homine¹
472 3980 606 4123 grtuhpcatgn
616 3980 798 4055 paenitentiam
810 3989 899 4056 agente

455 4070 485 4107 nr
497 4069 528 4108 er
541 4069 568 4108 ec
598 4094 604 4107 .

370 4143 414 4199 Ex
431 4140 539 4210 eodem,
556 4157 615 4214 cap.
632 4139 695 4198 23d.

168 4245 208 4309 (v,
239 4239 296 4311 18.)
324 4237 378 4306 001
405 4237 548 4294 hominem
576 4236 716 4311 publicam
743 4236 933 4311 paenitentiam

129 4338 254 4406 agentem
283 4329 464 4399 interfecerit,
492 4330 615 4387 hennum
652 4337 778 4388 nostrum
805 4331 836 4388 in
850 4331 934 4408 triplo

131 4431 288 4496 componat,
304 4431 332 4481 et
344 4422 503 4496 wirgildum
519 4420 656 4494 proximis
675 4419 735 4493 ejus
749 4423 896 4496 persolvat.

255 4531 321 4591 011.
338 4531 386 4589 IV.
401 4530 441 4586 De
457 4527 606 4586 homicidiis
627 4527 804 4601 prohibendis.

377 4619 421 4675 Ex
435 4618 542 4685 eodem,
557 4632 617 4690 cap.
631 4616 693 4674 236.

168 4710 221 4779 (av,
235 4707 296 4779 20.)
312 4706 476 4780 Quicunque
491 4704 632 4763 hominem
647 4714 694 4762 ant
713 4722 747 4762 ex
767 4706 822 4764 levi
843 4723 933 4776 causa,

130 4810 180 4859 aut
194 4801 253 4858 sine
274 4816 357 4858 causa
375 4796 555 4866 interfecerit,
580 4795 740 4871 wirgildum
760 4797 819 4871 ejus
841 4798 876 4856 iis
900 4799 935 4857 ad

130 4904 202 4965 quos
224 4889 273 4946 ille
297 4888 425 4960 pertinet,
447 4891 596 4960 componat
623 4904 628 4943 :
651 4886 710 4960 ipse
735 4904 801 4945 vero
825 4897 936 4962 propter

131 4980 215 5036 talem
230 4979 472 5052 presumptionem
484 4978 514 5034 in
524 4976 653 5034 exsilium
666 4977 792 5034 mittatur
801 4978 836 5035 ad
851 4994 935 5052 quan·

130 5073 190 5123 tum
215 5074 325 5143 tempus
348 5066 429 5124 nobis
450 5065 594 5142 placuerit,
617 5071 773 5121 1011111100
795 5082 859 5123 suas
879 5083 933 5124 nou

128 5155 252 5214 amittet.

166 5258 234 5318 Car.
253 5262 288 5320 V.
304 5263 344 5321 De
356 5262 483 5320 ocrisiam
497 5261 665 5329 clericerum,
686 5265 711 5316 et
725 5258 898 5328 sacerdotum,

390 5341 469 5408 atque
482 5333 678 5390 monacharum.

373 5422 417 5479 Ex
433 5420 539 5489 codem,
557 5435 615 5492 cap.
633 5416 695 5476 101.

171 5509 227 5578 (01,
244 5508 303 5581 211.)
323 5508 377 5577 Qui
392 5509 592 5566 subdiaconum
606 5507 750 5577 occiderit,
769 5523 817 5565 ccc
832 5506 936 5566 solidos

130 5605 280 5670 componat
296 5614 302 5654 :
319 5598 367 5671 qui
381 5599 540 5666 diaconum,
555 5613 618 5652 cccc
629 5595 733 5655 solidos
745 5613 751 5653 :
763 5596 811 5670 qui
821 5596 933 5670 preshy-

990 468 1120 540 nachum,
1136 486 1212 528 cccc.
1228 469 1332 529 solidos
1345 471 1492 546 culpabilis
1500 472 1652 546 judicetur.

1025 590 1091 649 Car.
1107 590 1155 648 Vl.
1170 593 1209 648 De
1225 610 1254 648 eo
1267 595 1314 664 qai
1335 596 1476 666 propriam
1502 593 1613 665 reliquit
1625 611 1748 661 ueorsm,

1095 664 1136 721 nei
1149 663 1206 721 sine
1223 666 1301 736 calpa
1316 665 1448 738 interficit,
1465 671 1488 723 et
1500 666 1585 724 aliam
1598 667 1679 727 ducit.

1224 752 1268 809 Er
1285 753 1391 822 eodeni,
1409 769 1468 826 cap.
1486 754 1548 812 300.

1025 859 1066 930 (v,
1089 859 1162 930 110.)
1178 858 1352 934 Quicunque,
1367 864 1478 934 propria
1488 839 1728 935 nrore'derelicta,
1743 868 1787 923 vel

988 948 1050 1003 sine
1062 949 1143 1021 culpa
1153 949 1307 1020 interfecta,
1323 951 1406 1008 aliam
1420 951 1542 1022 1111110111,
1559 952 1643 1009 armis
1656 952 1789 1026 depositis

988 1046 1127 1119 publicam
1141 1055 1203 1121 agat
1213 1049 1423 1121 penitentiam:
1439 1058 1466 1107 01
1480 1049 1503 1107 si
1520 1058 1671 1108 contumax
1693 1049 1787 1119 fuerit,

987 1135 1237 1209 comprehendatur
1251 1155 1267 1195 a
1280 1139 1394 1208 comite,
1409 1147 1437 1196 et
1449 1141 1522 1196 ferro
1536 1137 1685 1208 vinciatur,
1710 1145 1739 1196 et
1758 1137 1789 1197 in

987 1229 1141 1374 cusitodism
1152 1229 1289 1300 mittatur,
1309 1229 1397 1290 donec
1418 1249 1461 1289 res
1474 1230 1507 1290 ad
1523 1239 1645 1290 nostram
1660 1230 1787 1289 notitiam

987 1317 1021 1375 de
1042 1325 1150 1376 ocatur.

1041 1433 1107 1493 Car.
1123 1435 1183 1493 Vll.
1203 1436 1236 1493 111
1251 1452 1305 1490 11011
1315 1436 1349 1490 111
1359 1436 1497 1507 sangoinis
1519 1437 1734 1494 Christianarum

1260 1508 1400 1564 temeraria
1414 1509 1516 1580 effusio.

1217 1595 1262 1651 Ex
1288 1595 1395 1666 eodem,
1419 1613 1479 1670 cap.
1506 1596 1569 1655 331.

1080 1701 1152 1774 180.)
1169 1701 1305 1760 Volumus
1332 1712 1414 1776 atque
1437 1703 1614 1778 precipimus
1628 1713 1722 1762 nostra
1735 1721 1789 1763 su-

987 1794 1115 1852 ctoritate
1129 1792 1288 1851 denuntiari
1303 1795 1442 1865 omnihus,
1462 1796 1518 1853 imo
1528 1805 1555 1854 et
1569 1813 1586 1853 a
1602 1796 1790 1855 sacerdotibus

988 1882 1140 1957 predicari,
1158 1899 1192 1940 ne
1208 1891 1263 1949 tam
1275 1886 1419 1941 temeraria
1437 1885 1659 1945 Christianorum
1672 1888 1790 1960 sangui-

987 1971 1032 2029 nis
1055 1970 1152 2028 effusio
1178 1972 1209 2028 in
1231 1988 1315 2045 regno
1338 1979 1433 2030 nostro
1456 1973 1516 2033 fieri
1532 1975 1657 2043 sinatur;
1684 1991 1791 2048 sempor

987 2060 1058 2118 illud
1067 2061 1240 2118 attendentes
1256 2060 1330 2135 quod
1340 2063 1477 2119 Dominus
1490 2071 1552 2136 post
1567 2062 1792 2123 diluviumdirit

988 2149 1092 2206 famulo
1105 2167 1156 2207 suo
1170 2151 1245 2208 Noe:
1262 2151 1300 2207 De
1313 2169 1396 2209 mana
1411 2154 1534 2224 hominis,
1549 2160 1573 2210 et
1587 2154 1619 2211 de
1631 2171 1714 2211 mana
1737 2154 1792 2212 ciri

987 2243 1012 2295 et
1024 2238 1123 2311 fratris
1149 2239 1215 2310 0101,
1244 2241 1382 2311 requiram
1409 2244 1528 2298 animam
1547 2242 1614 2313 eius.
1638 2243 1791 2316 Quicunque

987 2328 1109 2398 effuderit
1122 2329 1265 2385 humanum
1295 2330 1460 2403 sanguinem,
1487 2331 1616 2402 fundetur
1628 2331 1737 2404 sanguis
1757 2331 1790 2389 il-

989 2419 1051 2486 lius,
1070 2417 1106 2475 ad
1121 2417 1260 2491 imaginem
1282 2419 1379 2492 qnippe
1401 2420 1452 2476 Dei
1469 2420 1556 2492 factus
1571 2425 1608 2477 est
1621 2421 1697 2477 homo
1709 2420 1788 2493 (Gen,

988 2507 1042 2577 rx).
1067 2507 1104 2563 Et
1117 2507 1146 2563 in
1167 2506 1243 2580 lege:
1263 2508 1314 2576 Qui
1341 2509 1465 2565 acciderit
1488 2510 1617 2567 hominem
1631 2515 1790 2567 1110110110-

988 2596 1078 2651 riatur
1089 2595 1183 2665 1101111.
1195 2595 1287 2668 xxiv).
1302 2596 1503 2669 Etrlpostolus:
1516 2599 1585 2656 Nam
1594 2599 1789 2671 principesnca

988 2692 1050 2742 sent
1069 2685 1159 2742 timori
1173 2685 1234 2742 honi
1247 2686 1346 2760 operis,
1366 2687 1412 2743 sed
1426 2687 1502 2745 mali.
1519 2688 1561 2746 Vis
1571 2695 1660 2744 0010111
1682 2705 1736 2745 noa
1750 2687 1790 2744 ti·

988 2790 1058 2830 mers
1070 2777 1245 2847 pehstsstemf
1272 2775 1368 2832 honam
1390 2776 1447 2849 fac,
1469 2783 1494 2833 et
1516 2777 1621 2835 hahshis
1636 2776 1740 2834 laudem
1758 2794 1791 2834 ee

989 2863 1048 2920 1110.
1060 2864 1111 2921 Dei
1128 2865 1197 2921 enim
1210 2865 1331 2920 minister
1344 2871 1382 2920 est
1398 2864 1444 2921 tihi
1459 2864 1487 2920 in
1502 2864 1579 2922 bono.
1598 2865 1628 2923 Si
1640 2872 1726 2923 autem
1735 2883 1790 2923 nac·

991 2952 1045 3007 iam
1055 2953 1158 3024 feceris,
1178 2953 1247 3023 time,
1258 2970 1312 3008 aon
1321 2953 1391 3010 enim
1403 2954 1459 3010 sine
1468 2971 1549 3011 caasa
1557 2955 1677 3026 gladium
1688 2961 1789 3026 portat.

991 3040 1038 3099 Dei
1056 3041 1125 3097 enim
1140 3043 1260 3099 rninister
1283 3049 1330 3110 esf,
1345 3042 1443 3100 vindex
1457 3043 1569 3099 inirem
1592 3044 1616 3099 ei
1629 3044 1676 3114 gui
1689 3046 1791 3101 malum

985 3129 1041 3200 agit
1053 3131 1144 3201 (llam.
1160 3131 1222 3201 11).
1235 3131 1274 3186 De
1282 3128 1677 3204 illoenimspecialilerdivina
1689 3140 1790 3190 aucto-

988 3219 1055 3275 ritas
1066 3217 1153 3277 dicit:
1181 3219 1307 3276 Gladium
1321 3219 1369 3276 Der
1383 3225 1474 3291 portat
1487 3219 1524 3276 011
1541 3219 1686 3276 uindictam
1700 3221 1784 3278 mafo-

987 3322 1128 3377 11111οο0
1141 3294 1310 3380 dcquolihet
1324 3307 1390 3364 alio.
1415 3309 1536 3366 licentra
1564 3324 1630 3364 vero
1652 3309 1791 3368 nescimus

988 3415 1041 3472 qua
1056 3396 1217 3454 inventione
1229 3412 1245 3452 a
1259 3395 1403 3453 nonnullis
1415 3405 1578 3470 usurpatum
1591 3405 1642 3468 est,
1656 3405 1686 3454 ut
1699 3398 1729 3454 hi
1742 3399 1790 3473 qui

989 3485 1065 3541 nullo
1078 3484 1352 3559 ministeriopublico
1362 3485 1526 3555 fulciuntur,
1538 3493 1706 3560 proptersua
1715 3485 1789 3558 odia,

988 3584 1015 3632 01
1029 3575 1231 3633 diversissimas
1244 3576 1403 3633 voluntates
1416 3575 1559 3650 pessimas,
1570 3576 1787 3635 indebitumsihi

994 3664 1154 3738 usurparint
1167 3664 1196 3721 in
1211 3664 1386 3723 vindicandis
1401 3664 1536 3739 proximis
1551 3672 1579 3720 et
1594 3664 1791 3724 interficiendis

989 3753 1150 3812 hominihus
1159 3755 1290 3813 vindicte
1298 3754 1495 3812 ministerium.
1504 3755 1539 3811 m
1550 3755 1682 3828 quodrea
1695 3756 1790 3814 saltem

989 3845 1017 3901 in
1038 3862 1093 3905 uno
1106 3863 1234 3906 exercere
1255 3846 1387 3904 debuerat
1400 3856 1510 3920 propter
1532 3855 1666 3904 terrorem
1683 3847 1791 3905 multo-

989 3951 1062 4005 rum,
1082 3936 1135 4009 ipsi
1149 3937 1325 4010 impudenter
1339 3936 1368 3994 in
1382 3937 1478 3994 multis
1492 3943 1647 4011 perpetrare
1665 3952 1721 3993 non
1737 3952 1790 3993 me·

988 4031 1191 4100 tuuntpropter
1206 4027 1320 4084 odium:
1337 4035 1365 4083 et
1380 4036 1478 4100 putant
1492 4026 1545 4084 sihi
1561 4027 1644 4085 licere
1654 4025 1792 4084 ohinimi·

989 4114 1118 4171 citiarum
1130 4114 1277 4184 vindictas,
1289 4115 1363 4189 quod
1373 4119 1473 4173 nolunt
1482 4125 1514 4174 ut
1525 4134 1574 4175 rex
1583 4117 1667 4174 faciat
1681 4124 1793 4192 propter

989 4204 1039 4261 Dei
1054 4203 1218 4261 vindictam.

990 4322 1055 4380 Car.
1070 4321 1144 4380 Vlll.
1159 4320 1198 4377 De
1211 4337 1240 4376 ec
1254 4318 1301 4391 qai
1317 4316 1441 4374 acciderit
1461 4318 1594 4387 clericam,
1619 4326 1667 4375 ant
1694 4337 1792 4376 anona-

1201 4393 1329 4459 01011,οῑ
1343 4405 1422 4447 arnna
1436 4389 1580 4460 relinquat.

1234 4481 1278 4537 Ex
1292 4477 1341 4536 lib.
1357 4495 1397 4549 vr,
1413 4492 1473 4551 cap.
1494 4478 1539 4536 90.

1026 4594 1035 4662 (
1040 4608 1078 4661 vr,
1092 4589 1150 4664 00.)
1166 4589 1219 4659 Qui
1233 4587 1365 4647 occiderit
1390 4588 1556 4647 monachum
1583 4595 1631 4645 aut
1644 4589 1789 4659 clericum,

987 4698 1063 4738 arnra
1078 4680 1225 4755 relinquat,
1239 4688 1267 4737 et
1277 4682 1334 4737 Deo
1344 4679 1374 4735 in
1387 4678 1555 4737 monasterio
1569 4677 1672 4736 serviat
1682 4680 1793 4738 cunctis

988 4767 1163 4829 diebusvitae
1182 4786 1248 4840 suar,
1264 4784 1406 4845 nunquam
1419 4768 1454 4826 ad
1472 4768 1603 4828 saeculum
1619 4783 1789 4830 reversurus,

988 4866 1015 4915 et
1042 4867 1145 4934 septem
1169 4875 1305 4916 annorum
1332 4859 1421 4934 spatio
1442 4859 1582 4933 publicam
1598 4857 1790 4933 paenitentiam

989 4957 1076 5021 gerat.

989 5064 1053 5121 Cer.
1070 5065 1119 5121 IX.
1135 5064 1175 5121 De
1188 5064 1366 5121 sacerdotibus
1389 5071 1414 5121 et
1438 5064 1523 5120 fecitis
1548 5067 1626 5133 atque
1656 5059 1791 5116 1110001111

1202 5136 1346 5207 interfectis
1367 5138 1407 5192 cel
1420 5133 1574 5190 debilitatis.

1239 5229 1282 5284 Er
1293 5227 1401 5294 eodem,
1416 5241 1476 5299 cap.
1494 5225 1540 5285 98.

1025 5336 1077 5405 (vr,
1092 5334 1152 5403 07.)
1166 5306 1195 5391 Si
1210 5333 1272 5406 quis
1281 5332 1460 5401 sacerdotem,
1477 5332 1521 5388 vel
1535 5330 1657 5399 feritam,
1671 5337 1719 5387 aut
1734 5344 1789 5386 mc·

990 5421 1107 5480 nochum
1124 5421 1306 5490 interfecerit,
1321 5422 1364 5479 vel
1377 5420 1578 5490 debilitaverit,
1593 5419 1675 5493 J'urta
1688 5426 1790 5476 statuta

989 5511 1113 5585 priorum
1125 5511 1322 5583 capitulorum,
1343 5527 1403 5584 quae
1420 5511 1472 5582 legi
1488 5508 1584 5567 Salices
1604 5516 1668 5566 sunt
1684 5507 1787 5576 addita,

988 5606 1145 5672 componat,
1160 5605 1188 5654 et
1202 5597 1314 5670 insuper
1335 5596 1456 5653 bannum
1472 5602 1607 5665 riostrum,
1629 5594 1658 5651 id
1679 5601 1722 5651 est
1733 5611 1789 5650 arx
