3834 6136
123 269 175 329 883

641 249 770 316 cenom
789 247 897 310 catut
916 244 1132 309 theutonum
1151 244 1255 306 REGIS

1721 231 1775 291 set

124 429 196 487 male
209 425 296 484 locuti
305 438 410 491 sumus,
426 417 617 478 testimonium
633 413 774 489 perhibete
788 413 821 470 de
836 412 919 481 malo,
933 412 959 475 A
972 409 1093 479 terii,vel
1103 409 1284 482 episcopatus,
1294 403 1408 463 mortali
1417 397 1670 462 eriminedixerint
1680 411 1776 454 seesse

125 519 148 577 si
159 524 249 574 autem
263 512 341 579 bene,
353 509 510 585 quidnobis
520 504 709 566 succencetis?
719 501 857 575 Scriptum
867 510 918 570 est,

125 605 262 666 abranam
278 602 343 659 licet
353 607 489 668 sanctum,
504 605 535 654 ut
549 614 565 652 a
578 598 636 653 Deo
651 592 853 650 sanctificatum
867 590 924 646 ho·

125 695 238 762 minem,
255 699 347 748 tarrten
363 689 452 745 eidem
467 689 523 744 Deo
548 684 661 752 dixisse,
682 684 754 739 Num
765 680 858 751 perdes
871 677 925 747 ju-

125 790 193 841 stum
208 799 266 837 cent
280 779 385 851 impio?
399 793 452 832 non
470 783 506 830 est
518 777 565 831 hoc
580 782 665 838 tener,
680 771 727 842 qui
737 769 845 840 jotticos
863 781 924 820 om-

125 880 288 929 aemterram
297 869 374 941 (Ger.
385 866 479 936 rrvrn),
492 875 518 921 et
528 880 585 921 non
596 863 701 935 ingrate
712 861 764 918 hoe
774 859 925 915 Dominum

126 963 286 1036 suscepisse.
304 961 339 1017 Et
358 974 409 1014 nos
422 956 548 1029 arguitis,
564 954 695 1028 quoniam
710 951 811 1007 humili
827 950 925 1023 placa·

125 1056 201 1112 tione
216 1053 296 1110 vobis
310 1050 495 1122 suggessimus
505 1062 561 1102 non
572 1061 630 1101 esse
641 1053 773 1110 vestrum,
789 1057 845 1097 non
855 1055 926 1097 con-

126 1145 207 1212 fesso,
232 1159 284 1198 nec
305 1140 429 1213 legaliter
451 1155 481 1194 ac
507 1137 669 1209 regulariter
689 1133 827 1200 convicto,
852 1129 927 1201 regia

126 1233 209 1290 ctiam
225 1237 358 1305 potestate
380 1229 467 1302 gratia
491 1227 542 1283 Dei
557 1225 681 1299 praedito,
697 1224 764 1279 talia
778 1222 850 1278 sicut
863 1220 927 1292 ple-

126 1330 189 1387 beio
204 1329 278 1385 etde
298 1324 461 1384 criminibus
478 1325 632 1390 confutato,
658 1315 805 1377 scribendo
821 1315 927 1388 impin-

128 1419 216 1492 gere?
240 1417 367 1484 scientes,
388 1431 469 1487 qoam
494 1428 575 1485 grave
599 1410 635 1467 sit
651 1407 740 1472 fratri,
757 1403 831 1478 quod
848 1402 928 1460 nobis

27 1538 30 1547 ·
129 1508 256 1582 impactis
272 1507 363 1564 rninus
379 1513 429 1573 est,
444 1503 536 1560 dicere
546 1503 619 1557 fatue
629 1497 734 1570 (Mutii.
748 1496 790 1566 v),
801 1493 928 1565 nullique

129 1595 344 1660 detrahendum,
355 1594 399 1649 vel
412 1600 508 1649 eontra
518 1591 559 1647 fas
570 1584 802 1650 maledicendum,
815 1580 929 1638 minime

129 1697 220 1744 autem
244 1686 313 1758 regi,
338 1691 369 1738 nt
394 1682 544 1754 apostolica
569 1676 706 1743 doctrina,
732 1680 815 1744 atque
841 1667 929 1726 sancti

978 487 1769 576 pollutos,asupradietisordinationibussubmovendos·

978 591 1013 647 Et
1028 606 1089 659 nos,
1100 589 1123 644 si
1134 588 1167 644 ad
1175 588 1242 644 talia
1253 587 1332 643 nobis
1343 585 1462 657 impacta
1470 579 1589 638 tacendo
1601 575 1778 636 consentire-

979 674 1366 748 mus,nonsolumaregimine
1376 673 1460 746 regio,
1469 675 1625 727 verumeta
1634 663 1777 724 catholico

978 766 1109 824 Ecclesiae
1136 764 1332 822 communione
1354 777 1405 818 nos
1431 762 1504 833 ipsos
1528 763 1776 832 sequestraremus.

979 856 1039 913 Non
1055 855 1139 930 igitur
1161 855 1227 911 talia
1250 854 1331 910 nobis
1350 859 1477 925 exparte
1491 848 1564 906 sedis
1579 844 1741 920 apostolice
1754 851 1780 902 et

980 946 1093 1002 nomine
1112 953 1205 1003 vestro
1226 945 1338 1017 scripta,
1363 950 1455 999 mente
1469 940 1556 998 alacri
1578 937 1734 1011 percipere,
1754 945 1780 992 et

980 1036 1072 1091 anime
1096 1044 1172 1108 grato
1192 1033 1335 1106 amplecti,
1350 1040 1378 1089 et
1392 1030 1492 1088 humili
1516 1042 1627 1101 semper
1651 1023 1780 1081 debemus

981 1124 1134 1180 intentione
1149 1122 1281 1194 recipere,
1297 1138 1369 1195 quas,
1385 1119 1457 1176 sieut
1472 1118 1501 1174 in
1515 1115 1622 1174 eisdem
1633 1112 1736 1170 litteris
1748 1128 1781 1170 ex

982 1211 1117 1272 sententia
1141 1213 1273 1286 sapientis
1298 1209 1454 1268 Salomonis
1478 1204 1662 1280 subjungitur
1685 1203 1780 1269 (Eccle.

982 1308 1046 1379 stt),
1064 1307 1146 1376 Quasi
1159 1305 1271 1374 stimuli,
1287 1313 1311 1361 et
1324 1305 1391 1360 sicut
1404 1302 1474 1359 ciuoi
1487 1302 1517 1356 io
1532 1301 1622 1356 eitum
1635 1296 1720 1370 defici
1732 1313 1780 1354 etse

982 1398 1144 1465 videreretur,
1157 1397 1221 1470 quia
1235 1395 1329 1468 culpas
1342 1391 1567 1467 delinquentium
1584 1387 1718 1445 nesciunt
1730 1387 1779 1461 psl·

983 1503 1058 1561 pare,
1072 1485 1120 1543 sed
1135 1500 1265 1558 pungere.
1277 1483 1327 1542 Cui
1341 1481 1485 1540 sententiaa
1495 1479 1562 1536 item
1573 1474 1715 1552 Sapientis
1725 1492 1779 1534 rer·

983 1580 1018 1636 ba
1031 1578 1187 1644 referimus,
1205 1575 1308 1651 quibus
1322 1573 1408 1632 dixit:
1436 1571 1602 1642 Priusquam
1631 1568 1780 1640 inurroges,

983 1686 1014 1725 rre
1028 1669 1158 1740 vituperes
1177 1670 1378 1739 quemquamst
1390 1680 1448 1719 cem
1465 1658 1691 1733 interrogaveris,
1706 1655 1783 1714 idest

131 1776 221 1834 David
250 1775 278 1830 in
303 1773 392 1830 Saulis
404 1771 461 1842 jam
481 1787 496 1824 a
512 1767 631 1824 Domino
644 1760 782 1835 reprobati
797 1773 930 1815 reveren·
944 1771 968 1831 Β
984 1756 1153 1832 probaveris,
1176 1756 1280 1828 corripe
1292 1756 1365 1826 juste
1378 1753 1475 1825 (Eroti.
1491 1751 1554 1824 xr);
1587 1749 1663 1807 sicut
1681 1746 1781 1806 Nathan

131 1865 169 1919 tia
184 1865 213 1935 (Ι
223 1866 284 1932 liep.
303 1859 396 1928 xxva),
413 1866 440 1913 et
455 1855 610 1913 Salomonis
627 1849 770 1923 sapientia,
787 1863 818 1906 ac
832 1846 930 1904 Nabu-
984 1848 1073 1906 David
1090 1863 1181 1920 regem
1205 1846 1284 1919 prius
1305 1842 1496 1916 interrogavit,
1514 1846 1542 1898 et
1567 1836 1783 1911 interrogatione

131 1952 186 2008 thre
201 1949 293 2021 prodit
309 1946 424 2002 historia
440 1946 469 2015 (l
481 1943 567 2002 Moci.
586 1942 638 2011 nr).
984 1937 1129 2011 probatum
1145 1936 1300 2008 corripuit:
1315 1943 1422 1992 etcum
1440 1947 1523 1990 causa
1537 1925 1783 2000 correptionisde-

166 2038 327 2093 Invenimus
350 2034 433 2090 etiarn
456 2032 485 2086 in
502 2029 605 2086 eisdem
622 2029 722 2086 litteris
737 2027 819 2084 nobis
833 2024 929 2081 datum
985 2026 1048 2093 fuit,
1073 2024 1218 2081 humiliter
1238 2024 1375 2092 adoravit,
1400 2021 1486 2078 veluti
1510 2020 1540 2076 in
1570 2034 1652 2075 sacra
1676 2016 1784 2075 historia

132 2123 331 2192 consiliumet
349 2122 420 2177 forte
438 2119 493 2177 dici
520 2126 608 2193 potest
623 2118 783 2184 consilium,
799 2114 873 2188 quod
889 2119 931 2169 est
985 2115 1101 2188 legimus
1117 2114 1161 2186 (ff
1177 2115 1240 2186 fleg.
1255 2129 1306 2180 vn,
1322 2114 1387 2183 arr).
1413 2107 1538 2168 Mandata
1551 2114 1580 2164 et
1596 2106 1715 2164 scribite
1729 2121 1780 2180 qus

131 2201 930 2282 Dominiexemplocontrarium,etdecretissanctorumin·
985 2212 1078 2261 vestro
1091 2211 1119 2259 ct
1131 2211 1226 2260 nostro
1251 2201 1406 2259 ministerio
1420 2207 1591 2272 congruunt,
1610 2204 1644 2253 ut
1664 2195 1784 2254 decesso·

130 2303 393 2361 venituradversnm
406 2317 412 2354 :
425 2298 574 2363 scilieet,ut
584 2295 677 2352 verbis
685 2294 785 2351 vestris
795 2292 931 2360 dicamus,
986 2310 1028 2350 res
1048 2293 1134 2351 vestri
1152 2292 1233 2349 nobis
1249 2300 1277 2348 et
1300 2290 1403 2348 nostris
1424 2287 1620 2347 decessoribus
1636 2284 1784 2342 mandare-

130 2393 224 2450 omnia
243 2407 303 2464 quas
327 2407 340 2444 a
362 2387 425 2445 sedo
440 2384 601 2458 apostolica,
617 2384 662 2440 cui
687 2400 734 2455 per
748 2383 798 2439 Dei
814 2381 931 2454 gratiam
987 2393 1063 2454 rurrt,
1078 2393 1160 2458 atque
1183 2384 1363 2456 seripserunt,
1379 2390 1407 2439 et
1422 2379 1507 2437 alacri
1531 2385 1641 2448 mente,
1661 2385 1784 2452 gratoque

132 2481 296 2558 prasidotis,
322 2480 427 2536 directa
450 2486 525 2545 sunt,
551 2474 635 2532 alacri
659 2482 751 2530 mente
779 2473 928 2547 percipere.
986 2476 1079 2532 animo
1094 2473 1269 2546 recipiemus.

132 2573 271 2643 Scriptum
282 2577 323 2625 ost
333 2569 406 2623 enirn
419 2565 498 2622 nobis
509 2581 544 2620 ex
558 2573 650 2620 restro
665 2563 788 2630 nomine,
801 2578 852 2617 nos
865 2577 932 2634 per·
1022 2564 1132 2621 litterae
1148 2572 1239 2621 autem
1254 2579 1290 2619 ex
1304 2561 1417 2619 nomine
1431 2568 1524 2617 vestro
1540 2573 1656 2632 semper
1669 2556 1729 2615 sino
1744 2555 1784 2612 in·

129 2661 235 2732 jurum,
252 2665 413 2729 tyrannum,
429 2673 461 2711 ae
474 2653 621 2726 perfidum,
637 2663 661 2709 et
678 2653 868 2708 distractorem
884 2667 933 2706 re·
987 2654 1182 2726 terrogatione,
1198 2653 1280 2710 idest
1295 2651 1355 2708 sine
1370 2649 1531 2722 probatione
1547 2664 1600 2705 nos
1616 2653 1785 2721 pungentes

132 2765 194 2803 nrm
211 2761 268 2802 esso
283 2743 541 2800 ecclesiasticarum.
553 2743 589 2797 Et
603 2742 661 2797 hauc
671 2742 753 2798 alaeri
766 2747 856 2797 mente
867 2756 934 2813 per-
986 2752 1106 2817 peccata,
1122 2760 1172 2816 pro
1188 2742 1290 2815 quibos
1311 2741 1432 2797 invitum
1447 2747 1588 2812 pungunt,
1604 2746 1707 2812 sponte
1720 2753 1784 2794 oon-

132 2835 232 2906 cipere,
250 2833 343 2887 animo
360 2839 437 2901 grato
447 2831 587 2902 amplecti,
604 2840 630 2886 ct
644 2831 743 2886 humili
759 2847 866 2902 semper
881 2830 933 2885 de·
987 2832 1065 2894 fessa,
1094 2833 1135 2887 vel
1160 2831 1258 2887 ordine
1270 2829 1420 2903 judiciario
1441 2830 1568 2903 legaliter
1579 2846 1614 2888 ac
1629 2827 1784 2902 regulariter

133 2925 231 2979 bemus
245 2921 399 2976 intentione
414 2920 536 2991 recipere
548 2920 562 2974 ‘l
575 2919 634 2974 Nisi
650 2920 769 2990 scriptor
781 2920 852 2975 forte
865 2920 934 2976 velit
987 2922 1163 2994 comprobata
1178 2938 1234 2977 non
1251 2920 1418 2977 ostendunt:
1444 2927 1470 2975 et
1484 2935 1550 2975 curn
1567 2927 1684 2990 peccata
1706 2914 1784 2974 mani·

133 3028 184 3068 nos
199 3028 261 3067 cum
276 3008 359 3081 vulgo
381 3007 527 3080 AEthiopes
549 3023 648 3063 vocare
662 3016 815 3078 argenteos,
830 3015 857 3063 et
871 3007 933 3063 ideo
987 3012 1055 3068 festa
1067 3019 1095 3067 et
1113 3011 1229 3083 probata
1251 3011 1353 3079 desint,
1368 3009 1500 3065 fomentis
1516 3008 1652 3082 benignas
1667 3009 1784 3067 adhorta·

134 3100 196 3174 quis
210 3098 290 3155 nobis
305 3096 421 3170 pulcher
436 3095 573 3164 videatur,
584 3095 650 3168 qnia
660 3095 773 3151 nomine
783 3095 873 3152 bellus
885 3113 932 3153 vo·
949 3128 972 3189 G
988 3102 1072 3158 tionis
1090 3108 1117 3158 et
1131 3101 1310 3159 allocutionis
1325 3117 1382 3158 non
1400 3100 1547 3157 refovent:
1569 3097 1783 3174 reprehendente

133 3199 222 3258 eatur,
231 3197 258 3247 et
273 3188 327 3244 sibi
339 3194 448 3243 cantare
463 3203 525 3243 eom
535 3186 638 3255 Persio,
650 3186 779 3257 quidquid
789 3188 931 3243 calcaveris
987 3191 1052 3248 hine
1066 3191 1186 3247 Domino
1202 3192 1369 3264 populorum
1385 3199 1503 3248 rectores
1517 3205 1647 3262 asperos,
1659 3198 1739 3263 atque
1750 3186 1784 3243 di·

132 3299 193 3336 roso
205 3281 262 3353 fiot,
275 3277 399 3351 illudque
410 3277 601 3349 propheticum
613 3277 763 3344 incurrere,
780 3277 822 3333 Vae
835 3277 875 3331 his
885 3277 932 3347 qui
986 3288 1082 3335 cente:
1098 3281 1147 3337 Vos
1167 3286 1254 3335 uatem
1268 3296 1324 3334 cem
1341 3280 1495 3335 securitate
1516 3278 1698 3351 imperabatis
1710 3277 1755 3343 eis,
1765 3282 1786 3331 et

130 3379 233 3446 proserit
241 3388 363 3426 emm-um
374 3370 481 3426 indrrlce
489 3370 666 3443 (fso.v),cum
674 3369 932 3425 Domirrusdicenti·
986 3388 1044 3425 curu
1056 3369 1175 3442 potentio
1186 3369 1294 3440 (naret.
1309 3370 1422 3442 xxxiv).
1433 3367 1541 3437 Quibus
1551 3370 1707 3442 Apostolus
1716 3382 1784 3441 regu·

132 3463 184 3519 bus
193 3461 227 3518 ad
238 3478 265 3517 se
275 3460 388 3529 iudaeis,
400 3462 491 3516 Nonne
506 3459 567 3515 berse
580 3459 829 3530 dicimesuos,qeio
840 3460 932 3514 Sumu-
987 3463 1042 3518 lam
1066 3460 1143 3518 dedit
1158 3460 1397 3529 commonitionis,
1422 3460 1541 3532 singulis
1554 3459 1676 3518 dicens:
1692 3458 1783 3532 Argue,

133 3552 239 3606 ritanus
253 3567 279 3602 es
294 3557 330 3615 tu,
350 3555 373 3602 ct
390 3548 548 3602 demonium
567 3548 643 3602 lobes
652 3550 665 3603 t
675 3545 748 3619 quod
762 3546 931 3618 recognovit,
988 3552 1104 3619 obsecro,
1115 3551 1221 3623 increpo
1231 3552 1259 3605 in
1273 3551 1346 3606 ontai
1357 3549 1488 3623 patientie
1500 3556 1525 3604 et
1534 3549 1715 3624 doctrinotii
1723 3549 1783 3607 fiat

133 3638 250 3695 tacende
264 3638 413 3702 consensit,
431 3642 458 3690 et
472 3637 608 3707 patienter
623 3637 725 3707 repulit
739 3634 813 3707 quod
828 3634 933 3692 dictum
988 3641 1042 3709 av),
1056 3640 1171 3696 misceas
1184 3639 1355 3712 temporibus
1371 3648 1502 3711 tempora,
1519 3638 1681 3696 terroribus
1689 3636 1785 3696 blandi·

135 3725 272 3782 fallaciter
286 3723 404 3791 audivit,
420 3723 604 3793 dicens:qu
619 3723 774 3777 demonium
791 3739 843 3777 non
855 3723 934 3777 babeo
989 3735 1090 3784 menta.
1106 3728 1203 3784 Dirum
1217 3728 1351 3801 magistri,
1366 3727 1444 3801 pium
1460 3726 1547 3800 patris
1563 3726 1745 3785 ostendentoe
1752 3725 1785 3783 at·

140 3816 229 3879 (toan.
246 3811 319 3910 vnrll,
339 3810 424 3882 Cujus
438 3809 615 3882 promodulo
630 3817 724 3866 nostro
739 3810 769 3865 in
784 3810 835 3866 hoc
845 3827 934 3866 exem·
989 3817 1103 3883 tectum,
1116 3815 1144 3872 id
1156 3815 1431 3889 estindisciplinatos
1441 3824 1469 3873 et
1479 3815 1625 3890 inquietos
1636 3814 1786 3874 debeatde-

136 3902 214 3975 plum
231 3908 329 3963 secuti,
345 3899 393 3971 qui
407 3914 463 3953 non
484 3897 648 3968 dedignatus
663 3906 703 3954 est
718 3914 752 3953 ex
768 3899 874 3954 ratione
894 3917 934 3954 os·
990 3905 1048 3961 rins
1062 3921 1184 3978 arguere,
1200 3907 1360 3963 obedientes
1383 3914 1474 3963 autem
1497 3923 1531 3965 ae
1549 3907 1704 3980 patientes,
1720 3913 1750 3964 ut
1761 3905 1786 3962 it

136 3988 251 4046 tendere
263 4004 292 4042 se
306 3994 478 4058 peccatorem
493 4002 549 4040 non
560 4001 627 4052 esse,
644 3987 691 4058 qui
704 4003 739 4042 ex
753 3987 935 4044 virtutediri·
990 3996 1090 4053 melius
1106 3996 1253 4070 proficiant
1274 3997 1427 4067 obsecrare,
1453 3997 1630 4071 negligentes
1652 4004 1745 4055 autem
1764 4002 1786 4051 et

137 4079 233 4176 nitatis
246 4084 354 4149 poterat
370 4083 524 4148 peccatores
536 4074 699 4146 justificare
715 4076 749 4133 de
764 4076 808 4132 his
822 4093 882 4149 qum
906 4079 935 4133 in
990 4096 1198 4146 contemnentes
1211 4087 1311 4144 dehent
1328 4087 1424 4161 urique
1445 4089 1590 4162 increpare
1604 4095 1692 4163 atqup
1704 4085 1785 4146 0035.

137 4166 219 4222 nobis
230 4182 285 4221 non
301 4165 519 4238 recognovimus,
531 4164 675 4221 humiliter
684 4174 711 4221 et
720 4166 855 4238 patienter
864 4166 936 4240 apud
991 4193 1064 4250 pere,
1080 4184 1107 4232 et
1119 4178 1153 4235 dp
1167 4177 1360 4234 criminalibus
1375 4178 1503 4250 peccaris,
1519 4185 1568 4234 aug
1586 4179 1664 4235 „1110
1682 4176 1785 4236 00an

139 4258 330 4331 paternitatem
346 4265 464 4313 vestram
480 4272 531 4312 nos
544 4256 748 4324 excusavimus,
765 4273 799 4313 ne
816 4258 839 4312 si
854 4256 936 4329 peni·
991 4285 1044 4336 sos,
1061 4274 1108 4324 aut
1117 4266 1214 4323 ordine
1225 4266 1374 4339 iudiciario
1384 4268 1582 4341 comprobatos
1597 4276 1684 4343 atque
1692 4264 1785 4326 eonsi-

137 4357 182 4404 tns
202 4353 365 4414 taceremus,
383 4347 461 4414 tales,
478 4346 573 4419 quales
591 4344 802 4415 denotabamur,
818 4348 936 4404 tacendo
990 4365 1059 4426 0203,
1075 4355 1226 4414 secundum
1242 4357 1355 4414 modum
1365 4359 1453 4430 culpa)
1465 4358 1593 4430 legaliter
1607 4374 1640 4415 20
1655 4354 1785 4431 „gutm-

137 4443 164 4492 et
183 4436 381 4493 consentiendo
405 4450 463 4491 esse
484 4451 534 4493 nos
548 4436 707 4505 fateremur,
730 4444 757 4492 et
772 4438 849 4510 quasi
865 4453 936 4494 con·
991 4455 1032 4502 rer
1043 4445 1178 4519 judicare,
1200 4469 1209 4492 a
1224 4446 1320 4503 Noluit
1335 4448 1494 4519 Apostolus,
1505 4447 1601 4520 inquis
1615 4447 1716 4504 beatus
1730 4448 1784 4502 Aa.

136 4524 201 4581 iessi
216 4535 243 4583 et
262 4533 355 4582 nostra
372 4524 544 4582 confessione
562 4525 682 4582 convicti
700 4525 899 4598 judicaremur.
991 4535 1332 4608 gustinus(}10mtt,2‚de
1348 4537 1441 4592 poentr,
1458 4553 1516 4608 cap,
1533 4536 1576 4607 a),
1600 4534 1784 4594 hominatum

172 4621 208 4676 Et
224 4620 278 4678 hoc
291 4620 508 4690 hortamentum,
527 4620 601 4694 qnod
616 4623 646 4677 in
662 4622 761 4679 litteris
777 4640 811 4680 ex
825 4624 938 4682 nomino
992 4625 1104 4682 homine
1119 4624 1241 4698 judicari
1264 4640 1299 4680 ex
1322 4625 1439 4681 arbitrio
1453 4626 1635 4699 suspicionis,
1651 4626 1697 4683 vel
1710 4623 1783 4683 etun

42 4774 44 4778 Α
137 4715 231 4764 restro
243 4707 277 4764 ab
288 4709 409 4765 lietardo
422 4709 551 4781 episcopo
561 4709 641 4766 nobis
654 4710 752 4767 delatis
766 4712 937 4783 invenimus,
992 4715 1212 4772 extraordinario
1226 4723 1358 4787 usurpato
1370 4712 1487 4786 judicio,
1510 4712 1558 4770 sed
1579 4713 1677 4786 potius
1687 4728 1723 4770 ex
1733 4711 1784 4783 lep

136 4797 255 4897 seilicet,
273 4806 304 4855 ut
318 4798 422 4866 omnia,
439 4814 499 4870 que
513 4814 529 4854 a
543 4798 606 4854 sede
620 4800 771 4871 apostolica
792 4801 872 4859 nobis
886 4821 938 4860 re·
992 4804 1042 4859 Ilei
1055 4803 1205 4861 secundum
1216 4803 1342 4860 ordinem
1355 4803 1495 4871 Ecclesia,
1513 4802 1574 4860 sive
1587 4803 1666 4861 ultro
1679 4800 1784 4861 eonte-

137 4894 230 4956 nsunt,
243 4886 344 4943 humili
357 4902 464 4957 semper
475 4885 623 4942 debeamus
635 4887 790 4944 intentione
805 4893 936 4963 recipere,
992 4909 1063 4961 sum,
1089 4893 1148 4948 sive
1171 4899 1328 4949 accusatum
1354 4899 1436 4964 atque
1459 4892 1634 4950 convictum.
1659 4888 1784 4966 Alioquin

138 4993 193 5075 non
207 4975 308 5044 solum,
325 4982 356 5074 nt
369 4975 563 5047 premisimus,
576 4976 739 5048 evangelica
756 4979 877 5051 veritati,
890 4982 938 5039 sed
991 4980 1063 5038 illud
1076 4998 1126 5038 our
1140 4980 1214 5038 dixit
1225 4999 1231 5037 :
1244 4981 1272 5039 Si
1287 4982 1349 5054 quis
1363 4983 1448 5039 frater
1460 4981 1636 5052 nominatur,
1648 4989 1698 5040 aut
1707 4977 1783 5039 ferni·

137 5073 221 5120 otram
247 5063 365 5122 decretis
377 5071 545 5162 'sanctorum
569 5064 713 5121 invenitur
727 5064 884 5126 adversum.
905 5073 937 5127 ln
991 5070 1547 5143 catenantidolisserviens(fGor.v1),
1562 5078 1592 5128 et
1601 5063 1782 5128 ceerstaii

138 5169 255 5252 quorum
278 5152 408 5252 'decretas'
422 5152 548 5252 legimus,
565 5169 628 5209 eum
642 5153 748 5211 absolvi
768 5172 824 5213 non
846 5174 935 5230 posse,
991 5161 1055 5233 quia
1070 5177 1130 5216 earn
1143 5159 1361 5218 nominationem
1377 5159 1496 5232 intelligi
1511 5159 1616 5229 voluit,
1635 5175 1700 5234 ques
1714 5154 1782 5216 tris

137 5257 186 5312 qur
201 5259 231 5298 m
246 5258 366 5314 seipsum
381 5240 485 5297 drxerrt
501 5241 598 5297 mortis
615 5258 735 5311 causam,
750 5261 810 5318 quae
824 5246 898 5304 dicta
907 5248 936 5303 in
991 5266 1166 5323 quemquam,
1182 5266 1246 5307 eum
1265 5249 1401 5306 sententia
1419 5248 1518 5306 ordine
1537 5246 1697 5321 jndiciarte
1708 5253 1783 5321 ⁸th

56 5408 60 5415 Ι
137 5328 223 5385 alium
239 5331 394 5402 puniretur,
406 5330 506 5386 falsum
517 5329 649 5387 videlicet
659 5333 861 5403 testimonium,
873 5353 936 5392 curn
991 5337 1149 5410 integritate
1163 5338 1310 5411 protertur.
1321 5338 1390 5395 Nam
1401 5335 1425 5392 si
1433 5335 1592 5395 nominatio
1606 5328 1783 5402 satanicis,

139 5417 239 5523 omnis,
251 5419 298 5516 qui
316 5419 368 5476 sibi
385 5420 677 5490 fueritmortiscausa,
694 5423 782 5496 major
796 5425 937 5483 homicida
991 5429 1072 5486 inulti
1093 5422 1242 5488 damnandi
1263 5437 1327 5487 sunt
1350 5429 1531 5488 innocentes:
1551 5426 1782 5505 qubuptsln

138 5506 187 5598 sit..
207 5501 241 5555 m
264 5502 330 5561 hinc
344 5505 527 5610 decreverunt
547 5508 640 5580 (Cone.
661 5510 833 5584 Vatreni)
847 5533 853 5570 :
876 5537 886 5561 ‹
902 5515 937 5572 Ut
991 5517 1020 5574 in
1034 5534 1198 5593 quemquam
1212 5519 1331 5578 crimina
1347 5518 1540 5579 nominentur.
1550 5502 1687 5597 mique

136 5594 936 5680 quicunqnesubordinatione,veldiaconatusvelpresby·
990 5606 1056 5665 boni
1071 5607 1220 5666 Christiani
1243 5614 1388 5682 propterea
1399 5612 1503 5679 huot,
1516 5592 1550 5667 18
1558 5522 1784 5667 “mg
