3834 6136
546 234 862 293 ttnnrtlltotodltttt.
883 267 918 280 -
936 238 1040 294 nutu
1060 238 1141 295 DEC.

1619 247 1671 305 tta

732 360 923 420 lucrante.

106 470 207 513 sanun
224 453 349 510 Bibianae
360 457 600 512 annuntiationem
611 474 708 529 puram
721 459 814 527 refert,
828 468 853 524 Α
867 460 1007 519 Auctaria.
1024 464 1235 538 Interantiquos
1246 467 1322 521 solus
1337 468 1435 522 Florus
1446 466 1479 522 de
1490 483 1521 522 eo
1531 471 1668 529 meminit.

105 526 162 583 imo
176 527 238 581 loco
254 526 381 597 positam.
398 527 524 584 Secundo
540 529 600 584 loco
614 530 705 586 solum
715 530 813 588 babet:

121 596 179 664 die,
193 603 353 653 sanctorum
375 606 527 671 martyrum
553 601 617 656 Veri
633 609 660 657 et
676 601 782 658 Securi.
799 628 807 648 ·

107 669 813 741 nuur.-llax.,Uurnarucr.,Lernen„etLovnuncn.

106 742 175 798 tiana
189 739 345 822 adjiciunt:
375 764 387 820 g
403 740 490 823 Cujus
504 759 604 871 corsus
616 743 741 815 jussione
756 746 815 801 irn-

106 812 296 881 ris,brdu01n
310 811 370 866 foro
377 822 475 882 jacuit.
485 815 542 870 Tan
563 831 605 870 ern
614 823 724 887 raptum
734 825 815 873 nocte

107 899 165 942 nne
179 883 342 964 presbytero
353 884 492 964 sepultum
502 886 580 941 estin
590 887 683 953 domo,
694 888 743 944 ubi
759 905 814 943 ma-

106 971 184 1014 soror
193 971 253 1026 cJus
268 956 409 1010 Demetrio
420 972 477 1026 Jam
489 959 719 1029 sepultascraut.·
742 960 814 1017 Vide

106 1044 153 1085 rm.

106 1114 207 1157 naun.
220 1095 336 1167 incipit:
358 1121 367 1143 ι
383 1097 486 1163 llornae,
497 1099 588 1153 natale
602 1108 704 1156 sanctae
718 1101 814 1158 Viria-

106 1170 183 1244 ginis
193 1177 221 1225 et
236 1176 308 1223 mart
329 1169 378 1232 ris,
394 1169 537 1225 beatorum
549 1178 703 1241 martyrum
717 1173 813 1229 Fausti

106 1258 167 1300 usae
178 1240 270 1295 filiae.»
315 1255 347 1295 oc
357 1240 509 1297 estAdonis
517 1239 640 1297 initium.
652 1243 813 1316 Sequuntur

106 1319 202 1371 textus
215 1319 242 1366 et
265 1310 448 1368 additamenti
471 1311 611 1368 Adoniani
623 1330 706 1385 supra
720 1316 811 1372 relati.

119 1382 298 1442 annuntiatio
313 1381 347 1437 de
362 1383 434 1440 Vero
453 1391 480 1438 et
493 1383 595 1441 Securo
613 1387 735 1443 secundo
750 1388 812 1444 loco

106 1544 148 1587 nc.
162 1526 202 1584 sic
216 1526 316 1593 variat,
330 1534 361 1581 ut
375 1527 409 1582 ad
424 1528 577 1584 Romanum
596 1543 713 1599 parvum
726 1530 812 1603 magis

106 1606 129 1657 tt
194 1616 219 1654 m
235 1597 270 1679 ad
283 1597 420 1680 ildonem,
436 1599 672 1656 constructionem
684 1618 716 1657 eo
732 1611 811 1684 pacto

106 1687 131 1729 a.
166 1676 207 1727 oet
224 1687 337 1740 virginus
360 1676 384 1724 et
398 1671 535 1740 martyria,
552 1671 591 1725 ita
613 1680 808 1745 prosequitur:

870 534 901 588 ln
918 533 994 590 line:
1020 536 1171 592 «Vivianae
1186 537 1303 609 virginis
1318 547 1345 593 et
1361 539 1500 611 martyris.
1520 564 1529 586 ι

905 605 937 686 ln
955 605 1091 662 Vtricun.
1117 608 1168 664 sub
1192 623 1269 663 num.
1299 608 1370 665 aete
1391 610 1467 665 deest
1493 612 1669 668 annuntiatio

870 691 960 804 Rrrma
974 677 1008 733 de
1023 678 1096 735 Vero
1111 687 1137 734 et
1153 680 1265 735 Securo.
1286 680 1426 752 Adjicitur
1439 689 1530 737 autem
1550 700 1555 738 :
1577 683 1669 738 ‹ltem

893 763 973 816 orna,
988 757 1147 806 sanctorum
1163 750 1307 806 Primentii
1322 759 1349 807 et
1364 752 1502 808 Pontiani.
1519 778 1529 801 ι

905 819 1087 877 Srnozzun.:
1110 822 1199 878 «Item
1224 823 1328 890 Rornae,
1342 824 1428 880 sancti
1444 824 1573 880 Pontiani
1589 842 1668 881 mar-

869 891 973 962 tyris.»

904 962 998 1019 Editio
1013 962 1202 1022 Locroe-Coc.
1219 966 1260 1022 sic
1284 966 1382 1038 incipit
1401 987 1407 1023 :
1430 992 1439 1014 ι
1459 967 1562 1034 llomae,
1578 969 1668 1024 natale

868 1042 968 1114 sanctae
980 1034 1105 1090 Vivianae
1118 1036 1234 1108 virginis
1244 1045 1271 1091 et
1284 1040 1424 1109 martyris,
1440 1037 1584 1092 beatorum
1594 1040 1668 1094 Fau·

867 1111 903 1158 stt
918 1105 1158 1162 etDalrosaesrliae.
1171 1107 1236 1174 Quae
1252 1108 1380 1175 Viviana‚
1391 1109 1517 1180 jubente,
1533 1134 1542 1157 ι
1559 1117 1625 1177 etc,
1636 1118 1668 1165 ut

867 1174 976 1232 codices
994 1177 1090 1232 media
1104 1186 1175 1234 notae
1190 1194 1281 1249 supra.
1299 1181 1328 1236 ln
1345 1180 1399 1235 fine
1418 1179 1548 1235 nonnihil
1569 1181 1668 1237 mutila

867 1254 917 1313 est,
933 1247 974 1302 sic
996 1255 1096 1303 utnon
1122 1257 1193 1305 recte
1220 1248 1336 1323 incipiat
1361 1250 1603 1307 annuntiationem
1633 1252 1667 1306 dc

869 1318 940 1374 Vero
954 1325 981 1374 et
995 1318 1106 1376 Securo.

903 1389 998 1445 Baurn.
1016 1406 1064 1462 pro
1085 1390 1145 1447 Veri
1169 1391 1267 1447 scribit
1282 1394 1390 1457 Severi;
1404 1401 1432 1449 et
1445 1397 1494 1452 ubi
1508 1411 1604 1451 omues
1617 1394 1665 1449 alii

866 1458 974 1540 codices
994 1462 1109 1518 Viuicme
1123 1462 1198 1517 solus
1213 1463 1270 1534 ipse
1287 1465 1420 1520 Bibicnce.
1448 1467 1479 1521 lu
1493 1468 1548 1522 line
1573 1473 1665 1521 autem

866 1529 985 1603 adjicit:
1011 1534 1098 1589 ‹ltem
1115 1535 1217 1602 Rornae,
1242 1536 1333 1593 sancti
1353 1536 1482 1593 Pontiani
1497 1536 1660 1608 martyris.»

902 1603 1053 1661 Gaurum:
1077 1606 1133 1661 «ln
1156 1604 1331 1673 Mauritania,
1360 1615 1502 1664 santorum
1528 1607 1665 1673 Securini,

866 1673 1016 1743 Victorini,
1032 1676 1189 1742 Fortunati,
1207 1679 1331 1746 Agnetis,
1348 1678 1515 1736 Secundae·
1538 1677 1666 1737 Videnda

106 1740 264 1799 theuterum
276 1748 429 1821 martyrum
440 1743 534 1821 Fausti
549 1742 705 1798 etllalrosae
716 1744 804 1799 filiae·
865 1753 930 1800 sunt
944 1746 1099 1819 apographa
1120 1744 1346 1817 Hieronymiana.
1370 1750 1508 1822 «Longini
1523 1750 1663 1822 martyris.

105 1814 205 1871 amalo
214 1812 354 1868 subnectit
366 1831 372 1867 :
386 1814 450 1879 oue
459 1813 576 1881 jubente,
592 1821 656 1879 cto,
669 1830 732 1869 cum
743 1823 810 1871 tunc
824 1818 847 1877 B
862 1817 1008 1887 Pignrenii,
1025 1819 1131 1872 Faustae
1146 1825 1173 1872 et
1187 1817 1316 1875 aliorum.
1333 1844 1342 1865 ι
1365 1822 1486 1888 Rectius,
1497 1824 1606 1893 opinor,
1618 1822 1663 1875 le-

106 1884 157 1943 ‚td
172 1884 313 1940 Dafrosam
332 1883 518 1956 potiusquam
533 1884 567 1939 ad
583 1883 726 1939 Bibiauam
742 1887 809 1940 rale-

106 1972 120 2013 ·.
135 1956 174 2013 ue
191 1954 296 2012 Caetero
310 1955 410 2010 similis
424 1964 466 2011 est
480 1954 565 2011 citato
579 1954 669 2010 codici
684 1956 808 2013 Aterno.

106 2043 207 2084 waren.
221 2045 227 2082 :
247 2027 398 2083 ‹Conobio
413 2026 538 2087 Centula.
557 2042 653 2097 magna
663 2034 690 2081 et
700 2029 809 2098 praecla-

106 2098 185 2155 limis
206 2115 239 2154 ue
250 2098 395 2165 festivitas,
410 2097 593 2153 decollatione
607 2105 765 2153 sauctorum
780 2099 809 2154 in

106 2185 195 2229 rcoeno
219 2169 370 2225 iodiversis
384 2169 556 2242 temporibus
570 2176 808 2240 congregatorum,

106 2240 280 2313 urdies‚quia
292 2241 517 2312 singillatimnon
526 2247 653 2311 poterant
666 2241 809 2310 celebrari,

106 2328 188 2386 tpapa
202 2312 351 2378 Adrianus,
362 2319 393 2366 nt
408 2312 436 2366 in
450 2311 494 2367 die
508 2312 666 2367 baccorum
681 2311 809 2367 solemni·

106 2391 227 2441 curetur.
251 2386 353 2450 Romae,
370 2390 471 2438 sanctae
496 2382 622 2438 Vivianae
653 2381 771 2453 virginis
784 2391 811 2439 et

106 2454 152 2512 ris.
168 2458 230 2527 lpso
243 2455 298 2521 die,
323 2462 481 2510 sanctorum
497 2453 564 2510 Veri
586 2461 613 2508 et
627 2454 733 2520 Securi,
762 2457 810 2527 qui

106 2526 220 2583 liricam
236 2526 370 2598 martyrio
384 2526 507 2581 coronati
521 2532 596 2581 sunt.
615 2550 624 2572 ι

864 1895 940 2013 ἔργα
955 1889 1059 1955 Fausti,
1075 1895 1106 1943 ut
1116 1888 1257 1944 alludatur
1270 1890 1304 1946 ad
1315 1899 1424 1947 sanctos
1435 1909 1532 1948 omnes
1541 1895 1570 1947 in
1586 1890 1664 1947 Actis

889 1957 988 2014 ibianae
1016 1969 1190 2015 memoratos.
1219 1960 1309 2016 Tum:
1337 1985 1347 2010 ‹
1372 1965 1474 2030 ltoiuae,
1502 1970 1663 2019 sanctorum

864 2029 1016 2098 Primitivi,
1032 2030 1199 2098 Potentiaui,
1222 2032 1369 2100 Ravenna,
1386 2033 1472 2089 sancti
1487 2034 1561 2088 Petri
1575 2032 1664 2088 arobi·

865 2100 985 2173 episcopi
1001 2108 1029 2156 et
1047 2102 1224 2182 confessoris,
1240 2102 1287 2175 qui
1304 2103 1493 2230 aSixt01papa
1507 2105 1544 2160 lll
1558 2120 1605 2175 per
1619 2118 1665 2174 ap·

864 2173 1028 2244 paritionem
1040 2182 1067 2229 et
1077 2175 1230 2244 jussionem
1246 2183 1404 2230 sanctorum
1437 2177 1487 2231 etri
1499 2174 1626 2247 apostoli,
1638 2179 1666 2228 et

866 2243 1038 2314 Apollinaris
1063 2245 1204 2315 martyris,
1220 2247 1357 2302 Ravenna
1370 2247 1486 2301 antistes
1508 2247 1663 2311 ordinatus,

865 2314 969 2369 eximia
982 2314 1138 2370 eruditione
1152 2324 1179 2370 et
1192 2316 1327 2371 sermonis
1337 2324 1480 2371 venustate
1495 2315 1662 2386 Chrisologi,

866 2385 1092 2453 idestsermonis,
1102 2387 1146 2440 vol
1161 2387 1480 2453 sermocinatorisaurei,
1497 2401 1662 2457 cognomen·

865 2465 925 2512 turn
942 2459 1104 2526 promeruit.
1121 2457 1201 2513 Calix
1211 2458 1294 2512 etiam
1309 2457 1368 2528 ejus
1377 2466 1405 2513 et
1416 2468 1523 2529 patena,
1532 2464 1663 2513 contactu

865 2543 989 2584 amorsu
1004 2527 1092 2583 rabidi
1116 2528 1193 2583 canis
1215 2536 1322 2584 sanant.
1343 2527 1504 2584 Ethermaui
1529 2527 1660 2599 episcopi.

106 2614 242 2654 utinm:
262 2621 271 2645 ‹
285 2598 389 2653 Octava
404 2604 504 2652 sanctae
516 2595 674 2676 Katherinae
693 2594 811 2676 virginis

106 2670 193 2742 tyris.
218 2671 320 2735 Romu,
346 2677 503 2725 sanctorum
527 2667 647 2735 Plurimi,
666 2666 811 2735 Ponctaui,

106 2741 124 2797 ri
134 2740 290 2797 etaliorurn
300 2740 397 2795 trium.
409 2741 440 2796 ln
455 2738 630 2806 Mauritania,
646 2739 737 2793 natale
752 2755 811 2794 sau·

866 2599 984 2656 Valeria
997 2598 1125 2670 virginis.
1142 2624 1151 2647 ι

901 2670 1011 2726 Mounn.
1030 2688 1036 2725 ε
1058 2672 1150 2725 ‹ltem
1162 2671 1264 2734 Romae,
1275 2669 1363 2726 sancti
1373 2669 1501 2725 Pontiani
1521 2668 1661 2739 martyris.

866 2739 1042 2797 Consecratio
1065 2750 1166 2797 sancte
1187 2739 1331 2796 Gertrudis
1354 2740 1504 2811 virginis·
1534 2739 1664 2864 Segluitur

106 2810 227 2868 oSeveri
242 2821 270 2868 ct
290 2811 385 2867 Securi
409 2812 535 2879 lratruru,
558 2826 589 2866 ao
615 2809 755 2867 Victorini
784 2817 812 2865 ct
866 2812 941 2884 typis
957 2811 1130 2867 minoribus:
1154 2812 1321 2878 «baccone,
1338 2811 1426 2866 sancti
1442 2811 1515 2866 Petri
1529 2826 1576 2866 arc
1597 2810 1662 2881 lepi-

106 2883 167 2949 rati,
199 2883 248 2964 qui
275 2883 347 2955 apud
376 2882 500 2938 Africam
525 2882 659 2953 martyrio
688 2881 812 2938 coronati
866 2883 941 2954 scopi
956 2889 984 2937 et
997 2882 1172 2949 contessoris,
1198 2881 1246 2954 qui
1270 2880 1434 2971 Cbrysologi
1448 2887 1663 2952 cognomentum

109 2977 119 3002 ·
140 2954 173 3010 lu
189 2953 305 3009 Brbiana
318 2953 418 3010 similis
432 2962 472 3009 est
483 2954 607 3009 munuc.
885 2954 1028 3009 rorueruit.
1052 2953 1157 3010 Eodem
1177 2952 1223 3008 die
1247 2953 1275 3007 in
1298 2951 1387 3020 India,
1404 2954 1527 3009 Cantana
1549 2951 1663 3007 civitate

106 3041 253 3081 tuncrum:
267 3046 277 3071 ‹
290 3024 370 3096 Apud
384 3025 526 3092 Atlricam,
538 3024 628 3079 natale
642 3024 730 3080 sancti
746 3023 811 3081 Veri
866 2970 1059 3091 Cbiuensium,
1069 3025 1163 3080 obitus
1172 3024 1312 3080 Francisci
1323 3024 1452 3091 Zavierii,
1464 3024 1510 3097 qui
1526 3038 1596 3077 evan
1615 3021 1664 3077 eli·

106 3095 156 3151 turi
172 3095 297 3163 fratrum,
312 3095 358 3167 qui
383 3097 433 3153 sub
459 3095 581 3151 Hunrico
608 3095 726 3152 Arriano
750 3111 812 3166 rege

866 3096 987 3151 cantium
1012 3097 1040 3150 in
1065 3095 1142 3151 lndia
1165 3095 1370 3166 antesignanus,
1389 3095 1485 3150 multis
1500 3039 1661 3158 virtutibus,

106 3166 151 3222 rio
163 3167 284 3222 coronati
307 3176 403 3223 sunt.»
425 3170 456 3223 lu
471 3167 585 3222 Bibiana
606 3183 662 3221 uon
687 3167 805 3222 multum
824 3182 845 3241 0
862 3168 1029 3238 populorum
1043 3167 1233 3233 conversione,
1252 3183 1283 3221 ac
1297 3165 1381 3221 variis
1399 3163 1541 3220 miraculis
1561 3164 1589 3218 in
1606 3163 1662 3218 vita

862 3244 889 3292 et
904 3245 1096 3309 postmortem
1122 3236 1302 3303 clarissimus,
1320 3237 1511 3307 incorruptum
1532 3233 1662 3359 spiritum

862 3309 981 3363 Domino
994 3307 1124 3362 reddidit.
1146 3307 1284 3377 Scriptum
1309 3307 1393 3362 estin
1408 3305 1533 3377 epistolis
1561 3305 1660 3359 udicis.

862 3379 931 3433 ltem
946 3378 1040 3434 obitus
1055 3377 1162 3433 domini
1174 3376 1287 3432 loannis
1298 3376 1479 3443 Ruisbroeck,
1492 3375 1574 3447 primi
1591 3374 1661 3445 prio·

862 3449 900 3504 ris
916 3449 1091 3520 Regularinm
1110 3447 1213 3503 Viridis
1227 3447 1319 3515 vallis,
1334 3447 1461 3503 doctriua
1476 3455 1503 3501 et
1518 3445 1662 3501 sanctitate

862 3520 946 3577 Clari.
963 3518 1049 3576 Cu'us
1060 3519 1125 3574 Vita
1140 3518 1266 3574 babetur.
1283 3542 1292 3565 ι
1314 3516 1575 3573 Editionesaliaede
1592 3517 1661 3571 Pon·

862 3591 937 3646 tiano
952 3536 1088 3657 scribunt,
1100 3589 1171 3646 sicut
1189 3590 1286 3660 prima.
1301 3589 1389 3644 Tum:
1413 3612 1423 3635 ι
1439 3586 1511 3644 Foro
1526 3587 1660 3654 Cornelii,

861 3662 934 3718 beati
945 3661 1018 3717 Petri
1029 3661 1164 3733 Chrysolo
1183 3659 1514 3731 i,llavennatisepiscopi‚
1526 3658 1661 3726 moribus,

861 3733 989 3788 doctrina
1013 3740 1040 3787 et
1062 3677 1204 3789 iniracuffls
1228 3732 1306 3788 clari.
1336 3731 1463 3799 nictelia,
1490 3729 1662 3811 consecratio

861 3812 962 3861 sanctae
976 3803 1121 3860 Gertrudis
1140 3803 1266 3873 virginis.
1287 3828 1296 3852 ι
1318 3804 1436 3858 Demunr
1451 3809 1526 3874 typis
1542 3817 1663 3856 minori-

862 3876 923 3941 bus,
934 3885 1020 3947 agunt
1029 3875 1063 3931 de
1073 3884 1168 3932 sancto
1179 3875 1325 3931 Francisco
1334 3874 1464 3940 Xaverio,
1475 3881 1502 3928 et
1512 3874 1545 3928 D.
1557 3873 1662 3952 loanne

863 3947 1055 4073 Ruisbrochio,
1066 3947 1181 4003 servatis
1197 3946 1323 4003 terminis
1332 3962 1368 4002 ex
1376 3944 1498 4002 editione
1508 3944 1597 4017 prima
1604 3959 1661 4014 garn

862 4027 969 4074 reatus.

106 3236 156 3293 lab
170 3239 412 3306 Aurorae-llum,
428 3246 480 3294 etc.
497 3239 566 3294 Tum
578 3237 688 3294 subdit:
713 3262 722 3285 ι
737 3239 805 3292 ltem

108 3350 117 3375 ,
132 3310 223 3364 natale
244 3308 383 3365 beatorum
412 3317 565 3381 martyrum
583 3309 698 3375 Christi,
714 3307 807 3363 Fausti

106 3380 179 3435 rosiae
202 3379 266 3434 liliae
281 3380 349 3451 ejus.
364 3406 372 3427 ι
401 3382 445 3437 Sic
460 3382 593 3453 paulatim
608 3379 696 3435 sancti
710 3394 808 3434 accre-

106 3450 265 3522 etimperite
280 3453 511 3523 multiplicantur.
521 3451 642 3508 Deinde:
663 3474 673 3497 ι
688 3449 807 3506 Civitate

106 3518 190 3595 l[pro
208 3521 322 3596 Narnia]
340 3522 475 3595 depositio
491 3522 600 3578 Proculi
617 3519 801 3591 presbyteri.»

106 3594 303 3718 tgraecedeuti.
321 3597 437 3651 Rursus:
455 3620 463 3642 «
481 3593 584 3650 Eodem
600 3592 656 3659 die,
671 3590 807 3716 ἀθῖὶᾳείίίο

146 3664 216 3719 vasii
246 3665 336 3736 episco
357 3666 407 3722 iot
430 3664 631 3721 confessoris·
661 3661 698 3717 At
734 3678 759 3717 rc
777 3677 806 3716 in

106 3735 258 3808 reponitur
269 3735 321 3793 boc
331 3682 385 3792 fle.
398 3740 514 3792 llernurn
528 3755 534 3792 :
554 3761 563 3784 ι
578 3736 640 3807 lpso
650 3733 705 3801 die,
716 3733 806 3788 natale

106 3804 189 3863 liauri
206 3808 346 3878 martyris.
364 3834 373 3855 ι

106 3877 525 3936 mc.-Cmcs.-turmncr.:
554 3877 659 3949 ‹Eligii
686 3875 807 3947 episcopi

106 3946 252 4005 doctoris.»
278 3950 347 4006 Vide
375 3949 420 4004 die
445 3947 620 4019 praecedenti.
650 3947 804 4019 Sequitur:

106 4017 153 4086 tini
163 4022 303 4092 martyris,
316 4020 363 4091 qui
376 4022 446 4074 latus
457 4018 568 4074 Domini
578 4018 807 4088 temporepassio·

106 4089 224 4147 ualodit.
239 4116 249 4138 ι
273 4091 344 4149 Vide
359 4090 514 4147 Usuardum
529 4106 567 4146 xv
581 4087 684 4154 Martii,
700 4095 727 4144 et
739 4087 807 4143 alibi

106 4300 128 4340 t.
1570 4285 1620 4338 Die
1634 4285 1661 4342 3.

106 4390 148 4441 rar,
164 4376 264 4431 natalis
278 4386 434 4433 sanctorum
450 4384 603 4448 martyrum
618 4375 727 4432 Claudii
746 4375 851 4431 tribuni
863 4383 890 4430 et
904 4373 1000 4430 uxoris
1014 4373 1073 4444 ejus
1086 4373 1208 4441 Hilario,
1223 4372 1385 4430 acliliorum
1400 4371 1508 4426 Iasonis
1523 4371 1661 4439 etlinun,

106 4464 257 4537 tptuaginta
271 4465 417 4533 militibus,
430 4482 464 4520 ex
479 4463 589 4538 quibus,
606 4461 752 4520 Claudium
764 4462 848 4534 jussit
858 4462 1043 4520 Numerianus
1058 4464 1217 4533 imperator,
1233 4477 1296 4518 curu
1313 4461 1418 4532 ingenti
1429 4476 1496 4515 saxo
1506 4460 1659 4529 alligatum,

106 4550 145 4609 lio
154 4554 223 4609 mari
239 4555 407 4626 precipitem
419 4555 490 4623 dari,
507 4553 610 4610 milites
620 4567 685 4608 vero
701 4560 728 4608 et
743 4553 816 4609 lilios
829 4553 917 4625 ipsius
932 4551 1052 4620 Claudii,
1069 4551 1180 4623 capitali
1197 4551 1334 4608 sententia
1350 4549 1453 4623 puniri.
1468 4547 1549 4620 Tingi
1562 4556 1660 4602 metro·

106 4641 187 4698 nasio
201 4645 288 4699 sancti
301 4644 435 4713 Cassiani,
452 4646 499 4718 qui
514 4642 669 4716 exceptoris
681 4641 730 4696 diu
740 4657 836 4713 gerens
849 4643 981 4709 officium,
993 4641 1103 4698 tandem
1114 4640 1221 4698 celitus
1235 4641 1397 4713 inspiratus,
1413 4638 1568 4696 execrabile
1579 4634 1661 4692 duxit

106 4732 229 4790 ianorurn
241 4734 301 4790 neci
314 4734 452 4792 deservire
465 4745 606 4804 cruentus,
622 4734 696 4792 unde
711 4732 873 4790 renuntians
887 4729 976 4787 eidem
996 4730 1097 4799 officio,
1112 4729 1164 4786 sub
1186 4728 1344 4786 Christiana
1358 4729 1541 4797 confessione,
1556 4726 1661 4782 trium-

106 4821 210 4879 uteruit
226 4823 350 4881 obtinere
373 4824 512 4896 martyrii.

377 4915 387 4937 0

777 4952 896 5008 NOTAE.

106 5052 333 5119 .tuntPrcten.;
357 5054 506 5122 Herieiea,
525 5054 659 5125 Antuerp.
681 5061 709 5109 et
722 5053 809 5111 tlac-
864 5051 1107 5124 antuerp-ulae,
1137 5051 1286 5121 Ullrcject„
1315 5052 1442 5122 heyden„
1469 5049 1608 5116 Alberpeu.
1634 5053 1661 5102 et

108 5122 258 5193 trecen,
274 5123 372 5194 ltalia,
386 5125 496 5183 Greoen.
509 5133 537 5182 ct
550 5123 809 5183 bubulconum
863 5123 959 5178 Danu.

629 5248 833 5309 vnntAtt‘rus
852 5248 1058 5307 uberrumos.

106 5362 157 5407 m
169 5347 268 5405 mediae
281 5356 355 5406 notan
365 5363 462 5406 omnes
474 5349 571 5423 legunt
582 5366 589 5405 :
599 5350 691 5409 lium
699 5347 746 5405 αία
755 5348 803 5405 aa·
818 5354 845 5414 D
859 5349 950 5473 filmue
964 5360 1028 5402 cum
1039 5347 1160 5413 Praten.,
1177 5347 1311 5402 Herinien'
1325 5390 1331 5413 ,
1343 5347 1489 5413 Munerat,
1504 5344 1622 5401 Greven.
1635 5352 1662 5402 et

106 5418 262 5487 Noctium,
276 5436 341 5477 cum
355 5420 448 5480 Antue
482 5418 804 5503 ‚mHu.-l„ubec.,al·
888 5418 975 5485 olan„
996 5416 1212 5473 Christianorum
1235 5419 1291 5472 oeci
1305 5418 1579 5483 deservirecrneetus,
1596 5416 1685 5474 licet.

106 5490 351 5549 annuntiationem
371 5506 408 5549 ex
488 5490 689 5549 minctum:
717 5488 805 5563 Μ’,
858 5485 957 5545 durior
966 5486 1005 5544 ait
1021 5487 1661 5560 constructio.ldutvitarerttAntuerp.,Max.-

106 5560 146 5621 αίί
170 5561 349 5622 monneto
365 5560 522 5635 Μίίαν.
539 5560 678 5623 lunoni.
694 5558 808 5633 urium
859 5558 974 5628 imbec„
994 5559 1082 5615 lleliu.
1107 5566 1135 5615 et
1163 5558 1272 5615 codices
1294 5560 1392 5615 inediae
1407 5571 1489 5628 notae,
1507 5558 1660 5615 omiserunt

108 5632 332 5693 umbilici
344 5632 433 5697 aditio
534 5632 694 5703 ⁶,Gtavtttt.,
711 5630 805 5717 Μ.
857 5636 889 5693 τὸ
899 5636 1032 5698 cruentur,
1044 5632 1100 5686 imo
1111 5631 1140 5685 iu
1154 5629 1375 5702 buldorp-blei.
1391 5633 1515 5686 emollita
1525 5637 1566 5686 ost
1579 5630 1660 5702 phra-

108 5674 493 5845 ww„
508 5700 809 5851 αίῇίίίαίίίίίωία
858 5708 897 5765 ais
918 5723 967 5781 per
992 5709 1097 5765 necibm
1123 5710 1255 5765 desermrc
1283 5710 1407 5765 cruentis.
1436 5711 1466 5767 lu
1494 5710 1613 5767 Greven.
1634 5715 1661 5763 et

111 5792 135 5857 a.
194 5838 215 5845 ..
258 5780 306 5857 e.
408 5772 611 5877 clm..

868 5776 961 5837 ὀίω.
995 5787 1060 5837 tuta
1089 5780 1246 5840 Cbrt'atiuoa
1279 5788 1304 5837 et
1318 5781 1478 5851 confectione
1492 5780 1569 5837 deest
1601 5778 1658 5834 reeb.

210 6080 248 6104 A
