3834 6136
127 227 182 287 stt

772 218 819 275 ott
839 215 923 275 VITA
941 217 969 274 S.
992 217 1145 276 AlGULFl.

1726 221 1780 284 938

126 376 235 438 indicio
249 371 324 449 quod
332 370 481 446 querebat,
492 369 603 445 reperit,
614 378 641 427 et
652 377 790 444 repertum
804 372 926 429 maximo
941 374 967 435 A
980 371 1014 429 ad
1028 372 1087 432 bac
1099 375 1238 449 pertinent
1252 375 1348 450 podem
1363 376 1521 434 dilectionis
1537 376 1702 449 detenderit,
1718 378 1777 435 ior-

124 484 190 529 oum
207 464 332 538 tripudio
347 462 382 520 ad
396 463 504 519 Patrem
514 461 562 536 qui
576 477 604 518 so
621 461 732 518 miserat
742 461 859 519 revexit.
875 461 927 520 Cu·

121 556 171 633 jus
185 553 252 613 iacti
267 552 487 625 dignoscentiam
512 550 536 607 si
559 549 621 624 quis
643 551 832 625 scrupulosius
847 567 927 610 nosse

124 645 215 720 cupit,
231 642 321 700 libelli
336 642 371 698 de
384 640 435 699 hac
448 658 477 697 re
497 638 644 714 compositi
661 641 709 714 (ud
719 658 784 698 una.
801 642 865 715 653)
882 642 926 698 le-

123 736 220 798 ctione
238 732 381 791 addiscere
398 730 498 804 quibit.

257 830 347 890 Atlas
360 829 509 885 Lirinensis
521 829 632 903 efficitur
645 829 782 901 Aigult'us.

163 924 191 982 7.
206 903 331 980 Ηιεοίω
346 919 410 976 licet
429 919 479 975 illo
499 920 540 976 nil
554 919 619 976 talia
638 921 745 977 curanti
762 921 925 978 immensam

123 1021 182 1072 um
197 1010 271 1085 apud
286 1024 388 1080 regem.
403 1023 484 1080 quam
497 1007 603 1065 aulicos
616 1010 692 1065 viros
706 1010 812 1083 peperit
831 1017 926 1068 sancto

123 1104 189 1162 uiro
203 1097 536 1170 sanctitatisopinionem.
553 1099 640 1172 Igitur
651 1115 714 1156 curn
731 1099 927 1156 iarnauirtutis

124 1193 186 1267 ejus
209 1199 236 1247 et
257 1189 408 1261 fragrantia
422 1186 577 1244 sanctitatis
592 1187 695 1262 ubique
715 1197 924 1263 respergeretur,

124 1291 153 1340 et
167 1280 290 1355 lychnus
306 1280 368 1351 igne
383 1276 541 1334 diuinitatis
554 1294 684 1335 accensus
696 1276 752 1352 jam
769 1295 851 1352 super
864 1296 926 1336 can·

123 1372 272 1431 dolabrum
282 1369 381 1425 divino
388 1366 496 1440 judicio
508 1369 574 1440 poni
588 1368 714 1439 deberet;
724 1385 786 1426 ecce
799 1370 926 1427 monachi

124 1458 290 1519 monasterii
305 1458 476 1514 Lirinensis·
490 1467 590 1532 praesto
605 1459 716 1526 adsunt,
737 1467 859 1533 petentes
873 1461 926 1532 spi·

125 1551 257 1608 ritualem
273 1548 327 1607 sibi
341 1547 456 1605 attribui
471 1549 589 1605 Patrem.
605 1548 681 1606 ldem
696 1565 815 1623 namque
834 1566 927 1606 mona·

983 463 1131 520 nicationis
1143 481 1198 521 non
1213 466 1332 540 effugere
1345 467 1471 536 crimem
1498 475 1525 524 et
1545 467 1608 525 ideo
1623 470 1778 530 feriendum

982 551 1119 610 sententia
1130 554 1219 612 Dauid
1234 572 1287 630 qua
1298 555 1367 614 dicit
1378 574 1384 612 :
1395 556 1542 614 Perdidisti
1555 559 1698 630 omnesqui
1715 559 1780 630 sor-

981 643 1106 701 us'contur
1120 646 1167 702 obs
1186 653 1208 702 ts
1236 648 1323 719 (Psoi.
1343 650 1444 721 ιιιιιιι)4
1467 650 1516 707 ilis
1530 658 1557 706 et
1573 650 1675 708 talibus
1691 651 1779 709 veluti

983 738 1107 796 medicus
1130 737 1284 812 spiritualis
1312 739 1445 797 antidotis
1465 741 1592 814 mysticis
1616 757 1671 798 non
1697 739 1780 798 modo

983 827 1085 885 mederi
1109 829 1288 903 languoribus
1314 828 1441 885 studebat
1467 830 1659 902 presentibus,
1685 830 1734 890 sed
1753 836 1781 888 et

981 917 1084 975 futuris
1098 918 1211 975 obviare
1226 916 1364 973 nitebatur
1379 917 1573 975 incommodis.

1035 1009 1173 1065 lirinense
1195 1008 1380 1064 monasterium
1406 1006 1462 1078 ejus
1489 1026 1556 1064 curu
1572 1009 1726 1080 reflorescit.

1017 1099 1044 1156 9.
1072 1098 1174 1156 Aderat
1195 1105 1287 1155 autem
1311 1099 1448 1157 Dominus
1467 1097 1527 1171 ejus
1548 1099 1705 1168 conatibus,
1720 1097 1780 1156 siue

982 1187 1061 1261 cnjus
1081 1187 1225 1260 juvamine
1247 1187 1349 1244 frustra
1368 1187 1495 1244 laborant
1510 1186 1555 1262 qui
1573 1187 1711 1245 aedilicant
1726 1188 1781 1246 do-

984 1293 1070 1333 mum.
1087 1276 1201 1331 Tantam
1216 1274 1334 1349 denique
1357 1276 1473 1348 gratiam
1496 1275 1631 1332 Dominus
1652 1274 1713 1349 ejus
1731 1276 1780 1334 im·

983 1367 1078 1441 pertiri
1092 1366 1221 1439 dignatus
1235 1374 1275 1422 est
1290 1366 1435 1435 doctrinar,
1460 1373 1491 1423 ut
1506 1384 1561 1424 non
1578 1375 1688 1425 tantum
1703 1384 1779 1442 pree·

983 1468 1073 1515 sentes
1087 1475 1149 1514 eum
1165 1475 1227 1538 cum
1244 1457 1365 1514 maxima
1382 1459 1511 1515 audirent
1525 1457 1670 1526 ariditate,
1686 1459 1734 1518 sed
1753 1466 1781 1516 et

983 1548 1011 1604 bi
1028 1550 1076 1623 qui
1090 1550 1156 1606 olim
1178 1566 1193 1605 a
1217 1549 1384 1605 monasterio
1405 1548 1574 1616 deiecerant,
1592 1565 1701 1605 summo
1715 1565 1779 1606 cum

125 1641 243 1700 sterium
271 1656 335 1696 cnm
351 1639 466 1711 antiqua
489 1637 613 1697 lloruerit
637 1640 928 1714 prerogativa,itaut
981 1641 1077 1698 ardore
1100 1641 1269 1714 repedarent,
1306 1647 1333 1696 et
1357 1639 1562 1712 congregationi
1591 1647 1677 1696 semet
1702 1639 1778 1697 uniri

125 1729 189 1804 ejus
203 1728 360 1804 magisterio
369 1729 449 1800 longe
457 1728 566 1800 lateque
578 1729 657 1801 plura
672 1730 787 1787 lundata
797 1731 854 1787 sint
869 1733 928 1789 loca
943 1740 966 1799 Β
983 1731 1142 1804 gauderent.
1157 1729 1274 1787 Cernere
1294 1735 1351 1785 erat
1365 1727 1562 1785 monasterium
1577 1728 1665 1785 ueluti
1682 1728 1780 1787 alvea-

124 1821 244 1880 servitio
259 1828 322 1894 apta
345 1818 459 1887 diviuo;
484 1836 516 1877 eo
542 1828 632 1877 tamen
656 1828 789 1894 ternpore,
816 1831 928 1881 auctore
982 1819 1053 1874 rium
1070 1816 1208 1890 quoddam
1224 1833 1319 1874 omnes
1339 1817 1459 1889 recipere
1477 1816 1666 1886 advenientes,
1688 1817 1735 1890 qui
1751 1832 1780 1873 se

125 1914 254 1985 diabolo,
269 1923 425 1988 emergente
448 1913 598 1982 discordia,
621 1931 700 1972 secus
719 1933 800 1990 quam
816 1917 929 1976 decebat
983 1923 1046 1979 al>es
1063 1903 1221 1962 D0ffli¹¹i0³⁸
1239 1911 1286 1960 ³¹¹1
1311 1920 1368 1960 2⁸⁸⁰
1392 1913 1439 1961 ³¹¹¹
1462 1904 1533 1961 V⁰¹¹0
1559 1905 1617 1961 ¹01⁰
1632 1904 1778 1961 serebant:

127 2023 174 2063 res
193 2004 369 2062 vacillabant.
391 2004 459 2062 Cum
482 2019 546 2075 ergo
573 2004 607 2061 ad
635 2021 725 2076 regern
749 2022 928 2082 proceresque
983 2009 1091 2051 necnon
1106 1993 1279 2051 secularium
1304 1994 1407 2049 multos
1429 2008 1479 2049 sua
1499 1991 1635 2060 conferre,
1650 1999 1677 2047 et
1691 1992 1779 2065 spiri-

127 2094 190 2168 ejus
205 2094 294 2151 delata
308 2103 380 2150 esset
398 2092 594 2165 praedictorum
614 2094 763 2166 postulatio
775 2097 929 2154 monocho-
983 2088 1070 2145 luade
1085 2105 1101 2144 a
1114 2094 1210 2143 83ῃῦῑο
1224 2086 1286 2142 vird
1302 2086 1412 2152 restire,
1436 2083 1484 2157 (lui
1498 2083 1650 2141 secundum
1666 2084 1781 2154 Aposto-

128 2191 240 2254 rum,et
255 2183 298 2253 (ut
312 2185 424 2255 assolet)
438 2197 487 2238 rex
501 2183 674 2240 consiliarios
684 2200 800 2257 quorum
810 2187 928 2244 anctori-
983 2170 1041 2234 lum
1058 2177 1207 2234 seminanti
1232 2175 1380 2250 spiritalia,
1396 2192 1446 2232 sua
1465 2175 1593 2232 metenda
1607 2173 1782 2247 exponebant

128 2278 187 2331 tate
198 2271 396 2344 rempublicam
408 2272 595 2330 administrari
606 2272 748 2331 constabat
762 2277 928 2346 consuleret,
984 2270 1105 2327 carnalia
1130 2269 1159 2336 (l
1173 2270 1236 2325 Cor.
1254 2266 1308 2338 ra).

128 2359 198 2435 quid
212 2360 262 2417 tali
276 2359 349 2417 tacto
363 2377 431 2434 opus
446 2371 530 2434 esset,
544 2378 599 2418 vox
610 2378 674 2424 una.
690 2361 825 2420 dissensio
841 2367 928 2433 nulla,
1069 2359 1262 2417 Mesochorum
1276 2357 1411 2412 malorum
1425 2355 1553 2427 soctmnes
1564 2356 1679 2428 potitur.

129 2450 213 2507 talem
225 2457 388 2522 tantumque
399 2451 490 2505 virum
500 2450 548 2506 tali
560 2459 685 2522 oportere
696 2451 757 2508 loco
768 2452 871 2524 praeiroi
882 2470 930 2526 per
1021 2448 1063 2505 10.
1083 2448 1159 2504 Talia
1172 2461 1288 2503 cernens
1304 2444 1416 2502 inuidos
1426 2445 1564 2513 diabolus,
1580 2443 1659 2515 cujus
1674 2443 1782 2501 invidia

128 2554 213 2613 quem
235 2546 339 2596 certum
355 2537 426 2595 foret
446 2545 473 2594 et
487 2539 607 2610 collapsa
621 2538 699 2612 erigi,
720 2546 748 2596 et
763 2541 886 2612 neglecta
901 2542 929 2597 in
985 2557 1059 2597 mors
1083 2537 1211 2595 introisit
1234 2535 1262 2591 in
1283 2535 1378 2593 orbem
1401 2544 1548 2605 terrarum,
1571 2552 1641 2608 segre
1656 2534 1778 2591 ferebat:

129 2627 277 2700 antiquum
286 2633 388 2684 statum
404 2626 557 2682 reformari.
570 2627 642 2696 Quid
654 2628 763 2684 multa?
777 2629 929 2686 beatusAi·
984 2628 1095 2686 dolebat
1108 2644 1137 2684 se
1151 2627 1185 2683 ab
1199 2627 1236 2686 iis
1249 2628 1364 2701 expelli,
1378 2644 1447 2702 quos
1460 2626 1567 2683 dudum
1581 2623 1716 2698 gaudebat
1728 2622 1782 2681 sibi

130 2716 226 2789 gallus
238 2715 391 2790 quamlibet
408 2715 530 2771 renitens
542 2722 623 2788 atque
635 2717 772 2774 reluctans
782 2734 874 2774 coram
884 2718 929 2775 ad·
984 2719 1096 2791 subjici.
1111 2717 1230 2793 Ideoque
1244 2717 1363 2776 callidus
1383 2718 1542 2791 explorator
1555 2715 1589 2772 ad
1603 2723 1675 2774 artes
1687 2712 1781 2788 nequi·

130 2804 257 2872 ducitur,
271 2821 392 2879 curaque
407 2805 432 2860 ei
448 2804 608 2861 monasterii
623 2805 757 2878 prelibati
777 2807 931 2879 imponitur
985 2810 1031 2866 tire
1054 2809 1150 2865 solitas
1169 2807 1352 2876 convertitur,
1369 2808 1564 2880 exploraturus
1582 2811 1677 2861 utrum
1696 2803 1781 2860 iuve-

131 2896 269 2968 gaudente
282 2912 353 2970 rege,
364 2894 623 2969 annitentibusque
633 2895 692 2969 ejus
703 2896 887 2970 principibus,
897 2914 930 2955 eo
985 2898 1058 2954 niret
1079 2897 1199 2970 aliquem
1223 2912 1337 2953 suorum
1367 2897 1439 2953 inter
1461 2911 1528 2970 oves
1552 2893 1711 2952 Dominicas
1731 2889 1783 2948 sub

131 2984 302 3058 quodtalem
313 2983 386 3060 gregi
397 3001 448 3041 suo
459 2983 673 3058 praeponendum
684 2985 725 3042 eis
735 2987 931 3044 monstraverit
984 2987 1067 3042 onina
1091 2976 1162 3059 pelle
1188 2985 1336 3054 fuscatum,
1366 2986 1455 3042 sciens
1483 2983 1614 3058 quoniam
1637 2981 1783 3051 imitantur

133 3081 287 3147 pastorem.
311 3073 386 3130 Licet
407 3090 525 3148 namque
544 3082 670 3132 sanctum
695 3073 785 3131 virum
804 3091 854 3132 sua
868 3077 930 3148 plus
950 3093 1049 3160 ceum
1064 3075 1111 3151 qui
1136 3082 1200 3132 sunt
1220 3092 1255 3132 en
1271 3083 1347 3148 parte
1371 3074 1440 3146 ejus.
1456 3074 1578 3130 Tandem
1598 3088 1662 3143 ergo
1684 3070 1784 3144 reperit

134 3160 543 3230 mulcerentsileutia,attamen
555 3163 699 3235 apostolici
714 3180 770 3219 non
786 3165 933 3226 immemor
987 3165 1073 3226 duos.
1102 3164 1202 3238 quibus
1232 3173 1361 3235 tanquam
1384 3158 1730 3230 fistulaususserpontiua
1753 3159 1782 3214 in

135 3257 197 3306 erat
212 3248 346 3322 precepti,
362 3266 416 3324 quo
435 3249 594 3323 praecipitur
619 3259 649 3307 nt
668 3251 760 3309 omnis
776 3251 869 3308 anima
883 3268 931 3325 po·
988 3255 1124 3327 paradiso,
1145 3251 1265 3308 aliorum
1288 3250 1372 3309 corda
1397 3249 1576 3318 sollicitabat,
1592 3257 1619 3306 et
1632 3248 1667 3305 ad
1681 3248 1785 3305 discor·

133 3336 493 3396 testatibussublimioribus
503 3338 614 3397 subdita
624 3339 662 3396 sit
675 3340 764 3412 (Rom.
780 3342 845 3412 ιιιιι)
861 3340 932 3398 :aui·
988 3345 1062 3401 diam
1076 3347 1200 3418 urgebat.
1221 3345 1326 3401 Horum
1350 3359 1423 3400 unus
1437 3341 1601 3407 Archadius,
1621 3340 1691 3395 alter
1703 3339 1785 3395 dioe-

133 3427 191 3482 mal
208 3442 323 3501 namque
339 3429 492 3495 oculatum,
512 3435 540 3483 et
561 3427 685 3502 undique
703 3428 933 3503 circumspectum
988 3436 1070 3492 batur
1092 3434 1243 3493 Columbos
1268 3432 1407 3491 contrario
1422 3431 1475 3488 sibi
1491 3438 1571 3486 utens
1586 3427 1698 3485 nomine
1716 3444 1721 3483 :
1736 3442 1784 3484 cor

131 3524 204 3586 erat,
213 3524 242 3573 et
252 3525 283 3574 ut
295 3516 505 3573 immaculatum
521 3524 653 3584 maneret,
664 3516 730 3574 hinc
745 3517 933 3577 indecircum·
988 3540 1107 3598 namque
1119 3522 1178 3598 ejus
1193 3539 1249 3580 non
1262 3539 1278 3578 a
1293 3521 1399 3578 malitia
1412 3519 1487 3578 fellis
1500 3518 1634 3586 alienum,
1650 3516 1698 3574 sed
1712 3515 1786 3573 siout

131 3609 284 3685 spectabat.
310 3611 370 3665 lam
399 3624 465 3664 vero
491 3607 569 3664 oneri
600 3611 774 3682 superposito
797 3612 934 3669 cervicem
989 3611 1412 3689 apostolusPetrusSimoniait,
1429 3605 1786 3675 inlelleamaritudinis,et

132 3715 304 3774 supponens,
330 3696 428 3754 iratres
451 3706 592 3771 susceptos
615 3696 694 3767 addi,
711 3705 738 3755 el
760 3699 825 3773 (luia
840 3700 935 3774 opinio
989 3703 1157 3776 obligatione
1182 3701 1338 3775 iniquitatis
1352 3708 1410 3758 erat
1426 3715 1591 3758 conuersum
1606 3698 1617 3771 (
1632 3699 1693 3754 Art.
1708 3695 1784 3767 ursi).

133 3787 687 3864 ejnsjameorumauresallexerat,laetis
701 3804 763 3846 eum
776 3789 935 3846 devotionis
990 3795 1021 3850 ln
1045 3792 1144 3850 borum
1166 3808 1231 3866 ergo
1252 3790 1347 3861 corda,
1367 3789 1441 3847 sicut
1462 3797 1489 3846 et
1511 3789 1598 3858 ludae,
1621 3786 1739 3844 immisit
1757 3800 1787 3841 se

134 3876 342 3950 amplectuntur
357 3877 451 3944 ulnis;
474 3893 575 3952 eosque
592 3884 619 3934 et
639 3877 697 3951 ipse
716 3878 857 3953 reciproco
870 3895 936 3953 gre·
989 3883 1127 3953 diabolus,
1143 3890 1173 3940 ut
1189 3882 1349 3958 magistrum
1364 3879 1514 3947 traderent,
1530 3884 1665 3951 quatenus
1679 3891 1711 3931 eo
1726 3890 1787 3948 pro·

135 3964 214 4024 midi
231 3964 396 4025 ⁰01¹f0l0hai
411 3979 514 4020 affim-
991 3973 1085 4048 iugato
1107 3991 1173 4032 oues
1196 3973 1256 4031 sine
1280 3981 1388 4046 pastore
1402 3969 1564 4042 confligatas
1590 3965 1787 4025 distraherent.

331 4066 468 4123 Prreolaro
483 4064 539 4120 suis
557 4063 604 4120 dut
618 4063 729 4120 monito.
990 4065 1085 4137 ltaque
1104 4062 1152 4119 diu
1174 4079 1222 4120 sua
1242 4063 1387 4120 occuluere
1409 4059 1564 4126 conamina,
1581 4057 1709 4116 clanculo
1719 4054 1788 4114 asci-

171 4155 200 4215 8.
217 4154 306 4228 Cupit
322 4155 427 4211 interea
442 4154 471 4212 in
490 4171 585 4212 eorum
607 4152 789 4213 interioribus
803 4153 938 4211 aruisse-
991 4158 1099 4210 scentes
1112 4169 1168 4209 sua
1182 4166 1251 4224 quos
1266 4160 1379 4224 potuere
1393 4149 1516 4221 perfidiae
1541 4147 1596 4205 Sed
1610 4147 1728 4220 quadam
1742 4143 1788 4202 die

136 4242 320 4303 miuadiviui
344 4259 433 4300 serere
456 4243 545 4314 verbi,
574 4260 629 4318 quo
648 4243 759 4301 doceret
786 4258 834 4301 eos
859 4241 938 4300 uitiis
991 4258 1055 4298 cum
1078 4238 1132 4312 jam
1158 4247 1186 4295 et
1208 4254 1323 4295 numero
1346 4236 1528 4303 confiderent,
1554 4242 1581 4290 et
1596 4236 1702 4291 rabiem
1716 4235 1790 4290 ultra

136 4335 215 4413 [ol.,
230 4333 335 4411 vanis]
357 4333 495 4390 abdidatis
508 4334 646 4391 virtutum
662 4332 794 4407 prendere
808 4332 935 4390 culmen:
992 4332 1080 4387 celare
1093 4328 1248 4403 nequirent,
1269 4326 1359 4383 veluti
1379 4325 1490 4383 damma
1503 4324 1552 4380 diu
1572 4338 1664 4397 pressa
1677 4329 1789 4395 repente

135 4426 283 4483 oculorum
297 4424 384 4481 aciem
401 4422 569 4498 purgandam
585 4421 759 4492 interiomm,
776 4422 841 4496 quia
857 4436 936 4477 mun·
951 4461 975 4520 D
993 4421 1022 4477 iu
1039 4418 1179 4493 publicum
1200 4423 1393 4493 prorumpunt.
1411 4413 1504 4472 Factio
1519 4413 1593 4469 enim
1611 4411 1748 4469 melonum
1772 4427 1789 4467 a

135 4512 191 4571 dus
205 4514 279 4570 Deus
292 4512 382 4569 videri
397 4511 509 4569 nonnisi
519 4510 601 4569 claris
616 4510 760 4567 obtutibus
774 4508 875 4584 possit:
889 4509 936 4566 ira
991 4509 1098 4567 duobus
1111 4509 1230 4567 excitata
1251 4505 1391 4580 signiferis
1407 4504 1475 4561 adeo
1493 4501 1645 4570 convaluit,
1666 4508 1697 4557 ut
1710 4500 1761 4556 uis
1773 4516 1790 4556 a

136 4602 272 4660 ioetuoam
287 4602 449 4674 trabemque
462 4601 519 4659 odii
539 4600 649 4674 penitus
663 4598 880 4674 propellendam,
896 4597 937 4654 li·
992 4601 1118 4675 magistri
1129 4601 1204 4660 caede
1218 4607 1246 4657 et
1261 4598 1401 4656 bonorum
1416 4597 1541 4654 uirorum
1559 4594 1607 4668 qui
1622 4591 1676 4650 sibi
1690 4591 1791 4649 adba-

136 4689 245 4748 bidiuis
259 4689 366 4747 bostem
382 4706 438 4747 non
458 4690 571 4747 modoa
588 4705 714 4764 corpore,
740 4705 836 4747 verum
855 4695 885 4744 et
902 4686 937 4746 ab
992 4693 1088 4749 rebant
1098 4692 1226 4749 manibus
1239 4696 1434 4762 temperarent.
1445 4686 1578 4746 Videntes
1593 4700 1675 4759 porro
1690 4680 1791 4756 quibus

137 4779 235 4839 auimo
259 4795 434 4853 summopere
457 4780 607 4838 arcendum
624 4798 630 4837 ε
650 4795 774 4837 asserens
796 4795 853 4836 nou
880 4793 938 4835 esse
993 4782 1147 4856 periculum
1161 4780 1334 4846 imminebat,
1355 4795 1410 4853 qun
1429 4785 1494 4834 vota
1509 4775 1637 4833 tenebant
1656 4772 1791 4831 inimico-
1838 4840 1840 4845 .

137 4869 254 4928 domum
275 4870 387 4944 dignam
415 4870 588 4927 habitatione
613 4869 735 4943 Spiritus
758 4870 858 4939 sancti,
881 4869 938 4925 imo
993 4889 1056 4930 rum
1083 4870 1155 4948 [ul.,
1171 4871 1332 4947 iniquorum
1352 4868 1377 4944 ],
1402 4869 1473 4942 iuga
1497 4864 1622 4924 subsidio
1644 4880 1673 4921 se
1695 4876 1790 4920 eorum

137 4960 265 5034 reingere
297 4977 346 5019 cor
372 4959 580 5019 colluvionibus
607 4960 760 5019 immundis
787 4969 938 5020 assumam.
995 4963 1123 5020 manibus
1136 4962 1310 5036 eripuerunt,
1321 4966 1349 5016 et
1360 4957 1543 5016 inerolesiam
1560 4955 1587 5012 S.
1604 4951 1718 5010 ioannis
1732 4965 1791 5006 sess

138 5049 278 5109 liundum
301 5057 329 5108 et
347 5065 408 5123 quae
424 5049 485 5124 ejus
503 5056 578 5119 sunt,
599 5066 615 5106 a
633 5050 724 5108 cordis
738 5066 832 5108 amore
844 5051 940 5108 seolu-
995 5053 1183 5119 contulerunt,
1198 5049 1311 5108 Domini
1335 5046 1466 5121 potestati
1484 5052 1512 5103 et
1531 5038 1730 5100 misericordias
1743 5053 1791 5095 oor

137 5139 264 5199 deudum
286 5139 398 5215 penitus
411 5140 562 5208 affirmans,
577 5139 649 5197 nibil
666 5147 767 5214 preter
780 5140 941 5213 quoduam
996 5143 1155 5215 animasque
1171 5159 1235 5199 suas
1248 5140 1483 5198 commendantes.

135 5228 225 5304 jussit
249 5229 281 5287 in
301 5229 366 5288 sede
389 5230 503 5299 amoris,
526 5227 555 5288 id
578 5238 620 5288 est
638 5230 666 5287 in
687 5229 834 5304 principali
849 5229 942 5287 cordis
1195 5234 1284 5290 Corda
1299 5247 1390 5287 eorum
1403 5227 1510 5284 mollire
1524 5230 1614 5282 tentat.

137 5317 302 5389 mmm»
320 5319 351 5378 id
365 5326 408 5378 0⁸¹
424 5317 603 5378 diloeli0¹¹⁰m
625 5317 677 5375 ⁰01
696 5315 895 5390 superomnia,
915 5324 943 5373 0¹
1034 5327 1284 5384 ll.Bcatusautem
1295 5333 1321 5383 et
1332 5323 1481 5399 peromnia
1492 5313 1794 5390 mitissimusAigulius

138 5409 266 5487 mi
278 5419 342 5487 Μ
354 5412 493 5472 D⁰¹¹¹1¹²⁰⁸
503 5408 629 5486 ‘ium‘
639 5417 737 5484 imir
747 5406 816 5478 hm»
831 5414 860 5465 ⁰¹
871 5424 941 5482 que.
998 5436 1054 5477 non
1064 5417 1359 5492 immemorpatientia
1369 5431 1425 5474 sua
1439 5407 1694 5471 stmansnetudinis
1704 5405 1793 5465 solitae

177 5556 233 5617 ⁸iu
247 5556 328 5619 Actis
338 5572 358 5617 s
368 5555 520 5618 Vincentio
539 5553 649 5615 Barrsli
669 5551 870 5614 consarcinatis
888 5553 945 5613 Ai-
1018 5547 1250 5612 raluissedicitur
1262 5566 1268 5605 :
1281 5548 1354 5622 qnod
1369 5545 1448 5622 pauci
1460 5542 1710 5619 praterBarralem
1726 5556 1788 5616 pro·

139 5627 238 5701 mlius
249 5628 330 5707 prius
337 5627 505 5689 monasterio
515 5626 545 5687 S.
553 5623 676 5687 Anniani
690 5625 765 5701 apud
777 5623 945 5684 Aurelianos
1020 5624 1103 5682 'disse
1117 5621 1258 5680 videntur.
