3834 6136
191 223 242 285 28?

847 211 1000 290 usunnui
1018 208 1180 267 nonnoni

1793 196 1851 257 288

192 351 222 408 iu
237 347 351 422 prelato
371 343 466 401 codice
488 341 560 398 facta
581 348 637 397 tam
656 337 739 410 longa
760 336 922 464 exssunctio,
937 353 988 393 neo
1002 339 1027 398 A
1043 333 1216 406 ronymianis
1241 337 1417 388 mutuatum:
1435 335 1463 384 at
1482 334 1548 384 uota
1562 327 1628 383 satis
1649 325 1705 382 fnit
1717 333 1746 383 et
1760 325 1853 400 ipsius

193 438 238 490 ue,
252 427 327 477 certo
341 423 459 474 statuere
470 414 606 485 integrum
621 428 675 467 non
685 419 742 476 est;
754 411 792 465 mi
816 410 823 464 i
838 425 987 465 consensus

1041 414 1068 463 et
1082 405 1196 464 hlenelei
1212 404 1307 460 itidem
1323 402 1430 459 abbatis
1445 399 1588 466 sanctitas,
1603 407 1634 455 ut
1649 398 1684 454 iis
1698 414 1793 455 sacros
1808 399 1850 456 ia·

192 492 319 552 codicum
335 489 419 544 ferme
434 487 558 542 omnium
581 483 690 540 abunde
712 484 821 554 probat,
837 488 986 551 utrumque
1040 486 1098 535 stos
1114 477 1294 547 locupletaret
1311 474 1459 538 Usuardus,
1494 470 1549 527 uod
1567 485 1631 552 eum
1650 469 1749 526 fecisse
1765 468 1851 550 indu·

192 572 318 622 sanctuni
336 576 400 615 vere
418 558 452 614 ab
475 556 599 614 Usuardo
622 555 706 611 tuisse
727 554 929 624 consignatum.
951 554 986 608 Αι
1039 550 1158 606 bitaluiii
1170 556 1307 620 putamus,
1316 544 1451 619 quidquid
1491 541 1853 625 olenushicrursumguste

193 633 344 707 expunctio
366 638 393 687 et
415 630 570 701 corruptela
586 626 729 682 manifeste
750 633 861 696 apparet
877 625 905 680 in
927 641 985 679 ver·
1040 621 1241 691 scrupulosior,
1256 620 1373 673 alterum
1390 620 1605 698 praetermiserit.
1622 612 1775 695 {ltriusque
1792 613 1853 694 ab·

192 706 237 763 bis
250 706 307 761 illis
323 723 329 759 :
346 706 377 760 lii
387 698 659 775 popellotomopensi,
674 705 780 769 utpote,
802 713 843 751 ue
859 697 887 751 iii
903 696 988 751 nullis
1041 694 1112 748 halis
1137 691 1208 747 Vite
1237 691 1308 745 iuter
1333 687 1526 744 benedictinas
1546 684 1740 741 allabillonio
1767 685 1855 741 editae

193 776 337 835 codicibus
352 773 538 846 reperiuntur,
552 779 734 897 &relinquam
750 768 778 823 in
813 768 914 823 ratensi
923 776 950 822 ει
962 767 987 822 ei
1041 771 1123 829 suut;
1140 761 1337 833 wandregisili
1358 776 1419 816 srec.
1447 776 1478 826 ii,
1502 773 1599 829 apag.
1625 755 1695 823 erm
1720 757 1853 825 blenelei,

193 847 549 914 consimilibus,ilutuerp.·
579 839 987 912 aj.,lloswoyd.elAquicinct.

193 922 300 978 caeteris
315 917 443 974 omnibus
457 922 615 971 constanter
631 929 694 968 cuni
710 919 790 967 leiitu
810 911 965 982 legentibus
982 928 988 965 :

193 987 524 1054 Pontiuelloniouaslerio,
537 1000 591 1058 quo
606 983 687 1039 modo
699 983 782 1039 etiain
794 983 890 1110 Krocul
905 981 990 1037 dubio

195 1062 225 1120 iu
238 1063 369 1135 predicto
383 1058 507 1115 Pratensi
522 1056 616 1113 codice
632 1055 708 1127 prius
722 1055 792 1110 habe
812 1061 893 1120 atur;
911 1068 991 1125 quem

194 1142 286 1191 tamen
301 1133 435 1189 idcircoa
474 1129 531 1185 uris
549 1127 631 1183 hodie
651 1142 707 1181 uon
729 1124 909 1182 exclusimus.
932 1124 993 1179 Non

195 1206 285 1263 ausim
305 1217 426 1261 asserere
438 1147 673 1270 wandregisilum
690 1213 725 1253 ex
739 1195 910 1252 auctioribus
925 1195 994 1250 llis-

1043 834 1136 892 saeculi
1153 852 1193 902 ni,
1211 834 1322 905 portel,
1338 849 1353 887 a
1368 847 1427 959 qag.
1439 829 1499 886 404.
1516 830 1554 886 De
1567 827 1774 909 wandregisilo
1785 844 1854 909 yer-

1044 907 1164 963 siculum
1179 903 1333 986 composuit
1357 900 1582 982 wandalbertus,
1598 900 1642 981 oui
1658 899 1731 956 forte
1746 916 1771 954 is
1781 915 1853 971 yuu-

1046 976 1274 1106 gerqiqqsdqqqhqlui
1289 974 1334 1031 die
1350 973 1525 1048 precedenti,
1542 978 1627 1027 tertio
1642 972 1703 1028 loco
1713 970 1851 1027 habetur.

1091 1201 1265 1265 vandregisle
1277 1201 1324 1250 tibi
1342 1200 1390 1250 bac
1404 1198 1587 1248 monachorum
1601 1207 1660 1248 vota
1676 1206 1825 1250 recurrunt.

926 1319 1116 1377 nucinum.

231 1443 390 1507 Hsiiirviiin,
401 1448 499 1497 caetera
508 1437 683 1510 purissimus,
692 1437 721 1491 in
730 1434 786 1516 fine
796 1432 894 1515 adjicit
907 1451 912 1489 :
924 1435 996 1505 ‹lpso

196 1513 251 1581 die,
274 1512 419 1569 translatio
443 1518 544 1567 sancta
568 1507 727 1565 Theodosias
742 1521 897 1577 virginis.»
922 1505 995 1561 Pro—

196 1584 283 1657 priam
297 1584 418 1656 aliquam
432 1582 485 1638 loci
500 1580 678 1637 festivitatem
696 1578 837 1634 existimo.

232 1656 387 1711 Pousinon.
412 1654 468 1710 inci
491 1654 529 1708 it:
553 1676 562 1698 ι
585 1649 690 1706 Natalis
709 1648 872 1705 beatissimae
897 1647 991 1704 Maria>

196 1726 396 1798 Magdalenae.»
421 1726 452 1780 In
472 1671 589 1778 i'latone
609 1737 693 1793 purus
714 1729 763 1786 est,
787 1719 817 1773 iii
841 1719 992 1791 Synlyche,

196 1797 304 1853 modice
321 1797 510 1867 interpelatus.
522 1793 623 1849 Omisit
638 1789 890 1862 Waudregisilum:
909 1791 992 1846 iohle-

196 1870 276 1925 neleo
292 1868 392 1923 iterum
408 1883 503 1938 purus.
892 1932 897 1942 1

232 1940 375 1995 Anruenr.
384 1947 411 1994 et
424 1935 628 1999 Mum-Luem,
637 1935 808 1991 Uenetiiin.
819 1930 952 1990 deficiunt
964 1933 994 1988 iii

197 2011 297 2067 ultima
309 2008 529 2074 annuntiatione,
545 2014 643 2062 cetera
657 2006 730 2078 puri.

232 2082 342 2137 blotan.
359 2080 434 2136 deest
449 2077 658 2149 wandregisili.

233 2152 476 2217 durusne-Man,
487 2148 824 2214 Uirniiiecr.,buvnisn.et
840 2149 993 2203 [rotantes.

198 2223 354 2296 incipiunt:
378 2246 387 2269 ι
411 2222 505 2278 Natale
527 2221 612 2277 beate
637 2219 728 2275 illaria
752 2219 931 2290 Magdalenae,
962 2218 995 2273 de

198 2312 262 2369 qua,
277 2302 308 2351 ut
322 2294 503 2365 Evangelinm
520 2291 612 2359 refert,
629 2299 732 2363 septem
748 2291 884 2347 daemonia
903 2289 995 2346 Doril-

198 2384 251 2424 nus
261 2366 350 2438 ejecit.
365 2391 373 2412 ι
393 2363 567 2438 Sequiturde
581 2365 704 2430 Platone,
717 2362 859 2434 Syntyche
870 2372 897 2418 ει
912 2363 995 2418 won-

198 2438 340 2511 dregisilo,
352 2439 419 2494 satis
433 2451 510 2509 pure.
520 2437 601 2491 Deest
612 2434 640 2490 in
651 2434 705 2489 fine
720 2434 930 2490 annuntiatione
944 2433 996 2489 ble-

199 2511 282 2568 nelei.

235 2585 431 2638 Auerncsnet
441 2583 538 2636 [linis.
554 2579 594 2634 sic
606 2578 769 2634 ordiuntur:
789 2577 898 2632 ‹Natale
912 2575 997 2630 beatas

199 2653 291 2709 tiaris
315 2652 490 2720 Magdalenae.
505 2650 675 2705 Haecestilla
685 2647 996 2719 peccatrixbeatissima,

219 2741 260 2780 uae
282 2720 482 2795 profluentibus
505 2720 637 2775 mundata
661 2718 801 2844 lacrymis,
823 2719 896 2799 ¹lavit
916 2717 998 2789 pedes

200 2741 312 2853 Comini
328 2791 537 2849 discumbentis.
558 2791 622 2846 llaec
640 2797 681 2845 est
696 2789 744 2844 ila
761 2789 862 2845 mulier
876 2804 999 2859 evange-

201 2866 265 2933 lica,
281 2881 341 2936 quae
356 2863 467 2936 profusa
483 2861 766 2940 dulcedinepielatis,
782 2869 925 2933 unguento
940 2877 998 2931 pie·

201 2936 352 2992 tiosissimo
366 2942 445 3007 caput
463 2932 546 2989 uniiit
563 2932 740 2988 Dominioum
756 2940 880 3005 ternpore
896 2931 999 3003 passio·

201 3008 255 3064 nis.
272 3007 335 3063 llaec
357 3014 398 3062 est
413 3006 460 3061 illa
480 3004 667 3076 apostolorum
691 3003 824 3074 apostola,
849 3019 909 3076 quae
925 3003 1000 3074 prior

201 3078 308 3136 caeteris
321 3078 424 3144 videre,
436 3086 463 3133 et
477 3076 605 3131 nuntiare
617 3075 716 3130 meruit
732 3075 847 3146 gloriam
859 3090 1000 3154 resurgen-

202 3152 250 3207 tis.
280 3174 289 3197 ι
312 3151 354 3230 'In
376 3148 498 3221 reliquis,
515 3148 548 3204 de
563 3148 686 3216 Platone,
702 3156 767 3216 etc,
783 3163 845 3204 cuin
862 3147 1001 3220 prioribus

202 3228 382 3280 conveniunt.

238 3291 421 3351 celicias:
446 3290 567 3347 ‹Natale
590 3289 756 3347 beatissime
780 3289 873 3346 Mariae
892 3289 999 3364 Magda-

203 3365 281 3422 lenae.
293 3367 331 3421 De
365 3380 409 3432 ua,
426 3370 457 3419 ut
471 3362 652 3434 Evangelium
671 3362 764 3428 refert,
776 3371 878 3434 septem
892 3363 1000 3418 demo-

202 3436 250 3493 nia
263 3380 502 3509 ejecitilominus.
518 3434 554 3489 Et
568 3434 692 3490 Santhile
708 3431 877 3507 [syntyches
902 3434 998 3502 beate,

203 3524 264 3581 quae
287 3507 423 3578 Philippis
444 3504 548 3561 dormit
570 3507 687 3577 sepulta,
711 3521 764 3577 qua
781 3502 874 3578 [quam
904 3506 1002 3562 beatus

202 3579 352 3650 Apostolus
365 3594 416 3633 suo
430 3592 555 3631 sermone
565 3576 751 3632 commendat.
761 3577 864 3632 Aneira
896 3577 999 3645 alaoiae,

203 3650 292 3706 sancti
315 3647 436 3704 Platonis
465 3655 535 3703 mart
557 3646 604 3702 ris.
630 3647 795 3702 hlonasterio
822 3648 998 3715 Fontauella,

204 3719 340 3792 depositio
354 3718 524 3774 sanctiwan
546 3714 999 3788 regisiliabbatis,'inoliticonfes·

204 3792 285 3848 soris.
304 3791 336 3846 lu
349 3788 491 3845 territorio
506 3789 655 3857 ditonico,
675 3789 765 3845 sancti
780 3789 897 3847 bleuelei
910 3789 1000 3846 abba-

204 3863 274 3919 iis.»

239 3935 419 3991 Bromium.
442 3931 540 4003 incipit
568 3930 667 3987 iisdem
690 3930 784 3987 verbis
807 3932 908 4004 quibus
921 3948 1004 4003 supra

205 4009 365 4064 Aminoei.
377 4012 404 4059 et
424 4004 522 4059 Drinio.
543 4003 614 4058 Tuiu
633 4001 667 4058 de
685 4002 828 4083 syntyche
842 4012 869 4060 et
890 4005 1003 4059 Platone

205 4078 270 4134 satis
284 4091 360 4148 pure.
375 4077 491 4131 hemum
509 4092 515 4128 :
539 4074 909 4143 ‹MonasterioFontenelle,
922 4075 955 4131 de
976 4091 1003 4130 o·

205 4149 270 4204 sitio
284 4146 370 4204 sancti
387 4145 582 4216 wandregisili
599 4145 706 4201 abbatis
720 4152 748 4200 et
759 4145 934 4203 confessoris.
950 4091 1004 4213 Cui

205 4219 259 4276 fuit
273 4218 348 4274 silius
376 4216 538 4284 Walachisi‚
550 4217 642 4272 fratris
655 4217 781 4289 Ansegisi
791 4217 881 4287 ducis,
890 4227 917 4274 et
931 4217 1004 4274 beati

205 4289 343 4362 Ainulphi
363 4306 397 4346 er
412 4288 471 4345 filio
493 4304 586 4360 nepos.
605 4288 655 4346 llic
670 4289 725 4345 fuit
749 4289 855 4360 primus
872 4290 1005 4347 fundator

206 4361 364 4418 monasterii
385 4360 614 4429 Fontauellensis,
631 4359 679 4415 ubi
697 4368 724 4416 et
744 4361 801 4433 ipse
816 4361 1004 4418 carnisonere

205 4434 339 4506 deposito,
356 4432 394 4488 mi
415 4432 486 4488 ravit
508 4430 542 4488 ad
555 4431 707 4489 Christum.
731 4431 783 4489 Sed
817 4442 891 4490 ostes
904 4449 1004 4505 corpus

205 4505 265 4578 ejus
279 4506 307 4561 in
316 4449 470 4587 blandinio
484 4504 648 4560 translatum
659 4513 728 4560 est.»
742 4449 825 4561 eiiii
839 4504 867 4560 in
882 4505 1004 4562 Romano

205 4585 396 4633 annuntiatur.

241 4649 422 4704 llaounoricn.
438 4647 549 4719 incipit:
568 4646 666 4718 ‹Apud
680 4647 837 4719 Aqurnsem
848 4647 1001 4705 Provinciae

204 4717 360 4785 civitatem,
375 4717 510 4788 depositio
525 4725 626 4772 sancte
641 4717 733 4772 Mariae
748 4718 925 4788 Magdalenae,
960 4737 1002 4774 uae

205 4787 308 4844 nobilis
330 4794 387 4841 erat
407 4801 514 4855 genere,
535 4785 583 4841 sed
608 4794 665 4841 tota
688 4787 808 4842 lascivias
836 4786 909 4843 data.
939 4736 1002 4845 iiaee

205 4857 345 4917 Christum
358 4855 457 4911 dilexit
468 4863 495 4909 ει
511 4855 592 4926 pedes
601 4854 660 4924 ejus
671 4855 804 4927 lacrymis
812 4859 1000 4929 compunctio-

206 4932 250 4988 nis
271 4928 349 4997 lavit,
373 4934 401 4983 et
428 4933 568 4997 unguento
593 4926 724 5004 perunxit
750 4945 755 4981 :
777 4926 890 5005 Christo
904 4934 931 4983 et
945 4930 1003 4985 suis

206 5018 302 5060 omnes
321 4999 434 5058 divitias
455 5013 517 5054 suas
540 4995 616 5051 dedit
639 5013 644 5051 :
668 4996 752 5052 verba
775 5013 834 5068 eyus
859 4999 893 5054 ad
922 4999 1002 5070 peiles

207 5073 282 5130 illius
296 5072 392 5130 sedens
410 5069 505 5126 audire
525 5067 640 5124 solebat.
662 5067 747 5141 Cujus
768 5084 860 5124 amore
875 5070 1003 5128 Christus

204 5145 335 5201 Lazarum
350 5142 462 5197 fratrem
477 5139 536 5211 ejus
551 5139 706 5197 suscitavit.
724 5141 754 5196 ln
769 5142 902 5198 convivio
918 5152 1001 5218 caput

205 5213 317 5271 Douiini
360 5213 483 5280 erunxit,
504 5226 553 5283 pro
575 5228 630 5284 quo
653 5211 738 5268 ludas
761 5216 948 5271 murmuravit
976 5225 1003 5272 et

206 5284 332 5342 Christus
343 5229 496 5364 iactabatur¹
506 5301 512 5350 ;
524 5281 606 5363 justa
619 5298 726 5339 cruceni
741 5283 817 5339 stetit
833 5286 1003 5343 :Dominum

205 5356 289 5412 eliam
304 5372 332 5411 se
352 5356 418 5412 elire
437 5362 520 5428 yenit,
545 5371 605 5427 eyus
629 5371 728 5427 corpus
748 5365 887 5413 mortuum
903 5376 1004 5432 ungere

206 5425 305 5482 voluit.
326 5373 418 5482 tirius
443 5428 523 5483 illum
541 5434 601 5500 post
621 5425 851 5508 resurrectionem
874 5429 956 5498 vidit,
978 5440 1005 5486 et

206 5499 390 5571 apostolorum
420 5500 543 5555 aostola
567 5514 583 5553 a
612 5500 730 5554 Domino
755 5504 824 5555 tuuc
851 5508 891 5557 est
916 5501 1003 5571 facta,

206 5568 317 5644 quando
333 5515 477 5640 discipuiis
496 5570 610 5642 gloriam
633 5569 745 5626 Domini
760 5571 911 5628 nuntiavit.
928 5573 1005 5630 lianc

206 5640 295 5721 angeli
311 5640 523 5696 consolabantur
541 5641 575 5696 ad
591 5641 758 5714 sepulcrum,
776 5641 822 5696 sed
837 5643 886 5698 illa
901 5660 1005 5700 conso·

207 5712 258 5769 lari
273 5727 328 5769 nori
343 5712 451 5783 potuit:
466 5712 576 5768 Christo
590 5713 619 5768 in
641 5730 654 5768 s
674 5713 730 5769 ecie
745 5713 886 5771 hortularii
909 5715 1006 5788 loqui-

209 5792 264 5856 tur,
286 5791 313 5842 et
331 5782 412 5840 illuru
426 5797 482 5837 uoii
498 5784 631 5855 agnoscit.
655 5730 721 5842 ilaec
738 5791 801 5858 post
814 5786 1006 5848 ascensionem

1050 1434 1162 1490 Domini
1179 1435 1339 1492 inexilium
1355 1450 1370 1489 a
1388 1432 1492 1490 tudets
1510 1431 1594 1489 missa
1609 1447 1674 1489 cuin
1690 1433 1754 1491 aliis
1777 1434 1859 1493 Chri·

1049 1507 1145 1562 stianis
1166 1516 1216 1574 est,
1232 1507 1283 1580 'qui
1309 1505 1373 1562 navi
1394 1505 1453 1561 sine
1477 1503 1561 1560 remis
1581 1504 1707 1576 impositi
1731 1515 1810 1576 sunt,
1833 1515 1860 1563 et

1048 1578 1196 1634 blaisillam
1212 1581 1268 1635 Deo
1288 1578 1370 1634 dante
1397 1576 1703 1657 appropinquaverunt,
1730 1577 1778 1632 ubi
1811 1595 1860 1650 per

1049 1650 1118 1705 mira
1128 1650 1224 1715 vlllariae
1239 1649 1403 1720 Magdalenae
1415 1655 1441 1704 et
1453 1648 1572 1702 alioruin
1583 1663 1698 1703 suorum
1714 1649 1856 1706 sodalium

1048 1729 1105 1776 tota
1120 1721 1167 1776 illa
1182 1738 1246 1792 geris
1262 1736 1394 1777 conversa
1407 1727 1448 1775 est
1467 1719 1501 1774 ad
1522 1717 1684 1783 Dominum,
1700 1736 1748 1801 per
1763 1721 1847 1776 mira·

1047 1793 1140 1849 culum
1156 1792 1259 1848 factum
1272 1793 1301 1848 in
1322 1791 1401 1857 niari,
1428 1790 1462 1846 de
1485 1806 1570 1862 puero
1590 1790 1723 1862 principis
1736 1808 1847 1849 conser-

1010 1874 1122 1934 pvato,
1138 1872 1164 1919 et
1185 1881 1272 1919 uxora
1290 1862 1349 1934 ejus
1364 1862 1505 1919 defuncta.
1524 1862 1628 1918 Deinde
1645 1878 1694 1934 pro
1708 1862 1849 1920 desiderio

1049 1935 1152 1995 Christi
1161 1943 1188 1992 et
1199 1934 1281 1991 taedio
1293 1934 1449 2000 hominum,
1457 1942 1487 1989 ut
1499 1932 1568 1990 dicit
1581 1932 1850 2006 Iosephus,triglnta

1049 2007 1129 2063 annis
1149 2007 1177 2062 in
1201 2007 1312 2064 heremo
1334 2005 1417 2074 vixit,
1442 2003 1602 2060 homiuibus
1623 2004 1774 2078 incognita.
1798 2023 1850 2064 nec

1049 2079 1142 2135 cibum
1158 2095 1209 2135 uec
1224 2088 1319 2149 potum
1336 2077 1487 2134 humanum
1503 2092 1624 2132 sumens.
1637 2076 1752 2158 Semper
1769 2077 1848 2135 horis

1050 2150 1190 2208 canonicis
1205 2151 1294 2221 angeli
1310 2166 1367 2205 eain
1384 2149 1413 2204 in
1425 2165 1488 2204 aeia
1502 2147 1649 2216 vehebant,
1662 2149 1709 2204 ubi
1724 2151 1850 2207 coelestes

1050 2230 1147 2280 eantm
1161 2221 1273 2277 auribus
1287 2220 1379 2276 cordis
1397 2219 1535 2287 audiebat,
1558 2228 1585 2275 ει
1599 2219 1639 2276 sic
1661 2221 1771 2278 samad
1786 2239 1800 2276 s
1843 2253 1848 2260 -

1052 2295 1161 2350 luricam
1182 2310 1258 2349 suain
1279 2292 1403 2349 satiatam
1428 2291 1527 2346 iteruin
1548 2290 1725 2348 reducebant.
1747 2294 1778 2348 ln
1816 2310 1850 2350 ue

1052 2367 1116 2422 vite
1138 2380 1257 2436 suaper
1277 2364 1386 2420 beatum
1414 2363 1597 2419 Maximinum
1622 2363 1782 2437 episcopum
1808 2372 1851 2422 est

1051 2437 1265 2504 communicata,
1290 2445 1317 2492 et
1340 2443 1407 2493 tunc
1429 2451 1519 2491 corani
1545 2434 1625 2490 altari
1646 2451 1675 2491 se
1689 2437 1850 2506 prostravit,

1051 2518 1079 2567 ει
1096 2508 1225 2564 omnibus
1246 2507 1389 2563 orantibus
1409 2506 1489 2572 obiit,
1512 2511 1540 2562 et
1562 2505 1633 2561 odor
1651 2507 1778 2579 corporis
1791 2507 1851 2588 ey'us

1053 2581 1148 2636 inullis
1162 2588 1253 2662 postea
1267 2579 1364 2635 diebus
1380 2577 1417 2633 ibi
1438 2577 1618 2646 sentiebatur,
1633 2585 1661 2634 et
1674 2595 1774 2649 corpus
1793 2596 1852 2653 eyus

1052 2652 1111 2708 sine
1126 2667 1218 2706 anima
1232 2651 1308 2707 stetit
1320 2666 1407 2723 usque
1422 2649 1487 2705 dum
1503 2665 1519 2704 a
1533 2650 1613 2706 beato
1627 2649 1782 2706 Maximino
1796 2651 1852 2724 epi·

1053 2739 1135 2794 scopo
1147 2723 1170 2778 ei
1195 2722 1352 2793 sepulcrum
1373 2721 1586 2792 praeparabatur,
1610 2729 1637 2777 ει
1652 2720 1690 2777 ibi
1708 2720 1780 2778 fiunt
1796 2723 1854 2778 mi-

1053 2795 1146 2850 racula
1160 2793 1248 2848 multa
1262 2809 1310 2865 per
1331 2793 1429 2848 merita
1444 2793 1530 2848 illios.
1547 2793 1659 2864 Sepulta
1670 2800 1713 2848 cst
1736 2794 1852 2866 Magda-

1053 2867 1116 2922 lena
1132 2866 1162 2920 in
1176 2864 1296 2938 Aquensi
1320 2863 1443 2931 civitate,
1466 2864 1513 2919 sed
1538 2872 1632 2936 postea
1653 2864 1789 2920 translata
1813 2872 1854 2921 est

1053 2939 1089 2995 ad
1103 2936 1326 2993 Vecellianum.›
1348 2937 1411 2992 llaec
1426 2943 1452 2991 et
1466 2934 1626 3006 hujusmodi
1641 2935 1696 2991 alia
1707 2937 1796 3008 inagis
1810 2937 1853 3009 pie

1054 3024 1136 3083 quam
1152 3007 1332 3089 probabilites
1353 3007 1519 3079 excogitata,
1535 3007 1678 3064 materiem
1694 3018 1852 3080 suggerent,

1055 3096 1136 3154 quain
1154 3096 1184 3135 iii
1204 3078 1281 3135 Actis
1295 3079 1483 3135 eruderemus.
1500 3079 1629 3160 Sequitur
1648 3077 1683 3135 de
1696 3078 1852 3151 Syutyelie,

1055 3155 1179 3219 Platone,
1195 3151 1317 3206 lleneleo
1331 3159 1358 3205 et
1375 3150 1579 3222 wandregisilo
1590 3151 1655 3207 satis
1671 3166 1748 3222 pure.

1016 3233 1038 3292 G
1087 3225 1247 3285 Aouioincr.
1264 3239 1322 3295 pro,
1339 3222 1425 3277 eodem
1441 3222 1503 3286 ‹tle;
1519 3221 1610 3290 habet,
1636 3222 1777 3279 Vizclioeo.
1789 3223 1852 3279 Post

1054 3296 1155 3363 scribit,
1170 3293 1292 3361 additur,
1315 3317 1327 3374 ¹.
1345 3292 1379 3347 ad
1395 3293 1595 3374 Philippenses.
1615 3294 1646 3349 lu
1666 3308 1736 3373 pago
1750 3294 1853 3352 llotho-

1055 3364 1347 3493 megensi-depositio
1371 3373 1459 3421 sancti
1480 3363 1678 3437 wandregisili
1696 3364 1807 3422 abbatis
1828 3373 1856 3421 et

1090 3459 1107 3496 ii
1121 3454 1254 3494 essoris.»

1055 3459 1546 3588 cObareis-Cieros.llininnscr.:
1561 3507 1672 3564 «Mariae
1684 3507 1854 3580 Magdalenm

1056 3581 1264 3654 wandregisili,
1277 3579 1367 3652 primo
1382 3579 1490 3646 militis,
1515 3586 1608 3650 postea
1622 3579 1751 3636 monachi
1766 3588 1794 3635 et
1809 3580 1856 3636 ab·

1056 3656 1128 3713 batis
1143 3652 1265 3708 Platonis
1284 3652 1424 3721 martyris,
1449 3650 1528 3721 cujus
1543 3659 1617 3723 gesta
1630 3651 1778 3707 habentur.
1793 3674 1803 3698 ·
1824 3653 1856 3708 ln

1058 3725 1179 3797 margine
1197 3730 1288 3778 autem
1316 3721 1503 3777 adscribitur:
1527 3747 1536 3769 ‹
1563 3723 1708 3779 Dedicatio
1732 3722 1857 3780 ecclesie

1057 3794 1186 3868 Trajecti,
1202 3810 1263 3868 quas
1276 3793 1348 3849 facta
1361 3792 1414 3849 fuit
1430 3800 1562 3867 praesente
1577 3795 1744 3868 imperatore
1757 3795 1858 3852 Roma·

1057 3883 1157 3924 norum
1172 3874 1199 3922 et
1212 3882 1253 3921 iiii
1268 3864 1412 3991 episcopis.
1427 3889 1436 3912 ι

1094 3938 1282 3997 Cirtensium:
1306 3958 1316 3984 ι
1336 3936 1356 3991 Ρ
1379 3936 1473 4011 ilippis
1487 3936 1611 4007 civitate,
1626 3936 1713 3995 beate
1730 3936 1858 3996 Sinticen

1059 4010 1205 4082 discipule
1216 4007 1306 4065 Pauli.
1318 4032 1327 4055 »

1094 4085 1124 4138 lii
1142 4080 1358 4138 vincimalus
1376 4081 1452 4138 deest
1471 4079 1669 4152 wandregisili
1684 4087 1713 4137 et
1727 4080 1857 4138 bleuelsi.

1058 4152 1197 4280 hd‘qiclgur
1204 4151 1343 4278 ¹quatale
1359 4152 1390 4209 S.
1404 4151 1538 4209 teromiui
1552 4151 1675 4225 episcopi
1687 4151 1857 4220 Ticineusis,

1059 4241 1088 4280 iii
1126 4267 1129 4275 .
1167 4238 1182 4276 o
1224 4238 1286 4277 ia.»

1093 4239 1394 4353 EpiriopLuuecoCou.
1411 4295 1444 4352 de
1460 4295 1545 4352 blaria
1556 4293 1783 4367 Magdalenafere
1794 4312 1858 4354 con-

1058 4367 1137 4422 venit
1150 4382 1212 4423 cum
1227 4366 1351 4423 bienno.
1368 4374 1395 4423 et
1409 4369 1506 4422 Davic.
1522 4368 1553 4422 lu
1571 4368 1683 4422 Platone
1696 4367 1764 4423 satis
1779 4384 1857 4440 pura.

1057 4438 1147 4493 Tum:
1163 4462 1172 4485 ι
1187 4437 1334 4510 Philippis,
1350 4437 1481 4495 dormitio
1495 4436 1630 4505 Sinticen,
1644 4454 1706 4510 quae
1720 4437 1796 4495 Phili
1836 4439 1859 4493 is

1059 4507 1162 4566 dormit
1176 4511 1293 4582 sepulta,
1304 4510 1338 4565 de
1353 4526 1407 4582 qua
1416 4510 1518 4565 Paulus
1526 4510 1666 4635 iqiostolus
1680 4509 1779 4567 scribit
1791 4455 1854 4566 iiiii·

971 4648 976 4658 Ι
1017 4592 1041 4650 1]
1060 4579 1231 4652 lippeusihus
1249 4600 1255 4636 ε
1270 4580 1442 4636 Eucbodiam
1458 4578 1530 4662 [Euo
1551 4579 1651 4655 iam]ro
1670 4590 1724 4637 oet
1734 4581 1859 4638 Sinticen

1059 4653 1200 4723 deprecor,
1215 4650 1335 4724 idipsum
1351 4667 1444 4723 sapere
1460 4668 1490 4707 in
1505 4651 1646 4708 Domino.»
1683 4652 1779 4725 eliqua
1793 4654 1859 4709 satis

1058 4739 1136 4794 pure.

1093 4793 1190 4847 Bsiin.
1207 4791 1247 4847 sic
1263 4791 1292 4846 in
1308 4791 1445 4865 principio
1464 4812 1469 4849 2
1498 4822 1506 4841 ·
1525 4795 1620 4851 Natole
1643 4801 1744 4850 sancta
1766 4793 1859 4850 illaria

1057 4861 1274 4934 Magdalenae,de
1281 4879 1338 4991 qua
1349 4864 1484 4921 Dominus
1497 4875 1601 4938 septem
1612 4865 1750 4922 daemonia
1765 4864 1858 4937 ejecit,

1057 4942 1084 4990 ει
1101 4949 1162 5006 quae
1176 4934 1267 5006 ipsiiiu
1300 4937 1450 4993 alvaterem
1475 4937 1596 5009 primum
1616 4937 1710 4993 videre
1725 4937 1859 4993 meruita

1057 5005 1175 5133 memqis
1193 5015 1417 5080 resurgentem.»
1438 5009 1520 5065 Deest
1534 5008 1742 5082 wandregisili,
1761 5016 1859 5065 caetera

1058 5086 1124 5134 satis
1157 5093 1216 5134 ene.

1093 5150 1219 5206 Gneviiu.
1234 5168 1240 5206 :
1256 5152 1342 5208 ‹ltem
1358 5159 1516 5207 sanctorum
1526 5151 1628 5220 Cirilli,
1642 5150 1773 5220 Andreae,
1790 5151 1860 5207 'Phe-

1058 5221 1133 5301 belli,
1144 5222 1246 5289 hurili,
1258 5222 1410 5295 Apollonis.
1420 5223 1615 5294 Papioo,sancti
1630 5223 1795 5296 llieronymi
1806 5221 1859 5295 cpi·

1057 5309 1103 5349 sco
1124 5309 1145 5347 ι.
1161 5293 1281 5349 Levium
1297 5293 1413 5365 virginis
1426 5302 1451 5349 et
1472 5303 1542 5350 mart
1566 5295 1612 5351 ris.
1628 5320 1637 5343 ι

1121 5380 1203 5446 opes.
1217 5363 1316 5446 litteris
1330 5365 1433 5422 Italicis
1448 5312 1646 5423 verbaidoiiis
1656 5365 1689 5422 de
1699 5365 1860 5439 Magdaleua

1058 5442 1149 5491 teutui
1176 5441 1326 5493 interserit.
1349 5439 1414 5493 «De
1457 5455 1492 5493 ua
1511 5447 1542 5494 ut
1561 5439 1743 5510 Evangelium
1765 5437 1858 5501 refert,

1058 5514 1162 5587 septem
1177 5506 1315 5587 demonia
1333 5507 1415 5580 ejecit
1438 5454 1583 5577 Cominus,
1604 5525 1664 5581 que
1685 5508 1769 5565 etiam
1788 5509 1860 5563 inter

1059 5579 1113 5632 aliu
1127 5578 1198 5633 doira
1213 5580 1342 5652 insignia,
1354 5580 1495 5638 Christum
1512 5597 1527 5635 a
1542 5581 1661 5637 mortuis
1672 5588 1860 5651 resurgentem

1060 5649 1150 5719 prima
1160 5648 1254 5706 videre
1269 5652 1399 5708 meruit.»
1412 5653 1480 5708 Tum
1498 5651 1526 5707 iii
1541 5652 1614 5708 line:
1635 5653 1686 5708 «lii
1698 5649 1859 5719 blandinio,

1059 5721 1226 5800 sanctissimi
1242 5723 1329 5803 patris
1339 5724 1427 5780 uestri
1442 5722 1648 5794 Waudregisili,
1661 5723 1746 5795 primi
1760 5720 1860 5778 funda-

1059 5799 1127 5850 toris
1141 5792 1261 5853 coenobii
1276 5795 1508 5867 Foutauellensis‚
1522 5793 1565 5869 cuj
1571 5812 1601 5852 us
1623 5803 1697 5870 gesta
1708 5793 1859 5853 habentur.
