3840 6136
84 213 139 277 665

612 216 930 278 MARTYROROGIUM.
950 253 985 264 -
1004 222 1109 280 HENS.
1128 223 1216 282 NOV.

1692 230 1744 289 666

80 347 165 414 66616,
183 345 232 419 qui
248 345 360 401 natione
376 344 470 415 Ligur,
495 345 525 400 16
538 343 611 401 Caelo
634 362 717 402 aureo
737 349 888 406 monachus
902 354 928 413 Α
943 351 1032 421 61666,
1049 353 1135 408 vitam
1158 363 1295 410 austeram
1317 372 1381 412 cum
1405 357 1462 412 suis
1486 357 1576 426 duxit,
1602 358 1744 418 miraculis

80 416 298 483 intinctionis,
316 416 343 472 S.
364 415 475 471 61611661
490 416 665 472 confessoris.
687 441 696 464 ι

119 491 322 567 6666666664
352 510 361 532 ι
381 486 534 567 Translatio
548 488 635 545 sancti
650 487 774 617 Grqqoiii
789 491 887 574 Lingo-

79 566 179 620 nensis
198 560 331 633 episcopi.
353 582 362 605 ·
394 558 445 613 Die
459 561 585 631 proxime
611 562 777 633 praesenti
799 572 889 635 666616

76 641 123 691 661
138 650 175 690 ex
188 632 284 690 codice
300 631 449 686 Diviousn.

115 705 215 762 Editio
231 700 422 782 Loauco3lloi.
440 700 539 774 incipit
550 720 560 783 :¹
584 704 642 759 «ln
663 720 731 777 pago
753 707 887 763 hemoni-

74 777 168 843 ccnsi,
198 777 260 833 loco
285 773 440 841 Nobiliaco,
467 773 604 844 depositio
634 777 721 831 sancti
751 779 886 836 Leonardi

74 848 191 906 abbatis
211 856 240 904 et
262 844 439 902 contessoris.
461 844 513 900 Hic
532 862 548 901 a
573 848 653 903 beato
676 849 810 920 Remigio,
837 851 886 907 Rc·

75 920 186 977 mensis
198 916 322 975 66616616
339 916 479 988 episcopo,
495 915 528 971 de
541 933 618 976 sacro
633 918 709 974 16616
727 920 844 989 1666166,
859 931 886 979 61

73 992 113 1048 66
136 992 234 1048 eodem
262 987 432 1068 salutaribus
456 987 614 1068 disciplinis
637 990 800 1047 instructus.
834 993 886 1049 Hic

74 1063 230 1136 quamdam
259 1061 360 1116 silvam
384 1066 510 1127 intravit,
537 1069 565 1115 et
587 1069 746 1117 constructo
777 1063 806 1117 in
836 1064 885 1119 illa

76 1133 260 1201 monasterio,
281 1129 457 1187 strictissime
471 1146 534 1210 cum
549 1133 688 1214 aliquibus
703 1133 884 1191 monacliisin

73 1205 177 1262 eodem
192 1205 304 1276 degens,
327 1200 437 1258 tandem
455 1209 539 1256 vitam
565 1202 666 1261 ibidem
684 1204 713 1260 in
733 1222 797 1277 pace
813 1206 884 1263 lini-

75 1277 130 1332 611.
156 1277 199 1334 06
222 1275 303 1348 cujus
321 1274 452 1330 meritum
476 1274 606 1331 omnihus
626 1276 881 1346 demonstrandum,

73 1365 143 1404 cum
165 1348 264 1405 iratres
286 1361 387 1417 corpus
409 1344 485 1400 illius
500 1344 534 1399 ad
549 1346 736 1417 sepeliendum
753 1350 883 1405 transier-

73 1428 153 1488 rent,
185 1417 417 1491 respicientesque
445 1416 572 1474 viderent
594 1425 678 1473 totam
698 1420 881 1491 provinciam,

75 1499 183 1547 contra
202 1488 334 1561 temporis
350 1496 490 1553 naturam,
510 1489 575 1544 nive
598 1498 767 1561 coopertam,
789 1492 881 1548 locum

76 1561 284 1628 antemium,
300 1560 328 1615 in
348 1576 402 1632 quo
420 1569 515 1616 sancto
531 1560 592 1615 viro
610 1561 714 1631 placuit
730 1562 879 1633 quiescere,

78 1632 204 1688 omnino
218 1632 281 1687 nive
291 1644 373 1686 66666
387 1630 880 1716 [6666616]166666666666166661-

943 425 1038 506 multis
1051 425 1240 498 precipueque
1251 427 1280 481 in
1294 428 1468 497 captivorum
1481 428 1643 486 liberatione
1659 433 1742 488 etiam

943 505 1049 551 666616
1072 513 1228 565 coruscans,
1255 498 1365 554 tandem
1387 498 1494 571 quievit
1521 500 1551 554 i'ii
1569 516 1644 571 pace.
1672 503 1742 560 Cum

942 574 1033 622 autern
1049 566 1180 639 discipuli
1195 568 1255 640 ejus
1267 585 1367 641 corpus
1381 587 1488 626 sacrum
1500 571 1529 625 in
1549 572 1635 627 alium
1650 573 1742 630 locum

941 638 1089 694 transferre
1102 639 1215 707 vellent,
1237 639 1367 696 viderunt
1387 649 1471 697 totam
1488 640 1660 713 provinciam
1677 645 1742 701 nive

941 717 1074 781 opertam,
1093 717 1208 783 excepto
1228 713 1299 780 loco,
1328 714 1357 768 in
1382 729 1437 784 quo
1452 713 1513 768 viro
1536 715 1586 770 Dei
1621 716 1743 771 diescere

942 783 1088 852 placuerat.
1105 784 1172 838 ltem
1184 790 1285 839 666616
1296 785 1434 840 memorias
1447 731 1741 843 0661611661681666-

941 853 1005 934 mel,
1021 853 1050 908 in
1070 853 1182 934 Hyheck
1200 852 1283 926 [ulios
1302 855 1428 929 Nydeck]
1443 857 1560 913 ducatus
1578 857 1742 915 Juliacensis

940 932 1115 995 quiescentis.
1133 951 1142 972 ι
1160 927 1239 981 Nunc
1254 926 1390 982 luliacum
1406 929 1538 983 translata
1552 937 1603 994 est,
1623 929 1670 984 ubi
1683 929 1743 1000 ejus

938 995 1064 1122 qeliquiae
1081 996 1253 1053 venerationi
1268 998 1399 1070 expositae
1413 1006 1487 1055 sunt.
1504 999 1575 1056 Vide
1593 1002 1664 1059 Acta
1680 1018 1742 1059 xxii
1818 1048 1824 1055 .

955 1084 1024 1122 unii.

974 1139 1082 1195 116666.
1101 1157 1107 1194 ;
1127 1163 1136 1185 ι
1150 1141 1212 1210 1666
1225 1139 1280 1206 616,
1296 1140 1436 1197 restitutio
1451 1143 1538 1198 sancti
1550 1143 1639 1200 Patris
1653 1144 1740 1200 nostri

939 1209 1053 1265 Gisleni.
1069 1212 1100 1266 ln
1123 1211 1261 1266 territorio
1277 1211 1423 1281 16666166,
1440 1213 1470 1268 Β.
1488 1215 1616 1286 bupantii
1637 1216 1740 1270 confes-

938 1282 1016 1337 soris.
1040 1281 1170 1349 Redonis,
1195 1283 1283 1337 sancti
1308 1283 1409 1338 Melani
1434 1283 1610 1340 contessoris.
1633 1285 1737 1340 Eodem

937 1352 991 1417 die,
1008 1353 1095 1407 666611
1122 1353 1257 1408 leonardi
1280 1354 1456 1421 confessoris,
1487 1355 1633 1425 discipulis
1651 1356 1740 1411 sancti

938 1423 1053 1493 lleniigii
1075 1423 1208 1494 episcopi,
1234 1423 1262 1478 in
1279 1425 1391 1480 civitate
1407 1426 1607 1491 Lemovicensi,
1626 1427 1654 1481 16
1669 1442 1739 1496 666-

936 1494 1028 1549 6116616
1054 1495 1221 1565 Aquitaniae.
1237 1495 1319 1620 aqud
1333 1497 1441 1567 Bergae
1459 1498 1488 1552 in
1508 1497 1648 1553 territorio
1666 1497 1740 1569 quod

936 1574 1050 1620 vocatur
1066 1566 1136 1620 cella
1159 1567 1261 1621 Aoroin
1283 1567 1334 1634 olt,
1355 1567 1491 1638 depositio
1515 1568 1602 1624 sancti
1627 1568 1739 1625 Winoci

935 1637 1051 1704 abbatie,
1068 1637 1167 1707 egregii
1180 1637 1283 1694 Christi
1293 1639 1459 1694 confessoris
1475 1659 1481 1706 ;
1498 1639 1577 1709 cujus
1587 1639 1738 1694 vitavirtu-

78 1711 130 1759 tus
146 1703 218 1759 inira
232 1710 365 1774 operatur,
384 1702 505 1757 maxime
521 1720 551 1758 66
574 1704 701 1773 captivis.
718 1730 727 1752 »
752 1705 882 1776 Sequitur
896 1714 919 1772 Β
935 1709 1009 1765 tilius
1023 1716 1052 1762 et
1075 1707 1216 1763 miraculis
1238 1710 1317 1780 plena
1338 1710 1464 1766 refulsit:
1488 1711 1580 1782 quiin
1607 1711 1739 1781 66661616

72 1774 151 1830 satis
178 1790 272 1846 purus.
302 1774 334 1829 ln
358 1773 438 1829 fine:
479 1798 488 1820 ι
516 1777 547 1831 16
571 1775 881 1837 166611661616666166.

65 1845 169 1901 666611
186 1845 319 1918 Lupancii
334 1844 509 1901 confessoris.
531 1871 540 1894 ι

106 1917 224 1985 Betim,
242 1918 272 1973 16
293 1917 383 1989 prima
397 1925 424 1971 et
437 1916 558 1973 secunda
572 1924 715 1999 utcunque
736 1938 833 1993 purus,
846 1921 887 1978 sie

62 1987 159 2044 habet
174 1988 285 2044 tertiam
301 2006 307 2042 :
331 1989 383 2043 «ln
400 1988 503 2057 Africa,
520 1990 756 2049 6666116166611.»
776 1995 807 2049 16
819 1993 883 2049 line:

72 2059 239 2127 ·Redonis,
255 2059 344 2115 sancti
362 2059 483 2115 Helleni.
502 2061 607 2115 Eodem
627 2062 684 2128 die,
706 2064 793 2120 sancti
813 2065 886 2119 lieo-

59 2130 157 2186 uardi
183 2130 386 2186 confessoris.»
416 2129 510 2185 Altera
532 2130 618 2185 editio
651 2134 727 2203 legit,
760 2136 883 2192 Melanii.

54 2202 150 2258 Loco
178 2211 272 2258 autem
299 2199 420 2257 6666666
438 2201 596 2257 interserit:
633 2205 698 2259 «ln
724 2204 885 2262 Nicomedia

54 2272 167 2330 sancti
182 2273 301 2330 Adriani
316 2272 459 2343 martyris.
477 2297 487 2319 ι

102 2345 262 2402 enisa:
284 2370 293 2392 ι
310 2345 342 2400 16
357 2341 451 2412 Nicea,
471 2344 570 2401 natalis
583 2354 740 2402 6666166666
756 2347 883 2417 Adriani,

50 2417 167 2485 Juliae,
206 2415 330 2473 Eusebii.
366 2415 398 2469 16
433 2415 537 2484 Africa,
578 2427 734 2473 sanctorum
771 2419 883 2487 Donati,

50 2487 169 2556 Pauli,
193 2487 324 2544 Balsami.
342 2489 409 2544 ltem
424 2487 556 2554 Eustasii,
572 2489 649 2544 16111.
666 2514 675 2536 ι
696 2489 766 2546 Vide
782 2491 885 2545 Hiero-

49 2559 225 2633 nymiana.
255 2559 434 2616 «Secundum
451 2557 559 2629 aliquos
574 2559 629 2628 liic,
650 2561 749 2617 Melani
763 2561 883 2633 episcopi

48 2630 261 2698 Redonensis,
293 2647 374 2703 quem
396 2629 535 2686 Usuardus
550 2630 632 2687 habet
649 2649 731 2703 snpra
749 2650 798 2688 viii
820 2632 883 2687 ldus

46 2702 218 2771 Janiiarii,
233 2700 296 2758 Ado
320 2720 340 2758 66
364 2704 429 2760 1666
446 2701 643 2759 Novembris·
667 2705 748 2760 Recte
771 2703 884 2775 igitura

50 2773 237 2846 Rosweydo
252 2773 281 2829 16
297 2773 475 2845 appendicem
495 2773 595 2844 rejecta
604 2784 645 2830 est
654 2775 747 2831 nescio
761 2791 821 2847 quae
836 2774 882 2830 ho·

44 2847 173 2903 ‹lierna
185 2845 366 2901 annuntiatio
400 2845 434 2902 Se
454 2845 531 2903 61166
545 2863 551 2900 :
575 2847 628 2900 «ln
640 2847 749 2917 Bergae,
769 2845 883 2917 deposi-

40 2920 99 2975 tio
116 2925 292 2974 sanctorum
330 2862 556 2974 uatuoriratrum
568 2916 882 2985 Winnoti,Quadenoti,

40 2987 204 3061 lngenoti
222 2995 249 3043 et
268 2933 417 3044 1161666ῐί.
433 2989 465 3043 16
480 2988 620 3045 1666116616
636 2989 783 3057 Turonico,
795 2988 882 3045 sancti

942 1784 1012 1846 loco,
1031 1779 1119 1832 multo
1144 1787 1268 1849 tempore
1283 1781 1312 1834 in
1335 1781 1384 1836 Dei
1409 1798 1490 1853 opere
1509 1797 1695 1853 perseverans,
1711 1789 1738 1836 61

941 1850 1075 1925 plurimos
1095 1849 1124 1902 iii
1138 1850 1188 1904 Dei
1199 1852 1313 1906 servitio
1330 1868 1487 1923 aggregans,
1502 1853 1662 1923 magnisque
1676 1853 1738 1906 vir-

942 1923 1048 1978 tutihus
1061 1929 1088 1976 et
1098 1919 1225 1990 gloriosis
1236 1921 1385 1991 miraculis,
1401 1924 1481 1978 valde
1494 1923 1595 1988 clarus,
1606 1924 1739 1979 collectus

941 2003 982 2051 est
1000 1991 1033 2047 ad
1054 1999 1144 2060 patres
1162 2008 1226 2048 suos
1251 1993 1280 2048 in
1295 2003 1435 2050 senectute
1449 1994 1530 2049 bona.
1548 2019 1557 2043 ›
1579 1994 1648 2048 'lum
1665 1994 1740 2065 typis

942 2062 1113 2121 minoribus:
1133 2088 1141 2109 ‹
1156 2064 1196 2116 De
1208 2080 1262 2133 quo
1277 2064 1373 2133 inejus
1387 2065 1445 2119 vita
1455 2066 1564 2134 legitur,
1580 2065 1654 2136 quod
1666 2080 1738 2134 egre·

941 2138 1015 2206 gium
1031 2132 1154 2199 duxerit,
1170 2131 1302 2204 subjectis
1313 2135 1371 2190 suis
1387 2135 1519 2190 iratribus
1533 2134 1726 2189 administrare

941 2207 1005 2277 quia
1021 2213 1134 2259 nouerat
1149 2201 1290 2260 Christum
1307 2223 1362 2260 non
1382 2208 1489 2261 venisse
1505 2205 1667 2274 ministrari,
1691 2179 1738 2261 seii

941 2278 1097 2332 ministrare
1112 2292 1117 2330 :
1136 2281 1162 2328 et
1179 2275 1251 2346 qnod
1263 2276 1398 2348 quidquid
1409 2277 1499 2347 operis
1513 2276 1631 2332 alioruin
1641 2292 1738 2333 maniis

939 2348 1016 2404 uelut
1030 2346 1146 2402 arduum
1169 2353 1196 2400 61
1210 2363 1301 2417 grave,
1318 2348 1500 2418 refugiebant,
1516 2348 1631 2419 impigre
1646 2357 1673 2403 et
1689 2347 1738 2402 in—

939 2425 1102 2476 cunctanter
1124 2417 1247 2488 66616666
1263 2434 1317 2473 666
1334 2419 1458 2485 timebat,
1482 2435 1544 2474 cum
1560 2426 1652 2473 tamen
1667 2425 1737 2473 esset

939 2490 1072 2562 praeditus
1087 2488 1169 2542 titulo
1184 2488 1265 2558 regiae
1280 2489 1443 2544 nobilitatis.
1459 2489 1509 2545 Hic
1523 2490 1634 2557 niolam,
1651 2488 1735 2544 aedifi·

938 2570 1025 2617 catam
1047 2561 1077 2615 16
1094 2559 1210 2612 fratrum
1227 2576 1377 2631 pauperum
1401 2577 1492 2628 usum,
1510 2561 1598 2615 666116
1612 2568 1736 2631 tempore

939 2632 1057 2704 propriis
1076 2628 1203 2707 manibus
1225 2632 1336 2687 rotavit.
1354 2632 1459 2687 Eodem
1483 2631 1538 2697 616,
1563 2630 1656 2687 Seueri
1679 2630 1735 2701 epi-

938 2704 1013 2775 scopi
1025 2700 1246 2769 Barcinonensis,
1263 2703 1310 2774 qui
1322 2719 1394 2758 unus
1408 2703 1524 2758 luituxx
1534 2702 1735 2773 episcoporum,

957 2777 985 2828 ui
1002 2777 1073 2845 leges
1092 2771 1223 2828 Gothicas
1248 2773 1275 2828 in
1299 2773 1430 2844 Hispania
1443 2773 1637 2829 condiderunt.
1657 2771 1737 2827 Hica

938 2791 1065 2901 1166166616
1095 2842 1230 2912 Gothicis,
1259 2845 1306 2916 qui
1339 2844 1529 2901 Cathaloniain
1567 2842 1734 2911 incolebant,

937 2920 1016 2972 clavo
1031 2917 1119 2998 capite
1134 2914 1271 2984 confosso,
1288 2915 1421 2988 martyrio
1436 2922 1584 2972 coronatur
1598 2930 1670 2970 anno
1686 2913 1736 2970 Re-

937 2987 1088 3059 demptoris
1103 2985 1275 3043 tesuchrisii
1286 3004 1444 3044 ccxxxviii.
1457 3012 1466 3034 ι
1484 2986 1623 3054 06661166
1636 3001 1669 3040 ex
1681 3001 1736 3055 quo

39 3059 209 3133 Lupantii
223 3059 399 3117 confessoris.
418 3060 449 3115 ln
465 3077 533 3132 pago
546 3061 747 3128 lemovicensi,
763 3060 878 3131 deposi-
894 3061 916 3121 (l
932 3059 1127 3130 llartyrologio
1142 3056 1274 3115 Roianus
1289 3067 1427 3130 postrema
1441 3058 1499 3114 haic
1513 3055 1658 3128 acceperit.
1670 3055 1734 3110 Edi·

37 3133 99 3189 tio
128 3129 230 3188 sancti
254 3130 389 3187 Leonardi
410 3131 515 3187 abbatis
539 3140 566 3186 et
586 3131 760 3187 confessoris.
786 3129 839 3197 Qui
863 3146 879 3184 a

35 3210 168 3261 666616
183 3201 312 3273 Remigio
329 3200 364 3258 de
387 3218 464 3259 sacro
479 3203 555 3258 16616
578 3201 685 3256 1666166
699 3201 879 3258 6666161661-

36 3274 113 3333 bus
138 3271 306 3344 disciplinis
323 3273 483 3341 instructus,
508 3272 607 3329 silvam
625 3272 771 3344 quamdam
791 3273 879 3343 ingre·

38 3502 115 3560 vu
136 3499 226 3558 Idiis.

934 3130 1024 3210 tiones
1037 3131 1097 3184 aliia
1112 3126 1206 3184 eadem
1219 3129 1331 3198 hahent,
1356 3128 1403 3185 666
1417 3129 1546 3202 pleraque
1559 3127 1649 3182 multo
1665 3126 1734 3181 lire-

935 3218 998 3256 vius
1011 3208 1154 3258 contracta
1168 3207 1243 3256 suni.

1655 3492 1733 3548 11167

95 3590 136 3647 ln
163 3586 343 3644 Alexandria
358 3587 431 3645 beati
443 3588 559 3645 Achillas
575 3586 706 3659 episcopi,
723 3585 770 3658 qni
784 3584 950 3653 eruditione,
967 3584 1030 3652 lide,
1046 3584 1253 3640 conversatione
1266 3591 1293 3639 61
1308 3581 1432 3638 moribus
1443 3580 1559 3652 insignis
1572 3581 1636 3637 luit.
1653 3577 1734 3651 Apud

39 3676 265 3744 Perusinum,
280 3676 368 3733 116116
392 3677 488 3734 urbem
512 3687 531 3747 ⁴,
547 3677 646 3733 natalis
661 3676 748 3733 sancti
763 3673 912 3731 Herculani
927 3676 1058 3749 episcopi,
1075 3674 1153 3746 cujus
1174 3692 1284 3748 corpus,
1300 3683 1361 3749 post
1375 3674 1554 3733 abscisionem
1573 3673 1680 3746 capitis,
1697 3673 1734 3728 ita
1835 3705 1843 3721 ·

38 3769 186 3827 unitum
202 3775 231 3824 et
246 3782 344 3823 sanum
359 3767 404 3823 die
419 3766 637 3839 quadragesimo,
654 3775 685 3821 ut
700 3765 797 3823 scribit
810 3765 906 3821 beatus
915 3763 1062 3835 Gregorius
1077 3779 1155 3834 papa,
1167 3772 1305 3835 repertum
1321 3771 1371 3832 est,
1392 3780 1424 3820 66
1438 3763 1461 3818 61
1476 3762 1553 3818 66116
1566 3760 1620 3818 hoc
1633 3759 1733 3817 incisio

42 3856 145 3918 ferri
162 3855 308 3928 tetigisset.
322 3856 503 3936 Eodem-die,
523 3855 595 3911 beati
615 3855 758 3911 Auiaranti
775 3852 915 3925 martyris,
932 3855 979 3926 qui
997 3854 1069 3927 apud
1093 3854 1273 3927 Albigensem
1289 3855 1395 3922 urbem,
1412 3862 1509 3910 exacto
1527 3852 1622 3924 agonis
1644 3849 1734 3906 fidelis

37 3959 175 4014 cursu,
192 3945 323 4018 sepultus,
339 3943 412 4000 vivit
426 3945 456 4001 in
470 3944 566 4015 gloria.
584 3945 616 3999 lu
630 3942 727 4010 Frisia,
743 3942 880 4015 depositio
893 3945 980 4000 sancti
995 3943 1172 4002 Willihrordi
1187 3943 1318 4016 episcopi.

844 4085 961 4142 NOTAE.

103 4182 174 4240 Puri
188 4191 257 4240 6661
269 4185 392 4253 Protea,
409 4184 559 4251 Hermian,
573 4181 808 4255 Aetnen-Mai„
824 4182 955 4254 Actaeip.
972 4180 1220 4247 611166-66666,
1236 4180 1383 4246 Munerat,
1400 4179 1510 4235 Greveii.
1525 4178 1669 4235 61616166.

110 4356 122 4383 ¹
137 4343 293 4402 1116666116
307 4354 400 4402 movet
413 4344 447 4401 de
466 4347 621 4403 Herculano
640 4344 784 4411 sollerius,
801 4343 880 4415 cujus

42 4415 229 4472 Herculani
238 4415 359 4488 elogium
370 4416 494 4473 Usuardo
508 4416 700 4473 ascribendum
714 4432 772 4472 esse
782 4416 880 4471 merito

43 4493 214 4555 autumat,
239 4487 477 4544 consentientibus
499 4487 701 4560 probatissimis
725 4486 881 4558 quibusque

44 4557 234 4626 codicibus,
255 4574 321 4614 cuin
334 4560 454 4616 exaratis
470 4575 565 4624 manu,
585 4565 645 4614 tum
665 4557 794 4624 excusis;
814 4557 881 4629 quia

47 4633 168 4704 tamen
186 4644 245 4684 uon
258 4628 289 4685 in
303 4637 382 4685 textu
396 4630 534 4687 Pratensis
561 4628 675 4697 codicis,
695 4628 741 4684 sed
757 4627 786 4682 16
802 4643 881 4682 mar-

52 4711 139 4820 {sine
146 4699 270 4772 elogium
283 4699 358 4757 istud
368 4717 452 4757 manu
464 4701 614 4758 recentiore
626 4701 758 4771 scriptum
769 4699 880 4770 legitur,

934 4342 1046 4409 vitium,
1058 4341 1081 4396 si
1095 4338 1294 4396 tamenvitium
1309 4337 1361 4407 est)
1377 4353 1409 4392 eo
1419 4353 1583 4409 quemquam
1598 4335 1733 4392 inclinare

935 4420 1059 4485 possunt,
1083 4419 1113 4467 ut
1136 4409 1335 4481 autographum
1354 4407 1462 4464 dubitet
1480 4422 1537 4461 esse
1561 4406 1733 4476 martyrolo-

953 4485 1021 4544 ium.
1048 4483 1121 4555 quod
1149 4490 1176 4537 et
1201 4478 1404 4549 chronologicis
1432 4477 1504 4534 notis
1523 4485 1550 4532 et
1577 4477 1731 4532 litterarum

934 4502 1022 4611 166666
1045 4561 1152 4610 6666161
1175 4569 1248 4607 6666
1269 4552 1369 4606 666616
1391 4557 1418 4605 61
1434 4547 1549 4605 Usuardi
1566 4555 1644 4603 61616
1668 4564 1732 4603 666·

934 4627 1067 4698 scriptum
1081 4643 1087 4692 3
1102 4624 1175 4696 quod
1190 4623 1219 4679 in
1233 4622 1416 4693 Sangermana
1425 4620 1534 4676 abbatia
1547 4617 1731 4690 compositum

934 4705 984 4765 est,
1011 4704 1039 4753 et
1059 4697 1087 4751 in
1103 4712 1183 4750 usum
1206 4693 1327 4765 ejusdem
1347 4693 1462 4748 6666116
1488 4691 1685 4748 concinnatum
1698 4689 1732 4744 ah

100 4778 214 4826 ncorta
228 4780 269 4828 est
284 4778 365 4829 acuto
379 4773 487 4828 censori
499 4771 648 4840 dubitatio,
663 4771 772 4827 6166611
786 4779 877 4827 aucto·
891 4786 917 4845 1)
933 4768 1055 4839 ejusdem
1070 4766 1186 4823 ahbatiae
1204 4764 1339 4820 monacho
1349 4783 1356 4832 ;
1367 4764 1447 4845 'quod
1471 4780 1518 4844 per
1533 4768 1672 4820 trecentos
1685 4769 1733 4817 aut

58 4835 114 4891 ris
131 4857 240 4910 manus,
260 4859 319 4912 seu,
337 4851 370 4899 ut
381 4843 439 4915 ipse
453 4844 587 4916 loquitur,
602 4850 665 4898 utro
679 4859 775 4898 monus
794 4847 877 4897 cuto-

60 4913 236 4983 eruptum.
252 4913 340 4982 Quam
363 4914 564 4971 dubitationem
580 4916 618 4970 ita
632 4914 717 4981 161111,
733 4912 880 4969 61661611-

63 4985 132 5036 met
148 4999 199 5039 nec
213 4984 335 5057 priorem
351 5002 402 5042 nec
413 4987 594 5112 qesteriorem
616 5001 729 5041 manum
744 4984 880 5064 Usuardi-

64 5055 145 5135 narn·
165 5071 235 5123 esse,
261 5065 289 5112 61
316 5057 354 5112 116
379 5056 411 5129 ju
434 5057 569 5113 icaturum
598 5057 734 5128 quisquis,
755 5055 880 5128 deposito

71 5125 194 5181 nauium
210 5126 315 5196 616616,
336 5129 389 5185 666
415 5135 442 5184 61
463 5129 518 5185 6116
540 5129 678 5183 Pratensis
693 5126 797 5183 codicis
811 5126 880 5181 vitia

74 5195 247 5263 expenderit.
264 5198 410 5256 Contestor
436 5200 560 5255 eruditos
586 5214 692 5267 omnes,
711 5214 744 5252 an
764 5198 880 5268 paucula

77 5265 197 5325 (11166666
222 5269 252 5324 16
266 5273 390 5341 margine
406 5278 454 5327 aut
472 5287 560 5326 vacuo
579 5285 675 5325 versus
693 5268 782 5340 spatio
797 5283 880 5323 manu

82 5338 228 5396 Ῐ16611666
241 5340 336 5399 addita
356 5343 442 5414 (quod
458 5358 544 5398 unum
569 5349 610 5397 661
623 5339 762 5396 Pratensis
777 5339 880 5396 codicis

934 4857 980 4895 eos
1001 4838 1120 4910 amplius
1142 4854 1229 4893 annos
1244 4836 1394 4908 publicem
1419 4836 1539 4907 capitulo
1554 4836 1655 4891 lectum
1668 4840 1708 4889 est
1724 4849 1730 4899 ;

934 4911 1008 4982 quod
1022 4910 1223 4966 studiosissime
1238 4917 1375 4963 servatum
1387 4915 1427 4963 661
1442 4907 1470 4961 16
1485 4906 1652 4962 bibliotheca
1663 4920 1731 4959 666-

934 4999 1015 5054 quain
1032 4981 1162 5052 expilata,
1185 4996 1325 5051 nunquam
1354 4979 1489 5045 ambusta,
1506 4978 1601 5033 saltem
1623 4992 1637 5029 6
1659 4990 1732 5029 6666

934 5054 1034 5108 666616
1048 5053 1062 5109 1
1075 5051 1148 5119 Quid
1163 5052 1192 5106 16
1204 5052 1256 5107 hoc
1271 5050 1432 5106 11116661666
1447 5065 1544 5121 genere
1558 5055 1663 5103 certum
1673 5060 1732 5099 essc

934 5130 1035 5196 potest,
1049 5124 1072 5178 61
1087 5123 1140 5179 hcc
1154 5130 1262 5178 nonest
1275 5122 1288 5177 i
1303 5123 1341 5177 De
1357 5119 1503 5176 Herculani
1515 5119 1604 5189 elogio
1618 5133 1673 5170 orae
1687 5133 1731 5170 co·

934 5193 1107 5252 dicisaddito
1118 5192 1175 5264 jam
1188 5194 1218 5249 in
1228 5192 1343 5265 epistola
1357 5192 1471 5263 exposui
1485 5191 1533 5262 qui
1547 5187 1690 5253 acciderit,
1702 5195 1732 5241 ut

934 5266 1024 5323 codici
1047 5264 1217 5345 autographo
1245 5263 1359 5329 deesset,
1384 5269 1525 5318 ettamen
1553 5261 1582 5315 in
1603 5258 1732 5313 omnihus

933 5336 1068 5411 exemplis
1082 5343 1229 5408 reperiatu.
1245 5335 1414 5390 Bouiiiaiir.

691 5471 892 5530 VARIANTES
911 5467 1120 5528 LECTIOHES.

112 5567 222 5628 16111161
228 5570 295 5646 legit
305 5574 380 5630 soliis
393 5573 616 5646 Antuerp.-Ha'.
630 5592 636 5641 ;
648 5582 676 5629 61
686 5571 725 5628 616
739 5569 876 5627 66116116

87 5648 267 5725 1116666666,
280 5644 566 5702 661166666666661
581 5591 875 5724 11666666166611161616

85 5712 874 5789 llestintextu.Greven.et,quieumhicdescrihit,Holan.

78 5776 280 5858 1666666116
293 5787 459 5855 credilium
475 5805 510 5846 ex
524 5787 654 5846 omnibus
665 5785 728 5843 aliis
741 5783 877 5841 redundat

931 5569 1066 5696 pqqtitculta
1082 5567 1120 5623 in.
1138 5565 1219 5693 {olus
1233 5565 1373 5693 lqliuiqsrat.l
1377 5551 1444 5645 ,6661
1461 5556 1732 5690 quciilcnilqp'isccqiai

930 5657 1005 5778 iiii,
1023 5655 1177 5777 11111161
1185 5651 1732 5778 lutatii,³lbt³llbi³lli¹llqlth

929 5779 1149 5854 antuerp-liat
1166 5788 1193 5836 61
1208 5779 1318 5837 Holano
1333 5780 1362 5836 in
1377 5779 1432 5836 666
1447 5785 1509 5852 post
1523 5778 1645 5853 episcopi,
1660 5775 1731 5847 adje-
