3834 6136
64 255 118 318 dib

602 249 922 317 nnnrtuotocluu.
941 289 977 302 ·-
996 251 1101 316 MENS.
1122 255 1218 317 SEPT.
1675 261 1729 325 titt

64 385 125 452 dus,
140 382 210 439 duni
230 381 323 438 locum
340 381 459 462 pressius
476 380 611 454 designat,
631 392 658 439 et
672 383 799 456 martyrii
814 400 864 440 so-
877 393 903 453 Α
916 400 983 453 esse,
995 383 1067 440 uthi
1083 383 1405 458 martyresduplicsntur
1418 386 1491 459 apud
1503 389 1719 448 Florentiniurn.

64 456 139 515 cium
154 452 295 511 Hilarium
308 467 343 508 ex
365 452 450 519 rimit,
466 453 569 526 optime
578 453 701 511 scribens
712 455 863 524 Pseuduiso,
918 456 1015 513 Passos
1029 471 1087 512 esse
1103 458 1154 514 sub
1169 458 1369 530 perseeutione,
1387 473 1436 514 seu
1455 458 1544 515 mavis
1558 462 1727 531 grassatione

65 522 321 600 eujuslooinihilb
360 523 865 599 iesuperessedicitur,pratervicum

66 614 147 674 quem
160 596 267 654 Gallice
288 602 371 652 voest
392 593 562 652 Castellanns
578 597 682 654 Seiitorit
705 598 735 653 iu
751 598 867 680 Lugdu·

66 670 143 729 neiisi
158 668 260 737 Gallia,
277 682 334 723 non
349 670 444 739 procui
459 667 493 722 ab
508 669 606 735 Arari;
624 668 696 725 unde
719 670 868 742 perspicias

66 757 155 801 errare
169 740 279 814 aliquos
293 738 341 812 qui
359 738 482 795 Castrum
502 739 635 795 Sedunum
649 741 684 797 ad
703 740 867 798 Rhodanum

67 813 238 885 intelligunt,
249 811 334 883 vulgo
349 810 413 865 Sicu
423 810 467 866 vel
481 811 572 867 Sittio.
584 811 703 883 Colligas
717 813 799 867 etiam
808 829 867 868 eam

67 885 268 944 muteutiarum
283 883 445 939 varietatem
464 890 626 955 argumento
640 883 788 940 sufficienti
812 900 868 938 non

920 537 945 585 et
959 527 1171 600 depopulat'oue
1186 526 1359 597 wandalica,
1375 529 1553 586 communior
1566 531 1620 589 lert
1629 533 1728 605 opinio

921 599 1044 665 Beronii,
1071 600 1237 656 Florentinii
1251 608 1279 656 et
1304 601 1472 668 aliorum,a
1495 617 1549 674 qua
1573 603 1729 660 uesciocur

921 670 1031 728 recedat
1049 670 1222 729 Castellanus
1238 670 1266 726 iii
1287 671 1359 728 ldart
1381 671 1486 744 rologio
1501 689 1550 729 iiio
1566 674 1728 743 universali,

921 758 1061 814 apponens
1086 759 1191 799 annum
1211 742 1314 799 Christi
1331 689 1393 799 Agl.
1411 744 1555 816 Utcunque
1579 760 1610 801 ea
1624 762 1653 802 se
1674 745 1728 800 ha-

921 813 1013 880 beant,
1024 814 1398 887 satishicfueritsimplicem
1408 822 1435 869 et
1445 831 1600 886 germanam
1610 816 1727 874 Usuardi

924 885 1047 958 phrasim
1064 893 1281 960 repraesentasse.

800 973 991 1033 AUCTARIA.

101 1063 255 1120 lluumirs.
264 1061 404 1135 propriam
415 1060 593 1133 appendicem
604 1061 686 1119 babet
698 1081 704 1119 :
728 1087 738 1111 i
756 1063 818 1134 lpso
828 1063 873 1120 die

69 1135 213 1192 translatio
227 1134 316 1191 sancti
327 1132 451 1189 Gibriani
467 1132 641 1189 contessoris.
657 1159 666 1183 ι
691 1133 760 1192 Vide
773 1136 871 1191 Aucta·

69 1208 109 1264 ria
129 1223 171 1263 vii
186 1205 262 1272 Maii,
278 1204 327 1260 ubi
349 1221 384 1260 ex
400 1203 495 1260 eodeni
511 1204 606 1262 codice
620 1205 743 1262 Gibriaui
759 1204 874 1277 deposi-

70 1278 174 1335 tionem
190 1275 350 1344 retulimus,
367 1277 395 1331 in
411 1274 439 1331 S.
456 1276 573 1348 Remigii
589 1278 763 1349 quiescentis.

105 1349 279 1416 Tenuis-sii,
303 1346 333 1402 in
353 1347 442 1418 prima
454 1349 723 1419 ,commemoratione
746 1365 840 1422 purus,
858 1365 874 1405 a

70 1419 181 1478 duabus
195 1419 303 1475 ultimis
316 1417 404 1488 elogia
418 1417 560 1474 rescindit.

106 1493 258 1548 Roswern.
274 1490 362 1545 textui
384 1489 490 1560 integro
505 1490 534 1545 in
549 1490 603 1546 line
622 1491 751 1563 subjicit:
777 1521 785 1545 ι
805 1497 872 1552 ltem

72 1562 200 1621 Fidentii
214 1568 241 1617 et
253 1559 371 1617 Terentii
388 1570 551 1632 martyrum.
573 1587 581 1609 ι
605 1563 675 1620 Vide
691 1565 805 1623 Roman.

112 1633 269 1690 Pousinon.
295 1632 322 1688 iii
343 1630 433 1704 prima
448 1634 529 1687 etiam
550 1649 635 1705 purus
658 1645 708 1702 ost,
728 1639 775 1694 sed
800 1643 874 1695 caret

73 1704 194 1777 reliquis
207 1703 341 1760 omnibus.

106 1776 265 1844 Ausucum,
277 1775 353 1831 ntis.
372 1776 485 1839 Lunae..
502 1775 725 1833 Arsurum-blau
738 1786 765 1836 et
778 1780 874 1836 Levi-

934 1090 943 1114 ι
963 1063 1054 1121 Sancti
1081 1065 1215 1121 Eleazarii
1235 1065 1410 1135 confessoris,
1431 1065 1465 1124 de
1484 1066 1567 1125 tertio
1582 1066 1680 1125 ordine
1698 1067 1727 1125 S.

927 1135 1111 1194 Piamouei·

962 1208 1118 1263 lunensis:
1136 1231 1146 1256 ι
1161 1207 1192 1263 ln
1202 1207 1515 1279 civitateAmhianensi,
1525 1208 1598 1267 beati
1610 1212 1727 1268 Firmini
1774 1251 1778 1258 ·

927 1279 1057 1352 episcopi,
1078 1303 1087 1325 ·
1108 1286 1160 1334 etc.
1177 1279 1246 1335 Vide
1261 1279 1398 1350 superius,
1416 1295 1484 1336 xxv.

962 1353 1131 1406 Divionen:
1155 1351 1357 1405 ‹interiitoiio
1373 1351 1620 1422 Angustiduuensi,
1637 1354 1727 1426 passio

927 1429 1084 1478 sanctorum
1102 1428 1253 1492 martyrum
1271 1423 1290 1476 p
1294 1421 1423 1476 torentini
1438 1429 1465 1478 et
1480 1423 1587 1480 llilarii.
1608 1448 1617 1473 i

963 1493 1084 1549 Bessus.
1114 1490 1161 1548 SS.
1182 1492 1303 1549 Timotb.
1328 1501 1355 1548 et
1370 1494 1462 1564 Apoll.
1486 1494 1578 1550 vorbis
1601 1495 1727 1577 proxime

927 1563 1018 1621 citatis
1037 1579 1128 1619 veiam
1144 1564 1229 1635 ipsam
1246 1563 1421 1635 positionem,
1437 1581 1484 1620 seu
1498 1566 1588 1621 locum
1605 1575 1726 1624 interso-

928 1636 975 1702 rit,
987 1641 1074 1690 castro
1086 1635 1238 1700 Pseuitiino,
1255 1644 1284 1690 ut
1294 1642 1334 1690 est
1351 1636 1380 1690 in
1396 1643 1484 1692 testu.

963 1706 1057 1761 Editio
1072 1704 1260 1763 busaeo-Coi..
1275 1723 1281 1761 :
1305 1729 1315 1753 ι
1334 1705 1416 1777 Apud
1431 1707 1581 1778 Ephesum,
1594 1708 1688 1765 missio
1699 1708 1728 1764 iii

928 1777 1043 1832 exilium
1059 1775 1132 1831 beati
1147 1776 1475 1847 lohaniiisevangelista,
1488 1794 1543 1833 uria
1553 1797 1617 1835 cnm
1631 1789 1727 1836 sancto

71 1846 488 1919 iiiuusicprimamenuntiant:
508 1847 754 1919 ‹Apudcivttitein
762 1851 872 1922 Egeam,
928 1849 1047 1904 Procoro
1063 1846 1191 1915 diacono,
1206 1849 1257 1903 sub
1273 1847 1434 1903 domiciano
1456 1849 1631 1919 imperatore.
1647 1849 1729 1922 Apud

72 1919 164 1975 uitale
177 1925 336 1976 sanctorum
352 1926 504 1990 martyrum
520 1917 625 1976 Cosmae
638 1927 665 1975 et
679 1922 815 1987 Damiani,
827 1921 874 1994 qni
889 1921 912 1981 B
927 1919 1177 1987 ciuitatemligeam
1190 1919 1219 1974 in
1230 1918 1333 1974 Archia

72 1989 123 2047 sub
147 1989 341 2063 persecutione
355 1989 531 2058 Diocletiani,
548 1997 610 2062 post
625 1992 711 2048 multa
728 2000 875 2061 tormenta,

73 2061 188 2118 vincula
208 2069 237 2118 et
250 2076 373 2118 carceres
395 2061 423 2116 iii
441 2076 513 2116 mare
537 2062 631 2130 mersi,
658 2062 755 2120 divina
773 2068 877 2121 virtute

74 2132 246 2213 educti,igni
256 2133 368 2205 copioso
383 2131 516 2212 impositi,
527 2131 575 2213 sed
585 2133 700 2204 frigente
709 2136 771 2207 igne
784 2135 875 2203 illesi,

74 2220 135 2262 cum
151 2218 310 2278 superiores
329 2211 475 2259 tormentis
493 2211 652 2274 existerent,
668 2207 770 2278 paratis
783 2206 878 2263 cruci-

75 2274 125 2332 bus
138 2275 290 2349 proccniul
302 2275 596 2348 impiuseossuspendi
607 2284 633 2332 et
649 2277 786 2349 lapidibus
794 2277 877 2349 jussit

75 2347 177 2420 urgeri.
189 2347 262 2403 ilinc
275 2347 383 2420 sagittis
395 2345 515 2419 aggredi,
526 2346 639 2403 taudem
649 2349 740 2421 gladio
750 2348 880 2422 precepit

76 2417 194 2475 absunn.
211 2418 390 2485 licioruntnr,
410 2443 420 2467 i
439 2425 504 2486 etc,
521 2434 597 2490 pure.

109 2488 260 2548 luscum.
284 2490 314 2545 iii
330 2488 402 2546 linc:
434 2512 444 2537 i
462 2489 567 2545 Eodem
586 2490 643 2558 die,
658 2492 746 2548 sancti
761 2490 879 2551 Cerauni

77 2562 242 2619 miscearis
255 2570 283 2619 et
296 2561 419 2634 episcopi
432 2560 601 2617 Parisiorum
621 2562 753 2620 ciuitatis.
775 2589 784 2612 i
809 2563 879 2622 Vide

78 2633 265 2692 Cistellanum
280 2633 310 2688 in
328 2632 526 2705 Martyrologio
540 2633 700 2690 universali.

112 2704 294 2773 Uiruiiscr,
322 2705 446 2761 Lurouu.
468 2711 495 2761 et
517 2705 616 2762 Dinia.
631 2706 803 2762 conueniunt
816 2722 879 2763 cnm

81 2775 238 2844 Auratum,
250 2784 304 2832 etc.
316 2793 324 2845 ;
336 2776 383 2831 sed
394 2775 423 2831 in
432 2775 487 2831 line
497 2774 649 2847 adjiciunt:
671 2802 680 2824 ι
698 2779 798 2835 Mathis
812 2777 879 2834 civi·

81 2854 145 2917 tate,
159 2847 297 2922 depositio
311 2847 399 2904 sancti
414 2848 512 2903 Petrie
531 2848 617 2921 iscopi
632 2855 659 2904 et
673 2849 847 2906 confessoris.
864 2874 874 2898 ι

81 2919 111 2976 ln
129 2922 230 2976 Dnnic.
247 2920 282 2976 ad
301 2920 450 2991 marginem
467 2864 600 2976 adsitus:
627 2943 637 2967 ι
655 2920 748 2977 Sancti
763 2921 881 2977 Clzearii

80 2990 251 3047 toulessoris
270 2991 368 3047 lestum
385 2992 526 3058 solemue;
551 3006 681 3065 »nempe
700 2993 774 3068 quod
793 2992 881 3050 codex

80 3061 169 3118 luerit
184 3061 221 3118 ad
234 3077 314 3117 usum
328 3062 377 3118 ΡΡ.
392 3061 649 3119 Franciscauorum.

112 3151 278 3208 Auernoiiu.
295 3161 424 3224 praterea
437 3150 579 3226 adjungit:
614 3176 623 3202 ι
643 3154 705 3226 lpso
720 3152 775 3222 die,
793 3153 881 3211 sancti

79 3223 188 3296 lilyasii
203 3223 375 3292 cculeswris,
395 3248 405 3272 i
432 3239 481 3296 pro
495 3225 626 3282 aiziaitt.

115 3312 292 3371 Canauna:
333 3311 445 3387 «Apud
465 3313 577 3386 Egeam,
606 3312 696 3386 passio
722 3319 881 3368 sanctorum

82 3383 186 3443 Casina
200 3393 229 3440 et
242 3383 369 3441 Damiani
385 3392 549 3458 martyrum,
560 3401 624 3440 cum
635 3383 809 3457 quibuscum
823 3398 880 3462 pas·

83 3456 115 3526 il,
129 3463 187 3512 tres
198 3470 295 3512 eorum
304 3456 402 3512 iratres
412 3457 553 3524 Aiitimns,
562 3456 704 3523 Leontius,
715 3456 880 3526 Enprepius.

84 3525 187 3584 Eodem
198 3526 255 3594 die,
264 3534 424 3584 sanctorum
433 3528 550 3584 fratrum
562 3526 656 3584 Adulfi
666 3526 824 3592 ettoaunis,
835 3523 883 3598 qui

84 3599 155 3672 apud
170 3598 329 3656 Cordubam
338 3599 481 3656 civitatem
490 3616 540 3673 pro
550 3598 662 3658 Christo
675 3597 797 3654 coronati
807 3605 881 3652 sunt.

85 3669 115 3727 lii
128 3668 272 3727 territorio
283 3670 538 3743 Augustoduuensi,
554 3681 714 3728 sanctorum
729 3675 883 3742 martyrum

85 3739 219 3798 Florentii
233 3749 260 3798 ct
277 3741 385 3798 Hilarii.
408 3767 417 3791 .

122 3833 300 3892 Bacurius.
310 3834 339 3891 iii
350 3834 439 3908 prima
448 3835 505 3891 lere
514 3833 614 3892 similis
620 3843 660 3892 est
669 3834 883 3899 Aurusnr.,etc.

87 3905 120 3962 lii
146 3904 304 3963 manumet
322 3908 413 3973 tertia,
438 3907 504 3963 satis
530 3921 624 3978 purus.
643 3906 729 3964 Addit
752 3903 835 3961 etiam
854 3902 884 3982 in

87 3975 161 4035 fine:
184 3976 421 4047 «llettisciuitate,
437 3977 573 4051 depositio
582 3978 670 4034 sancti
682 3976 754 4032 Petri
764 3974 885 4046 episcopi

87 4056 115 4105 et
127 4047 305 4107 mnlessoits.
325 4073 334 4098 i

122 4137 318 4208 Hieuuormi,
345 4138 374 4194 in
391 4138 488 4196 Cosma
503 4145 531 4195 ct
544 4138 679 4195 Damiano
694 4135 885 4207 interpolatus,

88 4208 249 4282 subjungit:
273 4234 283 4258 i
300 4212 332 4267 lii
346 4210 488 4275 Armenia,
504 4218 604 4266 sancta
619 4207 729 4280 Gaiana
743 4208 888 4287 viniaci

89 4281 203 4338 alterius
216 4280 344 4353 uirginis.
364 4305 373 4329 i
399 4281 468 4338 Vide
479 4281 674 4347 Castellanum,
691 4279 738 4353 qui
753 4279 822 4334 duas
832 4293 886 4332 vir-

90 4352 165 4425 gines
178 4351 268 4409 addit.
292 4354 323 4409 lu
337 4351 444 4411 duabus
458 4351 603 4425 postremis
617 4348 886 4416 annuntiationibus,

89 4425 248 4497 satispurus
257 4432 307 4480 eet.
319 4425 388 4480 Tum
400 4441 406 4480 :
423 4426 510 4481 «Item
519 4421 664 4480 translatio
675 4421 796 4492 Virgilii,
805 4418 888 4475 Salti-

90 4494 234 4568 burgensis
260 4495 381 4568 episcopi
404 4504 431 4552 et
444 4495 649 4553 confessoris.»
680 4493 787 4550 Colitur
808 4505 889 4546 xxvii

90 4565 265 4622 Novembris.
287 4567 343 4622 «ln
352 4566 398 4623 die
412 4566 504 4625 Cosmi
513 4576 541 4622 et
551 4562 783 4632 Damiani,sancti
799 4561 888 4616 Elsea·

931 2006 992 2046 rum
1009 1997 1163 2060 martyrum
1178 1989 1283 2047 Cosmae
1305 1922 1647 2058 etflffibbgicibaffflgrfa
1637 1928 1730 2046 11¹1]ng

930 2077 1037 2120 cerum.
1062 2061 1115 2128 Qui
1141 2061 1193 2118 sub
1210 2068 1401 2134 persecutione
1423 2061 1590 2117 Diocletiani
1613 2061 1729 2134 impera·

931 2141 1032 2189 torisa
1051 2132 1166 2203 preside
1182 2133 1274 2205 Lysia,
1296 2139 1356 2204 post
1371 2133 1458 2187 inulta
1471 2139 1620 2201 tormenta,
1640 2158 1650 2182 ι
1676 2140 1728 2189 etc.

931 2212 963 2260 ut
984 2219 1066 2276 supra
1086 2204 1115 2258 in
1130 2203 1273 2259 Anrunnr.
1294 2211 1321 2258 et
1344 2203 1416 2258 aliis.
1433 2205 1472 2259 lle
1494 2203 1730 2269 Cordubensibus,

931 2275 998 2331 satis
1026 2290 1102 2347 pure.
1137 2274 1229 2330 Tum:
1267 2275 1327 2329 «ln
1354 2273 1497 2330 territorio
1525 2274 1729 2345 Augustudino,

931 2354 1022 2403 castro
1049 2344 1190 2410 Seuduno,
1219 2345 1309 2400 natale
1335 2353 1493 2401 sanctorum
1523 2346 1676 2401 Florentiui
1703 2352 1731 2400 ot

933 2417 1042 2484 ililarii,
1066 2417 1113 2496 qui
1129 2416 1304 2488 praecipiente
1318 2415 1416 2483 Croco,
1439 2414 1636 2471 Wandalorum
1656 2422 1729 2497 rege,

933 2498 993 2562 post
1004 2490 1130 2545 dentium
1145 2487 1347 2553 excussionem,
1363 2502 1395 2542 ac
1410 2485 1566 2557 linguarum
1581 2494 1730 2542 extractio·

933 2576 1008 2627 uem,
1022 2558 1114 2631 gladio
1148 2559 1264 2631 erempti
1283 2566 1357 2613 eunt.
1379 2582 1388 2605 ι
1409 2557 1449 2613 De
1462 2557 1543 2612 Petro
1558 2557 1683 2626 Meteusi,
1701 2563 1732 2613 nt

933 2647 1025 2703 supra.
1048 2653 1058 2677 ι
1077 2575 1181 2685 uoissm
1196 2630 1252 2698 die,
1269 2629 1354 2684 sancti
1371 2627 1483 2683 Elsiarii
1499 2627 1610 2684 comitis
1624 2636 1652 2684 et
1667 2643 1731 2683 coii-

935 2702 1054 2784 lessoris,
1079 2702 1113 2757 de
1136 2703 1217 2756 tertia
1232 2701 1326 2772 regula
1350 2699 1437 2754 sancti
1456 2698 1594 2754 Francisci
1618 2697 1732 2756 conlas-

933 2790 1043 2832 soris.»

969 2846 1065 2901 Bitia.
1082 2843 1116 2900 de
1143 2844 1242 2902 Cosma
1256 2849 1284 2899 et
1306 2842 1442 2899 Damiano
1456 2840 1550 2897 eadem
1566 2838 1649 2896 habet
1672 2856 1733 2913 qua

934 2917 1088 2984 Ausucum,
1103 2922 1166 2983 etc,
1181 2930 1272 2987 supra.
1285 2912 1388 2970 Caetera
1398 2920 1532 2985 purusest
1547 2912 1577 2967 in
1586 2910 1734 2994 postremis

935 2987 1204 3053 annuntiationibus,
1220 2984 1274 3041 nisi
1298 2985 1372 3057 quod
1391 2986 1420 3040 in
1436 2984 1525 3057 prima
1549 2982 1672 3039 editione
1682 2998 1736 3108 pro

935 3060 1094 3126 Florentini,
1106 3058 1208 3114 scribat
1218 3056 1358 3112 Florentii.
1370 3056 1401 3111 ln
1416 3055 1471 3110 line
1479 3055 1611 3125 adjicitur
1623 3071 1629 3108 :
1654 3078 1663 3101 ι
1707 3069 1734 3109 o·

936 3131 998 3188 dein
1008 3131 1063 3196 die,
1079 3131 1167 3184 sancti
1181 3128 1297 3184 Cizearii
1308 3125 1483 3193 confessoris,
1495 3129 1528 3181 de
1544 3124 1625 3180 tertio
1635 3124 1734 3180 ordino
1811 3181 1814 3187 ,

936 3202 1023 3259 sancti
1038 3201 1126 3255 Patris
1140 3199 1288 3255 Francisci.
1308 3221 1317 3245 i
1745 3224 1748 3229 ·

898 3278 920 3340 c
970 3274 1087 3330 Cestius
1110 3289 1115 3326 :
1139 3270 1256 3326 ‹Missio
1268 3265 1734 3324 inexiliumbeatilohanuisevau·

936 3344 1051 3420 gelista,
1065 3358 1121 3398 uua
1135 3357 1197 3397 cuin
1217 3349 1311 3396 sancto
1326 3341 1444 3395 Procoro
1468 3339 1597 3405 diacono,
1611 3338 1662 3394 sub
1675 3340 1736 3394 [to-

937 3417 1056 3472 miciano
1085 3413 1259 3505 imperatore.
1278 3411 1357 3478 item,
1383 3419 1540 3466 sanctornm
1568 3408 1735 3478 Eleutherii,

936 3485 1101 3552 Andronici,
1113 3483 1261 3550 timothei,
1273 3481 1429 3538 Fidentiiet
1439 3480 1559 3537 Terentii
1569 3487 1735 3561 martyrum

938 3556 1070 3616 Teliciiini
1094 3563 1122 3611 et
1135 3553 1276 3610 Benedicti
1301 3561 1466 3624 martyrum.
1482 3551 1637 3607 Translatio
1663 3551 1736 3607 beati

937 3627 1068 3688 Stanislai
1095 3625 1216 3708 episcopi
1244 3632 1271 3680 et
1299 3624 1438 3695 martyris.
1464 3622 1573 3689 Mathis,
1601 3621 1737 3694 depositio

938 3699 1026 3759 sancti
1046 3701 1119 3756 Petri
1143 3697 1266 3769 episcopi
1289 3703 1317 3752 et
1344 3693 1520 3751 confessoris.
1551 3693 1656 3749 Eodem
1680 3691 1736 3760 die,

938 3770 1049 3831 Eisiarii
1062 3768 1173 3828 comitis
1188 3777 1215 3825 et
1226 3767 1403 3834 conlessoris,
1419 3766 1453 3822 de
1469 3764 1549 3822 tertia
1559 3765 1653 3846 regula
1666 3763 1739 3819 beati

939 3842 1088 3903 Fruticisci.
1105 3843 1136 3898 ln
1152 3841 1245 3908 Dacia,
1262 3839 1395 3895 dormitio
1411 3837 1499 3893 sancti
1513 3836 1611 3892 Ketilti
1625 3834 1749 3891 coeles--

939 3916 1018 3983 soris,
1044 3914 1177 3987 regularis
1206 3910 1350 3984 Prepesiti
1377 3909 1499 3966 ecclesie
1533 3906 1737 3979 Wiburgensit.

940 3986 1087 4044 Theodotus
1107 3992 1247 4051 matrona,
1277 3981 1372 4038 matris
1390 3993 1547 4038 sanctorum
1580 3978 1685 4036 Casina
1713 3982 1741 4033 et

940 4057 1077 4117 Daiuiaiii.
1107 4054 1189 4126 Apud
1213 4054 1356 4111 Coloniam
1387 4053 1578 4125 Agrippinam,
1603 4048 1741 4106 dedicatio

941 4130 1053 4202 majoris
1066 4126 1187 4184 ecclesie
1201 4125 1289 4180 sancti
1311 4123 1383 4178 Petri
1398 4123 1525 4194 apostoli.
1546 4145 1555 4170 i

976 4202 1085 4258 uotis.
1110 4197 1145 4253 de
1160 4196 1257 4253 Cosma
1278 4202 1307 4249 et
1332 4194 1476 4259 Damiano,
1501 4191 1738 4263 postEuprepius,

942 4274 1006 4331 aliis
1028 4268 1129 4327 litteris
1152 4282 1187 4322 eit
1207 4264 1304 4321 Adone
1325 4263 1413 4318 textui
1439 4263 1555 4318 inserit:
1589 4263 1741 4330 ‹Qiiornin

942 4357 1056 4415 corpora
1072 4337 1193 4410 religiosi
1209 4336 1263 4391 iiri
1278 4334 1445 4407 sepelierunt
1458 4333 1486 4388 iu
1503 4332 1564 4389 loco
1578 4330 1741 4399 venerabili,

944 4432 998 4472 non
1016 4415 1094 4483 louge
1106 4426 1122 4465 a
1135 4408 1249 4466 civitate
1269 4406 1365 4477 AEgea.
1380 4406 1504 4460 Duorum
1519 4408 1611 4457 autern
1625 4400 1742 4457 lratrum

943 4488 1049 4546 Casina
1063 4490 1091 4539 et
1104 4479 1230 4538 Damiani
1247 4476 1379 4532 memoria
1396 4475 1514 4549 thoma)
1528 4472 1622 4538 etiam,
1638 4471 1744 4551 templo

943 4558 1073 4631 preclaro
1094 4565 1185 4624 opere,
1202 4549 1308 4605 nomini
1333 4561 1428 4603 eorum
1444 4544 1579 4601 adilicato
1592 4544 1744 4599 solenniter

91 4637 125 4692 rii
138 4637 253 4694 comitis
268 4638 377 4694 Arriani
392 4647 419 4695 ct
432 4638 608 4705 confessoris,
620 4652 666 4707 per
680 4634 820 4691 Urbanum
835 4635 927 4704 pa-I)
944 4629 1044 4703 agitur.
1065 4650 1074 4674 i
1094 4626 1126 4705 lii
1141 4622 1196 4677 line
1207 4629 1318 4701 auum:
1342 4643 1352 4666 ι
1372 4616 1484 4699 Parisiis
1497 4616 1593 4697 eodem
1609 4614 1742 4695 diesen·

92 4723 151 4779 pam
161 4708 293 4782 quintum
304 4709 413 4766 noviter
422 4709 584 4766 canonizati.
602 4733 611 4758 i
632 4708 672 4764 De
685 4708 766 4762 Petro
776 4701 890 4762 blatensi
944 4704 981 4760 cti
997 4701 1129 4755 Eleazarii
1143 4693 1318 4760 confessoris,
1334 4689 1369 4747 de
1383 4696 1466 4746 tertio
1480 4688 1577 4745 ordine
1592 4693 1680 4744 sancti
1695 4685 1742 4741 Pa·

93 4789 121 4835 ut
134 4797 229 4853 supra.

125 4868 565 4928 Miruic.-Csiirus.·Uirnsiscr.
579 4887 606 4926 :i
621 4865 891 4928 Cosmeetliamiaui

94 4951 259 5012 martyrum.
275 4941 429 4998 Florentini
449 4950 477 4998 et
492 4941 590 4996 Hilarii
602 4948 765 5012 martyrum.
782 4937 892 4995 Fidenti

93 5019 119 5066 et
141 5012 266 5067 Terentii
292 5022 456 5086 martyrum.
487 5012 578 5068 liobae
601 5012 728 5083 virginis.
753 5008 891 5076 Anthiini,

94 5080 202 5139 leontii
210 5093 238 5139 et
248 5084 411 5158 Papremis
429 5085 581 5142 Notaturin
591 5083 722 5154 margine,
732 5082 805 5155 quod
814 5080 893 5136 lmbc

93 5152 120 5208 ia
138 5156 333 5229 diungrologio
351 5159 471 5215 Romano
485 5155 602 5212 babetur
614 5155 656 5210 die
670 5153 787 5225 sequenti
795 5169 806 5217 ;
820 5149 894 5224 quod

95 5240 192 5282 verum
208 5235 261 5283 cst.

127 5315 272 5372 Acerris:
290 5340 300 5363 ι
316 5316 454 5385 Flaviaco,
470 5316 558 5373 sancti
573 5312 713 5372 Geremari
730 5309 895 5369 contessoris

93 5395 176 5463 atque
190 5387 307 5445 abbatis.
328 5412 339 5437 ι
360 5389 396 5445 lit
409 5387 468 5445 hac
478 5395 620 5460 ponuntur
633 5387 722 5458 primo
734 5386 804 5441 loco.
816 5385 853 5439 Dc
863 5397 896 5439 eo

92 5474 177 5532 supra
189 5466 285 5515 actum
299 5468 340 5517 est
355 5475 411 5516 tion
426 5460 521 5516 semel.
538 5458 608 5516 Vide
622 5473 690 5513 suiv
701 5457 775 5528 Sept.

128 5551 161 5608 ln
175 5550 313 5609 Varicsu.
322 5567 399 5608 uum.
410 5551 481 5609 5949
491 5550 591 5607 desunt
600 5547 825 5606 annuntiationes
836 5545 897 5602 duas

93 5623 212 5680 ultimae.
228 5621 366 5695 Ajicitur:
390 5647 400 5673 i
426 5625 458 5681 ln
469 5621 588 5696 Epheso,
609 5619 698 5680 sancti
712 5615 890 5676 Timothei·

93 5692 166 5752 Vide
180 5694 405 5753 Observationes.

129 5782 326 5841 Troesmis:
350 5807 360 5834 i
379 5779 625 5852 Ravenna,sancti
642 5767 759 5838 Adentis
770 5774 897 5855 [Adiriti]

94 5853 297 5929 archiepiscopi
326 5864 353 5914 et
389 5854 596 5924 confessoris.»
632 5852 702 5910 Tem
726 5850 897 5910 Srsoazinu:

947 4774 998 4830 tris
1011 4768 1161 4827 Francisci.
1171 4766 1274 4822 Eodem
1288 4763 1344 4832 die,
1355 4763 1442 4819 sancti
1452 4760 1570 4819 Cerauni
1580 4756 1745 4840 couiemoris

945 4853 973 4902 et
1000 4842 1119 4915 episcopi
1142 4837 1310 4895 Parisiorum
1325 4834 1456 4894 civitatis.
1473 4833 1592 4892 Ciuitate
1611 4832 1744 4908 sagiensi,

945 4915 1083 4974 dedicatio
1098 4913 1218 4970 basilice
1254 4907 1353 4963 relate
1365 4906 1454 4975 urbis,
1485 4922 1516 4962 er
1529 4903 1670 4983 diaecesim
1681 4899 1745 4980 .¹¹V¹‘

947 4988 1015 5045 libet
1028 4987 1154 5044 celebrari
1164 4990 1199 5040 la.
1242 4983 1428 5039 atalesaiictni
1478 4975 1589 5054 iltrudis
1617 4984 1745 5051 uirginis,

947 5077 1008 5134 quae
1033 5074 1125 5113 amore
1141 5052 1245 5113 Christi
1268 5067 1400 5123 sponsum
1427 5049 1553 5103 interris
1578 5042 1697 5113 lugiens,
1719 5055 1745 5095 ci

948 5146 1028 5204 quein
1051 5130 1179 5199 elegerat,
1200 5123 1318 5179 viriliter
1335 5120 1461 5185 adhesit,
1492 5117 1651 5195 bonumque
1679 5126 1747 5191 pro-

949 5202 1068 5274 positum
1085 5196 1215 5254 laudabili
1234 5194 1289 5249 line
1304 5190 1451 5248 conclusit.
1472 5210 1481 5235 i
1507 5188 1577 5243 Dein
1593 5180 1748 5263 uiiuoribus

948 5274 1040 5346 typis:
1064 5293 1073 5316 ι
1093 5269 1178 5341 Cujus
1192 5281 1291 5337 cerpus
1306 5265 1423 5335 quiescit
1438 5261 1466 5314 in
1481 5258 1637 5322 Hannonis,
1654 5268 1746 5309 mona·

949 5343 1035 5401 sterio
1048 5341 1145 5396 Latiis.
1165 5363 1174 5386 i
1197 5343 1235 5394 tte
1247 5336 1350 5391 Ketillo
1365 5331 1447 5387 habet
1461 5338 1492 5410 ut
1505 5328 1632 5384 Gaurus.
1650 5325 1748 5406 Poste-

951 5417 1038 5472 riores
1052 5410 1190 5468 editiones
1203 5409 1237 5465 de
1252 5407 1349 5464 Cosma
1363 5410 1391 5459 et
1414 5404 1548 5458 Damiano
1562 5398 1748 5480 ¹solum'inse-

952 5495 1036 5543 runt:
1060 5506 1071 5531 ι
1091 5481 1216 5538 Pecunia
1226 5474 1394 5535 abstinentia
1406 5481 1433 5530 et
1443 5471 1583 5529 miraculis
1597 5471 1674 5527 olari.
1690 5491 1699 5519 i
1717 5469 1749 5525 lu

951 5558 1006 5615 fine
1028 5555 1063 5612 de
1088 5553 1213 5609 Elisario
1233 5557 1261 5606 et
1287 5549 1422 5613 Cerauno,
1438 5552 1468 5600 ut
1495 5543 1524 5601 in
1545 5540 1639 5626 priori.
1659 5541 1747 5597 Tum:

959 5655 967 5677 ι
987 5627 1091 5694 Latiis,
1101 5626 1190 5680 natale
1199 5627 1299 5679 sauctae
1307 5617 1444 5675 blittrudis
1454 5615 1581 5688 virginis,
1589 5630 1650 5697 que
1658 5626 1750 5692 amore

953 5700 1067 5767 Christi,
1083 5705 1136 5754 etc.
1152 5695 1204 5753 Dio
1226 5691 1360 5764 vigesima
1374 5689 1501 5763 septima,
1516 5693 1604 5744 sancti
1618 5690 1750 5766 martyris

953 5769 1102 5832 Callistrati
1116 5774 1144 5826 et
1156 5765 1294 5825 sociorum
1308 5761 1367 5836 ejus
1393 5760 1513 5820 Ciuitate
1525 5758 1659 5832 sagiensi,
1674 5751 1749 5810 dedi·

952 5844 1026 5905 catio
1035 5841 1166 5914 basilica,
1186 5865 1196 5887 ι
1214 5846 1267 5898 etc.
