3834 6136
76 212 134 272 aei

618 210 936 270 MARTVROLOGIUM.
956 244 991 256 -
1010 216 1114 273 MENS.
1136 217 1207 274 JUL.

77 336 242 413 ingentibus
259 335 404 407 mysteriis
421 335 534 393 Domini
559 335 688 393 intererat
702 345 729 394 et
746 336 880 409 Spiritum
895 340 921 399 A
942 341 961 364 ‘''
974 340 1112 396 Gnarum:
1124 343 1165 396 «ln
1175 341 1422 409 Thebaide,saiicti
1430 315 1551 402 Victoris
1559 347 1735 408 confessoris.

76 419 206 471 sanctum
222 425 286 465 cuin
300 406 432 488 apostolis
446 408 558 489 recepit.
573 408 623 464 liic
638 417 730 480 postea
746 409 882 479 predica-

76 485 169 542 tionis
182 489 208 538 et
230 480 386 537 sanctitatis
402 479 493 536 officio
508 480 671 548 inserviens,
689 506 697 527 ι
723 488 788 549 etc,
805 498 881 553 pure.

79 560 112 614 ln
128 552 304 612 Damascenis
318 561 346 608 et
364 551 460 619 Paulo,
478 567 541 607 cuni
556 559 634 607 teiitu
648 561 791 620 consonat,
808 563 835 609 et
854 553 883 609 in

77 629 136 685 iius
150 625 246 696 adjicit
262 643 268 680 :
293 648 302 671 ι
318 623 455 690 Treueris,
470 622 604 704 depositio
627 624 733 679 Severe
754 624 882 697 virginis,

77 697 184 757 sororis
197 695 363 753 Modowaldi
376 695 496 766 episcopi
513 694 635 766 ejusdem
649 695 781 751 civitatis.
799 721 807 742 ·

114 776 277 832 Aouicmcr.
295 784 344 840 pro
359 767 445 834 Cossi,
461 767 554 833 Paule,
572 766 663 831 habet,
682 767 772 832 Bassi,
788 768 880 824 Pauli.

76 846 170 908 Deest,
185 840 290 895 deitate
307 838 443 905 Corduba,
458 844 510 893 etc.
527 837 580 893 Sed
603 838 631 892 in
652 837 706 893 line
723 857 729 894 ;
753 838 881 894 «Eodem

76 916 136 982 die,
150 919 252 969 sanctia
266 912 424 981 Margaretae
439 908 555 979 virginis
570 918 597 964 et
612 909 750 979 Martyris.
767 911 797 965 ln
813 926 881 981 pago

78 981 405 1054 Bononiensi‚depositio
415 981 503 1038 sancti
514 980 640 1036 Vulmari
650 980 766 1036 abbatis.
778 1006 788 1029 ι
805 981 880 1038 Idem

79 1058 129 1114 hic
141 1056 241 1128 saepius
254 1054 383 1111 recurrit.

116 1129 284 1185 Viscorum:
301 1124 487 1192 «Antiochus,
502 1132 602 1180 sanctae
617 1124 774 1195 Margaretae
790 1123 882 1195 virgi-

79 1200 155 1256 nis.»
179 1198 250 1254 Vide
261 1197 336 1252 inira
349 1198 393 1252 elo
412 1196 468 1251 ium
483 1195 556 1267 apud
570 1196 679 1251 Metiri.

114 1214 410 1327 insinuemus-ii

78 1422 190 1470 ciorum
215 1420 369 1483 martyrum

79 1563 213 1612 sanctum
224 1555 333 1610 Petrum
346 1554 473 1625 quiescit.
490 1576 499 1599 i

411 1284 554 1323 irnsincr.
569 1285 574 1322 :
591 1267 768 1337 ‹Margaretae
790 1265 881 1337 virgi-

79 1343 125 1398 nis
140 1350 167 1398 et
186 1340 326 1412 martyris.
343 1340 442 1466 loseph
455 1339 506 1420 qui
524 1338 615 1419 dictus
630 1346 670 1419 est
686 1337 790 1418 iustus.
807 1337 880 1392 San-

417 1411 505 1477 abini,
533 1411 656 1475 Maximi,
685 1408 787 1463 iuliani
816 1425 880 1464 cnm

78 1486 199 1542 caeteris.
219 1482 347 1540 Bernoldi
371 1481 492 1563 episcopi
518 1478 710 1552 Trajectensis,
734 1479 782 1551 qui
807 1479 879 1551 apud

937 412 1026 483 Magni
1062 412 1195 485 resbyteri
1214 421 1241 468 et
1257 415 1393 470 Amerini.
1411 416 1442 470 In
1463 434 1530 488 pago
1553 419 1734 491 Bononiensi,

937 483 1024 539 sancti
1043 430 1175 565 Ριιιιιιιιιιι
1198 485 1314 554 abbatis,
1334 487 1487 559 presbyteri
1507 496 1533 544 et
1554 489 1732 549 confessuris.

937 556 1003 610 lteni
1017 555 1153 612 Placerize.
1163 558 1194 613 ln
1205 557 1313 625 Tuscia,
1325 568 1425 615 sanctie
1441 559 1580 616 memorie
1597 562 1735 620 Ambrosii

937 626 1089 753 presbyteri
1117 636 1143 683 el
1171 629 1347 696 contessoris,
1372 630 1478 686 ordinis
1508 631 1734 691 Predicatorum.

950 707 1122 765 tem,sanctar
1132 700 1428 775 Wivlgeiortisvirginis
1439 702 1734 775 elmartyris,filiaere·

937 771 977 840 gis
987 771 1158 840 portugalie.
1172 773 1278 827 Severa
1292 772 1419 843 virginis,
1430 775 1533 829 sororis
1543 775 1630 832 sancti
1642 776 1734 831 Modo-

935 841 991 896 aldi
1002 841 1122 913 episcopi
1134 843 1335 899 Treverensis.·
1353 845 1422 901 Vide
1433 846 1601 902 notationem
1610 847 1733 904 Barouii.

971 913 1079 993 hloian.
1094 930 1099 967 :
1121 937 1130 960 ι
1141 914 1223 985 Apud
1233 915 1422 983 Antiochiam,
1433 919 1522 988 passio
1533 918 1618 973 beate
1629 919 1733 991 Marga-

935 985 995 1039 ritae
1012 984 1128 1056 virginis
1151 993 1178 1040 et
1198 987 1336 1058 martyris.
1352 987 1488 1057 Treberis,
1505 997 1606 1045 sanetae
1626 990 1733 1046 Severe

935 1055 1061 1136 virginis,
1078 1057 1179 1112 sororis
1194 1058 1281 1114 sancti
1297 1058 1445 1128 Modoaldi,
1463 1060 1585 1128 ejusdem
1601 1062 1655 1116 loci
1669 1062 1734 1134 epi-

934 1143 1020 1194 scopi.
1038 1127 1142 1183 Eodem
1158 1128 1212 1194 die,
1229 1129 1257 1183 in
1276 1147 1343 1201 pago
1359 1130 1456 1187 Galliae
1470 1132 1650 1201 Bononiensi,
1670 1150 1735 1188 ino-

934 1198 1053 1253 nasterio
1064 1199 1193 1266 Silmaco,
1203 1200 1339 1272 depositio
1351 1202 1438 1257 sancti
1451 1203 1576 1259 Vulmari
1587 1203 1706 1261 abbatis.
1717 1229 1726 1253 ι

934 1270 1029 1349 Postea
1049 1273 1123 1343 typis
1140 1272 1313 1329 minoribus:
1337 1275 1428 1329 ‹ltem
1443 1284 1544 1330 sancte
1559 1275 1733 1346 Wilgeiortis

935 1341 1051 1411 virginis
1074 1349 1101 1396 et
1124 1343 1263 1414 martyris,
1280 1343 1345 1399 filiae
1361 1346 1432 1413 regis
1449 1346 1612 1417 Portugaliae
1628 1365 1633 1400 :
1650 1363 1733 1419 quam

934 1411 1063 1466 nonnulli
1079 1413 1185 1481 Latine,
1200 1414 1365 1480 Liberalem,
1383 1417 1532 1471 Teutonico
1545 1426 1647 1485 autem,
1660 1417 1734 1474 Out-

934 1499 1100 1539 comnieram
1112 1484 1303 1555 agnominant.
1315 1511 1323 1532 ·
1338 1485 1550 1543 Editionesaliaa
1561 1496 1733 1558 posttexlum

934 1554 1071 1624 integrum
1096 1572 1206 1626 purum,
1229 1555 1380 1612 subdunt:
1407 1558 1516 1629 «Apud
1542 1559 1732 1626 Antiochiam,

117 1628 297 1693 Ciusiscsic,
310 1625 404 1682 Counir
415 1626 447 1680 D.
464 1641 501 1679 uu
523 1623 647 1680 Cuiivii.
664 1623 787 1694 signatus
802 1622 832 1679 C.
851 1629 878 1676 et
935 1625 1025 1695 passio
1044 1627 1129 1681 beatas
1155 1627 1306 1698 Margarita
1322 1628 1440 1699 uirginis
1459 1637 1485 1684 et
1509 1630 1649 1702 martyris.
1666 1629 1733 1696 Quae

75 1695 422 1767 Cauoiacisnadjungunt:
433 1694 693 1766 «ipsodieCluniaci
703 1695 880 1761 monasterio,
897 1691 917 1748 B
935 1713 982 1766 per
997 1697 1029 1752 Ol

70 1770 196 1841 gloriosa
210 1768 337 1840 exceptio
347 1767 526 1839 reliquiarum
543 1766 613 1821 beati
625 1765 747 1836 Gregorii
760 1783 845 1854 pape.
858 1788 867 1811 ι

106 1842 139 1896 ln
159 1840 294 1897 Varicsu.
306 1839 381 1895 deest
396 1838 487 1896 Ponti.
503 1837 668 1908 Adjectum:
689 1838 737 1893 «lii
748 1837 873 1906 bassino,

71 1912 173 1968 natalis
188 1909 278 1967 sancti
292 1910 385 1967 Severi
405 1910 538 2000 episcopi.
557 1934 565 1956 ι

107 1984 248 2038 Anienis.
266 2001 272 2038 :
299 2008 307 2029 ι
322 1982 403 2064 Apud
418 1982 593 2047 cluniacum,
601 1979 727 2051 exceptio
746 1979 874 2053 reliquia·

71 2069 134 2111 rum
149 2054 223 2110 beati
239 2054 364 2126 Gregorii
380 2070 464 2127 papas.
482 2077 491 2100 ι

106 2126 208 2182 Eoirro
222 2124 405 2182 Lussc.·Coi.
423 2123 521 2196 incipit
538 2141 543 2179 :
569 2146 579 2169 ι
594 2121 669 2178 Elias
683 2131 776 2195 raptus
788 2131 830 2180 est
845 2124 873 2179 iu

71 2199 174 2255 omium
190 2214 275 2254 curru
290 2197 373 2268 ignis,
388 2204 493 2253 astante
505 2203 531 2250 et
544 2193 655 2250 vidente
670 2196 810 2252 Maliaco.»
828 2195 875 2251 Se-

72 2271 170 2343 quitur
188 2269 223 2325 de
246 2268 347 2340 ioseph
367 2276 393 2323 et
409 2267 594 2333 Damascenis,
610 2267 675 2322 satis
690 2283 766 2339 pure.
779 2267 849 2322 Tum
866 2286 872 2324 :

80 2366 90 2388 ι
105 2342 137 2397 lu
152 2339 301 2406 Thebaida,
317 2341 405 2395 sancti
421 2339 542 2396 Victoris
561 2338 736 2395 contessoris.
753 2338 874 2396 Ciuitate

73 2411 211 2478 Corduba,
233 2436 242 2457 i
273 2419 326 2468 etc.
354 2412 416 2466 «ln
444 2426 512 2482 pago
538 2411 716 2478 Bononiensi,
738 2409 875 2482 depositio

72 2484 161 2540 saneti
178 2482 316 2539 Wuimari
337 2481 454 2550 abbatis,
472 2481 625 2554 presbyteri
647 2490 674 2537 et
696 2481 873 2538 confessoris.

72 2555 209 2624 Treveris,
238 2563 339 2611 sanctae
365 2553 472 2609 Severe
500 2553 628 2624 virginis,
656 2554 758 2609 sororis
787 2552 875 2608 sancti

73 2626 251 2694 Monowaldi,
260 2625 383 2698 ejusdem
395 2624 448 2681 loci
457 2624 577 2707 episcopi
586 2633 613 2681 et
623 2624 798 2680 confessoris.
809 2623 875 2690 Quia

74 2698 103 2754 in
116 2697 233 2754 ecclesia
248 2699 335 2754 sancti
352 2697 485 2754 Eucherii
505 2696 631 2769 quiescit.
648 2720 657 2743 ι
680 2696 755 2752 Alibi
776 2696 876 2751 melius

78 2769 188 2842 legitur,
208 2768 384 2828 ‹Modoaldi.
400 2794 410 2819 i

1033 1697 1143 1822 {hilum
1159 1698 1319 1768 praelectum
1336 1702 1422 1756 multa
1442 1709 1579 1756 torinenta
1594 1718 1671 1773 passa
1692 1707 1733 1757 est

930 1785 979 1839 pro
1010 1768 1029 1823 C
1055 1769 1115 1823 risti
1144 1769 1265 1836 nomine,
1297 1771 1419 1836 vincula,
1450 1788 1581 1839 carceres,
1611 1772 1728 1843 flagella,

929 1841 1087 1912 equuleum.
1108 1840 1196 1907 Quam
1211 1849 1237 1895 et
1252 1841 1379 1897 diabolus
1395 1843 1424 1897 in
1439 1843 1567 1899 draconis
1582 1846 1683 1915 specie,
1694 1843 1732 1899 si·

930 1911 1035 1966 militer
1054 1919 1080 1965 et
1105 1911 1133 1965 in
1159 1910 1309 1983 AEthiopis,
1332 1914 1460 1981 tentavit,
1481 1914 1528 1970 sed
1548 1931 1596 1985 per
1618 1915 1728 1986 signum

929 1990 1030 2037 sanctae
1054 1981 1150 2039 Crucis
1174 1991 1317 2053 superatus
1340 1991 1390 2040 est.
1416 1985 1574 2041 Novissime
1598 2003 1663 2042 vero
1684 2002 1732 2057 pei·

929 2052 1092 2123 praedictum
1108 2053 1268 2124 prefectum
1287 2055 1433 2124 decollata,
1449 2074 1526 2113 sacro
1542 2057 1676 2128 martyrio
1692 2056 1733 2111 vi·

929 2132 985 2179 tam
999 2124 1123 2181 linivit.»
1142 2127 1180 2181 De
1195 2126 1245 2182 hac
1258 2127 1335 2191 alibi,
1346 2136 1376 2182 ut
1387 2144 1437 2183 inii
1447 2128 1524 2195 lulli,
1535 2136 1588 2185 etc.
1601 2129 1732 2201 Sequitur

930 2195 959 2250 in
982 2195 1025 2250 his
1047 2195 1228 2264 editionibus,
1245 2206 1380 2270 tanquam
1403 2216 1465 2271 pars
1487 2200 1601 2256 Usuardi
1626 2208 1729 2256 textus.

937 2291 946 2313 ι
962 2267 1064 2346 Bodeiii
1080 2267 1135 2334 die,
1149 2269 1176 2322 in
1188 2268 1276 2323 Gallia
1288 2286 1354 2340 pago
1365 2270 1548 2336 Bononiensi,
1564 2272 1653 2327 sancti
1665 2271 1732 2325 Vul-

930 2353 998 2392 maii
1014 2338 1188 2406 confessoris,
1207 2339 1376 2396 admirande
1403 2342 1558 2397 sanctitatis
1577 2342 1642 2397 viri.
1660 2343 1732 2397 Tre-

930 2409 1281 2475 viris,sanctaeSeveraevir
1301 2412 1730 2481 luis,sororissanctlModoaldi,
1749 2451 1752 2457 -

930 2478 1051 2549 ejusdem
1069 2480 1121 2536 loci
1136 2481 1267 2551 episcopi.
1282 2428 1313 2537 ιιι
1329 2483 1495 2553 Portugalia,
1513 2484 1613 2538 natalis
1628 2490 1730 2538 sanctae
1768 2507 1774 2530 ι

930 2551 1102 2622 Wilgeiortis
1116 2551 1232 2623 virginis
1254 2560 1280 2607 et
1302 2555 1441 2625 martyris,
1457 2571 1517 2626 quie
1532 2570 1626 2610 amore
1641 2553 1731 2609 casti·
1791 2612 1796 2623 ,

929 2622 993 2677 tatis
1017 2631 1043 2678 et
1069 2622 1232 2679 Christiania
1260 2624 1335 2690 sidet,
1355 2625 1385 2679 in
1409 2641 1489 2680 cruce
1515 2626 1645 2692 moriens,
1663 2623 1731 2679 ieli-

930 2693 999 2749 citer
1014 2694 1143 2749 transivit
1157 2694 1192 2749 ad
1207 2695 1387 2751 Dominum.»
1408 2696 1468 2751 Non
1484 2703 1524 2752 est
1538 2712 1639 2752 nomen
1654 2694 1730 2752 Lusi·

931 2765 1067 2821 tunicum.

805 2897 1011 2909 ι*

77 2953 128 3009 xil
145 2953 220 3012 Kal.

1622 2944 1672 3000 Die
1686 2944 1731 3000 21.

1684 221 1816 284 282'

109 3041 239 3099 Danielis
253 3038 399 3111 prophete.
414 3040 518 3099 Rome,
533 3043 635 3093 sanctae
650 3034 782 3093 Praxedis
796 3032 923 3106 virginis.
936 3035 999 3091 Haec
1014 3035 1131 3091 inomni
1146 3035 1272 3092 castitate
1283 3046 1310 3094 et
1320 3037 1378 3108 lege
1389 3034 1489 3091 divina
1498 3033 1618 3103 erudita,
1629 3033 1733 3106 vigiliis

75 3139 101 3187 et
115 3129 292 3187 orationihus
304 3136 382 3201 alque
395 3126 507 3200 jejuniis
521 3127 631 3183 assidue
646 3142 756 3190 vacans,
767 3123 873 3199 quierit
889 3123 918 3178 in
931 3123 1053 3194 Christo,
1070 3127 1231 3198 sepultaque
1246 3133 1287 3181 est
1298 3123 1384 3195 juxta
1400 3141 1476 3180 suam
1493 3139 1614 3180 sororem
1635 3123 1731 3178 Poten·

76 3223 178 3278 lienam
196 3219 244 3274 iiia
257 3219 368 3274 Salaria.
379 3219 410 3273 ln
423 3217 521 3274 Galliis
536 3216 647 3274 civitate
660 3215 798 3282 Massiliae,
815 3213 913 3269 natalis
924 3213 1012 3268 sancti
1024 3213 1154 3281 Victoris,
1167 3215 1226 3286 qui,
1238 3230 1301 3269 cum
1316 3220 1387 3268 esset
1400 3212 1492 3281 miles,
1505 3220 1532 3267 et
1542 3229 1592 3268 nec
1602 3213 1732 3280 militaro,

78 3329 122 3370 uec
137 3309 222 3367 idolis
236 3308 390 3365 sacrificare
404 3308 499 3375 vellet,
515 3306 605 3379 primo
619 3307 647 3361 iu
657 3322 796 3363 carcerem
807 3313 912 3370 trusus,
924 3303 1018 3374 ibique
1032 3303 1066 3357 ab
1080 3303 1184 3375 angelis
1195 3303 1333 3369 visitatus,
1345 3303 1448 3358 deiude
1464 3302 1550 3357 variis
1559 3301 1734 3359 excruciatus

79 3402 171 3474 punis,
185 3399 338 3457 novissime
356 3398 492 3454 contritus
509 3397 538 3452 iu
555 3398 628 3453 mola
651 3397 775 3470 pistoria,
792 3392 957 3466 martyrium
976 3393 1189 3449 consummavit.
1206 3393 1280 3447 Passi
1302 3400 1367 3447 sunt
1388 3407 1450 3449 cum
1486 3407 1519 3446 eo
1541 3397 1595 3445 tres
1619 3389 1733 3457 milites,

80 3490 242 3559 Alexander,
257 3488 414 3546 Felicianus
429 3497 456 3546 et
469 3488 620 3560 Longinus.
637 3488 745 3556 Trecas,
771 3494 871 3543 sauctae
884 3488 965 3544 iuliae
981 3487 1098 3559 virginis
1112 3496 1139 3544 et
1155 3486 1298 3559 martyris.

846 3604 964 3664 NOTAE.

110 3706 236 3763 Sumitur
254 3711 350 3762 textus
375 3720 410 3760 eir
432 3704 554 3773 Protea,
570 3704 720 3774 Monimou,
738 3705 896 3776 nemeen,
912 3704 1174 3778 Antuerp.-Maiore,
1190 3703 1321 3775 Antuerp.
1337 3712 1364 3760 et
1375 3703 1567 3775 Meu-Labeo,
1585 3705 1733 3778 Munerat,

81 3794 168 3852 Beliai
179 3794 268 3867 primo
283 3794 407 3862 editione,
432 3794 541 3851 Greoea.
552 3804 580 3852 et
592 3796 696 3854 Molee.

694 3914 896 3971 VARIANTES
915 3912 1121 3971 siscliensis.

111 4014 194 4070 Recte
209 4012 303 4085 legunt
316 4027 422 4080 omnes,
437 4010 604 4067 orationibus
617 4017 696 4093 ctqm
705 4010 819 4079 jejuniis
834 4029 875 4066 os·
890 4014 911 4073 C
926 4028 986 4065 cuin
1001 4011 1030 4065 in
1043 4028 1178 4066 carcerem
1192 4017 1294 4074 trusus,
1304 4011 1341 4066 ihi
1356 4010 1399 4080 ab,
1411 4017 1463 4067 etc.
1478 4010 1513 4065 Et
1527 4009 1616 4067 Belin.
1632 4010 1734 4068 iterum

77 4084 145 4140 sidae
168 4101 276 4152 umam,
293 4083 386 4139 nescio
408 4099 458 4138 cur
476 4082 506 4137 in
521 4083 717 4154 Antuerpiensi
734 4082 872 4138 inseratur
925 4083 1029 4151 oiipelo,
1059 4099 1108 4153 pro
1131 4083 1243 4153 angelis.
1265 4082 1374 4155 Reliqui
1405 4083 1433 4137 in
1453 4090 1532 4138 textu
1553 4082 1648 4153 poenis,
1670 4083 1734 4140 licet

79 4172 129 4211 iou
143 4157 261 4223 madito,
277 4155 350 4210 unde
364 4154 486 4226 exsurgit
502 4154 594 4225 inepta
608 4154 788 4221 constructio,
804 4170 874 4209 oro·

79 4228 191 4282 tionibus
217 4234 296 4297 alque
311 4225 422 4295 jejuniis
446 4226 551 4280 erudito
575 4227 692 4293 assidue,
717 4234 782 4292 etc,
809 4242 873 4282 eum

77 4298 166 4354 eadem
183 4298 262 4368 prius
276 4297 345 4352 bene
360 4297 445 4369 posita
462 4297 508 4365 sit,
521 4299 558 4367 lep
571 4298 676 4352 edioieo
691 4297 807 4362 erudito,
819 4304 872 4352 etc.

77 4371 107 4424 lu
121 4370 229 4425 Christo
238 4369 346 4439 quieuit,
358 4378 398 4424 est
413 4367 590 4441 transpositio
602 4367 872 4449 Antuerp.-Maioris,

76 4448 104 4519 ut
115 4441 145 4496 iu
159 4441 217 4495 alio
227 4440 334 4496 faciunt
344 4440 446 4507 Belin,
457 4440 573 4496 Greven.
586 4449 613 4494 et
627 4439 742 4506 Melan,
753 4455 800 4510 qui
812 4455 872 4509 pro,

71 4519 151 4579 juxto
165 4528 244 4566 mum
256 4527 383 4578 sororem,
392 4518 500 4567 mutant
513 4511 542 4567 in
552 4510 638 4581 juata
652 4527 769 4564 sororem
787 4526 872 4564 suum.

75 4582 147 4638 Alibi
162 4582 289 4639 diximus
303 4582 514 4638 Praetutianum
528 4581 622 4650 scribi,
640 4598 688 4653 pro
704 4582 873 4648 Potentiono,

76 4653 119 4708 sed
133 4654 182 4710 hic
193 4653 303 4709 codices
318 4669 413 4709 ornnes
426 4671 490 4709 cum
504 4661 584 4710 textu
596 4653 784 4710 consentiunt.
800 4653 874 4709 Mur·

76 4725 134 4780 iilia
154 4725 259 4780 habent
274 4725 445 4781 Munerat.et
460 4727 549 4781 Belin.
564 4727 669 4782 Rursus
684 4725 772 4780 Belin.
785 4724 833 4778 ubi
845 4723 875 4778 in

76 4802 153 4852 textu
172 4804 225 4864 est,
240 4802 265 4850 el
288 4813 333 4850 nee
355 4797 542 4864 velliternense
561 4797 651 4862 idolis,
666 4805 731 4865 ete,
749 4795 835 4868 ponit,
851 4800 876 4850 et

77 4885 126 4921 coa
136 4869 318 4936 militureaec,
335 4877 387 4924 etc.
400 4868 708 4940 Antuerp.-Ma‘orvero
718 4867 825 4924 omittit
836 4872 873 4934 et,

77 4940 145 4995 male
159 4940 243 4996 etiam
257 4939 403 4995 eliormans
422 4941 575 5013 sequentia,
590 4886 643 4995 boc
658 4940 740 4995 modo
757 4958 762 4995 :
781 4938 874 4994 Primo

929 4154 1052 4226 plerique
1068 4169 1164 4208 omnes
1179 4153 1287 4210 codices
1303 4153 1487 4224 diphthongis
1502 4162 1622 4222 careant,
1634 4153 1663 4209 in
1679 4172 1735 4227 qiio

928 4235 954 4279 et
968 4223 1109 4279 similibus
1134 4224 1184 4279 viii
1203 4225 1308 4279 servari
1331 4231 1421 4349 [ἐοιοει
1435 4223 1648 4295 orthographica
1664 4226 1734 4281 uni-

927 4295 1062 4350 formitas.
1085 4294 1176 4351 Belin.
1204 4296 1267 4351 allis
1287 4309 1336 4350 ver
1356 4295 1379 4350 is
1406 4310 1481 4360 usus,
1501 4295 1623 4364 scripsit,
1648 4297 1734 4350 variis

927 4367 1087 4422 cruemlibits
1100 4367 1222 4437 punitus.
1237 4366 1340 4422 Sensus
1358 4365 1456 4436 exigit,
1473 4365 1614 4418 nouissime
1626 4367 1734 4419 coutri-

929 4444 969 4492 tus
979 4438 1086 4492 inmolu
1096 4437 1276 4509 pistorio,sed
1292 4439 1427 4508 Antuerp.
1440 4443 1467 4492 et
1482 4434 1671 4491 Max.·Lubec.
1686 4452 1732 4506 po·

931 4516 1001 4562 nunt
1017 4509 1185 4575 constrictas,
1197 4517 1278 4579 atque
1293 4506 1387 4561 eadem
1408 4506 1494 4561 editio
1509 4514 1535 4560 et
1550 4505 1639 4560 Belin.
1653 4505 1734 4562 omit·

930 4586 992 4634 tunt
1007 4578 1045 4632 iii.
1063 4578 1182 4634 Greven.
1199 4586 1226 4634 et
1240 4578 1340 4634 Melan.
1354 4576 1399 4633 hic
1409 4576 1500 4632 denuo
1512 4593 1528 4631 a
1538 4575 1734 4633 communione

930 4649 1049 4705 lectione
1064 4648 1207 4713 deliciunt,
1226 4666 1289 4705 nam
1307 4648 1354 4704 ubi
1371 4664 1467 4704 omnes
1480 4648 1528 4703 alii
1545 4648 1649 4720 legunt,
1659 4648 1735 4720 possi

931 4727 993 4776 suat
1010 4738 1069 4776 cum
1084 4739 1112 4776 eo
1124 4728 1176 4776 tres
1188 4720 1363 4793 militer,·ipsi
1378 4720 1512 4778 omittunt
1528 4727 1588 4776 tres.
1605 4720 1734 4793 Longius,

931 4809 980 4865 pro
995 4792 1141 4864 Longinus,
1159 4810 1236 4850 error
1252 4803 1293 4850 est
1307 4793 1335 4849 in
1350 4791 1650 4922 Antuerpien.-Majore
1663 4811 1669 4848 :
1682 4793 1735 4848 mi·

929 4865 1098 4937 noresaiios,
1115 4870 1175 4922 tuin
1189 4884 1224 4923 eir
1237 4867 1300 4936 hoc,
1316 4874 1374 4922 tuin
1392 4883 1426 4922 ex
1441 4883 1456 4922 a
1470 4867 1504 4924 iis
1518 4865 1659 4925 codicibus
1669 4880 1734 4937 pre-

931 4943 1020 4994 terso.

752 5059 1057 5120 OBSERVATIONES.

110 5161 149 5217 De
174 5161 286 5217 Daniele
307 5160 440 5234 propheta
466 5162 522 5234 agit
547 5162 629 5219 hodie
654 5161 727 5218 Beda
754 5161 914 5225 secundol)
933 5176 982 5218 suo
1002 5173 1077 5213 more
1089 5159 1240 5215 contraxit.
1256 5157 1333 5215 Unde
1346 5173 1411 5212 vero
1426 5152 1593 5211 narrationis
1606 5166 1661 5207 suae
1677 5166 1732 5207 ma·

79 5230 147 5300 loco,
167 5240 229 5304 post
251 5235 410 5290 Piueedam.
429 5236 583 5292 Romanum
612 5251 728 5306 parvum
750 5233 876 5307 sequitur

76 5302 146 5370 Ado,
162 5303 239 5360 hunc
258 5313 352 5360 noster
366 5315 392 5362 et
407 5307 465 5374 alii,
483 5306 581 5363 iisdem
598 5306 686 5362 ierme
700 5322 796 5362 omnes
816 5312 876 5361 ter-

78 5373 170 5430 minis.
189 5375 338 5432 Videbitur
354 5394 403 5433 suo
419 5388 551 5449 tempore,
567 5379 663 5451 quanti
674 5378 816 5434 faciendus
829 5377 876 5445 sit,

77 5446 121 5525 qui
131 5446 206 5573 apud
213 5448 326 5527 Surium
338 5449 390 5505 hoc
404 5450 449 5505 die
464 5458 565 5518 exstat,
577 5458 650 5505 tolus
664 5449 711 5505 ille
723 5448 876 5577 Metaphra·

76 5526 123 5572 slis
160 5534 175 5573 e
198 5520 311 5574 Daniele
327 5528 353 5574 el
372 5521 462 5577 tribus
483 5522 574 5591 pueris
590 5521 768 5593 Babylonicis
811 5536 877 5574 om-

76 5591 237 5646 mentarius.
268 5592 418 5647 Proredein
445 5593 527 5648 etiam
558 5600 691 5650 memorat
720 5594 874 5649 Romanum

75 5670 237 5730 parvum,et
248 5662 331 5729 Beda,
344 5673 373 5719 ut
385 5663 442 5734 jain
454 5664 523 5721 diiii.
541 5665 668 5721 Rabanus
685 5681 744 5720 eain
760 5682 794 5721 ex
804 5664 878 5721 Beda

76 5732 224 5805 accipiens,
240 5735 362 5806 elogium
377 5737 477 5792 format
488 5737 523 5792 ab
535 5737 680 5792 Adoniano
692 5739 771 5808 plane
786 5736 876 5793 diver·

76 5818 148 5862 sum.
160 5805 259 5864 Noster
274 5805 380 5863 Adonis
389 5814 508 5878 textum,
516 5808 600 5883 paulo
613 5808 777 5882 longiorem,
789 5809 877 5870 nitide

929 5232 1027 5293 teriam
1042 5229 1208 5287 Viennensis
1223 5230 1368 5302 acceperit,
1386 5243 1442 5283 non
1456 5234 1497 5281 est
1511 5239 1580 5294 opus
1597 5222 1643 5303 bic
1656 5239 1733 5295 repe·

931 5316 1002 5369 tere;
1015 5299 1150 5374 videque
1163 5303 1310 5359 dictasunt
1320 5317 1370 5355 xiii
1380 5298 1447 5356 Maii
1457 5304 1484 5352 et
1497 5294 1629 5349 xxlunii.
1647 5295 1735 5353 Victor

931 5371 1111 5435 Massiliensis
1134 5373 1251 5430 illustris
1277 5381 1391 5440 martyr,
1409 5385 1425 5423 a
1449 5369 1570 5424 Romano
1586 5382 1670 5438 parvo
1689 5365 1735 5424 his

932 5449 1022 5505 solum
1037 5443 1129 5499 verbis
1153 5453 1286 5501 notatur:
1304 5440 1441 5506 Massilie,
1464 5439 1576 5496 Victoris
1591 5443 1731 5510 martyris.

932 5524 983 5576 Ast
1001 5520 1029 5572 in
1044 5514 1270 5588 hieronymianis
1288 5513 1385 5567 iisdem
1401 5509 1484 5567 sociis
1497 5510 1635 5567 militibus
1649 5511 1733 5583 stipa·

933 5600 977 5649 tus
989 5597 1039 5655 est,
1052 5603 1120 5659 quos
1133 5588 1193 5643 Ado
1208 5583 1373 5641 nominatim
1385 5583 1468 5639 etiam
1480 5584 1625 5652 recensuit,
1637 5583 1733 5640 addito

932 5664 1029 5721 itidem
1046 5660 1186 5716 Deatherio
1200 5673 1293 5728 puero,
1307 5657 1353 5727 qai
1366 5656 1402 5712 ad
1416 5662 1565 5727 marleiam
1584 5657 1732 5726 sepulerum

931 5752 1013 5792 orans
1027 5732 1141 5789 emiserit
1154 5729 1290 5802 spiritum.
1303 5729 1338 5785 Et
1350 5728 1409 5785 haic
1424 5727 1518 5784 eadem
1533 5727 1650 5796 vestigia
1660 5740 1733 5804 pres·

932 5807 969 5866 sit
980 5806 1127 5873 liutherus,
1143 5802 1268 5861 Adonem
1289 5808 1377 5858 totuin
1389 5808 1417 5859 et
1431 5800 1460 5856 in
1473 5799 1548 5857 hisce
1563 5795 1732 5866 martyribus
