3834 6136
793 189 944 251 USUABBI
965 189 1125 252 MONACHI

801 360 1105 420 OBSERVATIONES.

161 489 331 546 Hodiernum
341 486 505 543 laterculum
515 491 605 540 totum
615 485 812 543 exAdonianis
822 488 925 556 verbis,
942 486 1034 558 Aiam
1052 485 1154 543 laudati
1171 484 1360 567 Symphorieni
1373 484 1618 557 Augustodunensis
1637 487 1783 557 memoria,

125 569 233 619 servato
247 558 490 616 annuntiationum
504 556 612 625 ordine,
627 565 788 614 contextum
808 567 849 615 est
865 560 927 626 ;al-

125 635 181 690 tius
210 642 300 690 tamen
325 630 411 700 repeti
436 634 525 702 potest
548 628 636 700 prima
660 645 753 686 earum
777 631 924 701 scaturigo.

125 707 216 779 Atque
239 713 270 760 ut
294 719 309 758 a
334 701 422 773 prima
445 699 583 768 exordiar,
603 700 925 758 Timotltei‘illustrissinti

125 794 190 834 sane
207 774 338 845 martyris
345 771 571 829 commemoratio
581 772 652 827 miro
663 788 798 829 consensu
811 772 926 829 vetustis

125 846 308 913 Kalendariis,
333 843 516 911 Bucheriauo,
538 842 759 915 Carthaginensi,
775 844 924 913 Allatiau0,

126 918 325 983 Frontoniano,
341 915 465 986 Gregorii
480 915 699 972 sacramentario
715 922 743 972 et
757 916 926 987 Martyrolo-

126 991 178 1063 giis
192 988 322 1046 omuibus
334 988 438 1044 inserta
450 994 500 1043 est.
516 987 598 1042 lllum
610 987 649 1043 ita
670 1003 703 1044 ue
715 987 856 1044 celebrant
865 987 927 1042 llie·

125 1061 299 1135 ronymiana,
311 1059 360 1117 sed
374 1075 437 1115 curn
451 1058 535 1114 titulo
549 1002 675 1130 discipeii
697 1059 779 1114 Poelt'
800 1057 924 1130 apostoli,

126 1149 207 1207 quatu
222 1130 412 1188 contusionem
428 1129 616 1185 Florentinius
632 1129 926 1186 inNotationihuscx-

145 1203 224 1261 eudit
237 1210 264 1259 et
278 1203 412 1274 explicat:
425 1200 473 1257 sed
487 1201 578 1258 dubiae
588 1201 700 1274 plenum
715 1217 785 1272 opus
798 1210 839 1258 est
848 1202 923 1258 aleae.

125 1221 233 1334 glaries
251 1275 404 1347 loquuntur
422 1273 505 1341 Beda,
528 1272 666 1341 Rabanus,
687 1274 841 1330 Romanum
858 1288 926 1346 par-

125 1363 203 1415 vum,
218 1345 279 1402 Ado
294 1355 321 1402 et
335 1343 560 1401 wandalbertus.
571 1345 681 1400 Primus
690 1344 715 1399 ei
730 1345 850 1415 elogium
861 1361 924 1401 con·

125 1417 250 1475 cinnavit
271 1416 397 1473 laudatus
424 1416 506 1483 Beda,
529 1415 698 1487 descriptum
713 1434 728 1470 a
743 1416 864 1483 Babano,
890 1414 925 1471 ab

125 1490 222 1547 Adone
237 1488 344 1544 modice
354 1487 527 1544 decurtatum
539 1505 545 1555 ;
560 1503 595 1543 ex
610 1487 663 1544 hoc
676 1503 692 1542 a
705 1487 805 1543 Nostro
819 1487 924 1558 elegan-

125 1568 167 1617 ter
181 1567 366 1627 contractum,
382 1559 453 1615 sicut
466 1567 559 1616 textus
573 1575 656 1640 supra
669 1557 859 1627 exhibetQua
871 1557 926 1613 lide

125 1631 231 1688 nitatur
252 1630 390 1689 Timothei
417 1629 501 1701 hujus
524 1630 650 1697 historia,
678 1629 724 1686 hic
739 1647 788 1685 nos
802 1629 925 1702 disputo,

125 1712 198 1761 certe
209 1720 272 1760 cum
288 1719 323 1758 ex
336 1701 413 1758 Actis
428 1702 514 1757 sancti
526 1700 652 1757 Silvestri
668 1717 731 1757 acce
751 1708 808 1755 tarn
822 1701 924 1755 latean-

125 1782 172 1830 tur
193 1781 221 1829 et
245 1774 317 1830 Beda
337 1780 364 1827 et
386 1772 457 1841 Ado,
473 1770 507 1827 de
520 1770 579 1842 ejus
601 1771 717 1826 veritate
730 1717 810 1828 facile
824 1777 926 1828 statuet

124 1845 250 1902 eruditus
266 1846 361 1912 lector,
376 1844 452 1899 salva
466 1858 573 1915 semper
586 1841 773 1915 antiquissimi
794 1851 822 1899 et
847 1843 961 1914 cele-13

125 1915 241 1972 berrimi
255 1918 348 1972 cultus
361 1915 534 1986 integritate;
545 1914 568 1970 si
580 1913 663 1970 modo
677 1923 705 1971 et
719 1914 884 1971 Kalendaria
897 1923 925 1970 et

125 1986 320 2058 Martyrologia
337 1985 464 2041 eumdem
488 1985 578 2057 ipsum
599 1985 776 2042 Timotheum
800 1986 829 2041 in
849 1984 925 2042 Actis

125 2057 213 2114 musti
228 2057 354 2114 Silvestri
368 2063 549 2113 memoratum
563 2058 737 2129 consignent,
752 2057 825 2129 quod
840 2057 925 2130 equi-

125 2129 186 2186 dem
198 2128 331 2185 bactenns
344 2128 412 2184 satis
421 2136 513 2200 aperte
528 2128 682 2201 perspicere
697 2144 813 2201 nequeo.
824 2129 924 2196 Multa,

125 2200 268 2258 occasione
284 2199 433 2267 Timothei,
456 2199 563 2255 notavit
579 2199 687 2256 hoodie
705 2200 852 2267 Batonius,
877 2199 924 2256 sed

124 2288 185 2346 quae
199 2281 321 2328 nostram
342 2271 413 2326 hanc
427 2271 618 2328 difficultatem
634 2286 689 2326 uon
705 2279 831 2398 tangunt.
843 2270 925 2327 Non-

125 2345 202 2399 nulla
216 2343 320 2399 delihat
334 2342 528 2398 Tillemontius
543 2350 619 2398 tomo
630 2343 665 2410 ll,
675 2359 735 2415 pag.
769 2343 924 2409 lB;vernm

125 2416 204 2487 plura
215 2415 270 2470 alia
284 2414 313 2469 in
328 2413 405 2470 Actis
415 2413 684 2470 eruntdiscntiemla.
696 2414 775 2481 Quod
783 2415 870 2470 nostri
879 2413 925 2470 hic

124 2486 208 2543 officii
219 2495 269 2555 est,
286 2484 476 2542 WandalBerti
488 2501 591 2552 versus,
608 2484 655 2559 qui
670 2483 742 2542 banc
755 2492 783 2541 et
802 2501 924 2559 sequen-

124 2566 179 2614 tem
195 2556 435 2613 annuntiationem
449 2557 682 2631 complectuntur,
694 2555 876 2630 subjicimus:

155 2670 326 2722 Undecimum
344 2671 435 2722 Romae
450 2670 601 2720 Timotheus
617 2685 705 2736 passus
718 2672 833 2726 honorat.

155 2735 346 2796 AEduatumque
359 2747 432 2782 suurn
445 2736 559 2783 celebrat
573 2735 646 2792 plebs
664 2736 890 2797 Symphorianum,

156 2797 239 2847 Mater
247 2810 324 2860 quern
341 2796 441 2846 Christo
452 2795 547 2858 pariter
558 2797 682 2846 moritura
694 2795 798 2846 dicarit.

124 2918 185 2977 Non
200 2918 293 2975 minus
314 2917 420 2991 inclyta
434 2925 475 2975 est
495 2924 522 2974 et
537 2916 701 2975 certioribus
718 2917 796 2975 Actis
810 2916 924 2975 suffulta

979 575 1041 631 qua
1056 558 1166 631 quidem
1182 573 1210 613 rn
1226 557 1342 613 vetustis
1352 556 1526 613 Kalendariis
1541 556 1647 628 signata
1660 573 1719 614 nou
1732 567 1785 628 est,

980 629 1070 684 nihilo
1087 637 1177 684 tamen
1189 628 1281 684 minus
1296 635 1323 684 et
1337 628 1480 684 notissima
1495 637 1522 684 et
1545 628 1575 683 in
1594 628 1693 685 Galliis
1708 631 1787 686 cele-

979 701 1146 757 bratissima.
1158 699 1226 771 Ejus
1236 699 1421 757 meminerunt
1431 700 1539 757 codices
1554 700 1784 772 Hieronymiani;

980 773 1044 829 item
1062 772 1135 828 Beda
1147 782 1175 829 et
1186 771 1301 832 totidem
1324 771 1416 827 verbis
1434 771 1571 827 llabanus.
1588 772 1689 828 Florus
1701 772 1786 830 hrets

979 844 1099 915 elogium
1123 843 1210 909 addit,
1226 843 1358 916 temporis
1376 853 1454 899 notas
1472 842 1607 898 definiens
1620 842 1674 899 sub
1691 843 1788 900 Aure-

981 916 1052 972 liano
1069 916 1228 987 imperatore
1237 922 1264 971 et
1278 915 1402 970 Heraclio
1420 914 1621 979 Consulari;et
1637 915 1711 986 ipsas
1720 932 1786 974 eas·

979 987 1042 1043 dem
1058 995 1148 1044 serrat
1161 986 1233 1055 Ado,
1248 1002 1283 1042 ex
1298 986 1402 1043 Actisa
1414 985 1573 1042 Membritio
1583 995 1610 1042 st
1622 985 1707 1042 Surio
1717 989 1786 1044 vul-

980 1059 1060 1131 gatis,
1074 1068 1155 1131 atque
1169 1075 1185 1114 a
1199 1058 1319 1114 Batonio
1335 1057 1466 1130 probatis,
1490 1057 1585 1129 procul
1600 1057 1686 1114 dnbio
1701 1075 1786 1117 scoe-

997 1137 1049 1186 tas.
1065 1130 1134 1185 Acta
1151 1129 1210 1202 ipsa
1224 1129 1296 1201 apud
1320 1146 1370 1185 uos
1383 1136 1494 1185 exstant
1509 1146 1573 1185 mss.
1598 1146 1695 1185 eorum
1710 1130 1784 1188 inter

979 1146 1085 1258 Molesta
1097 1200 1187 1258 editor
1196 1207 1223 1259 et
1236 1200 1407 1272 primigenia
1417 1200 1545 1273 puritatis
1558 1202 1703 1257 restitutor
1714 1203 1785 1260 ilui-

979 1273 1086 1329 nartins
1099 1289 1116 1328 a
1130 1289 1190 1354 pag.
1207 1272 1252 1340 69,
1269 1271 1414 1344 predictas
1438 1271 1572 1344 temporis
1587 1281 1666 1329 notas
1681 1272 1783 1345 rejicit,

979 1351 1007 1400 et
1021 1360 1070 1416 pro
1081 1343 1235 1411 Aureliani,
1245 1343 1423 1399 scribendum
1438 1353 1531 1400 censet
1542 1344 1658 1414 Aurelii,
1672 1352 1705 1401 nt
1719 1345 1785 1403 lecit

978 1416 1077 1472 Noster
1088 1415 1145 1486 jam
1161 1430 1216 1472 non
1227 1414 1321 1483 semel,
1334 1415 1441 1471 deserta
1450 1415 1557 1471 Adonis
1566 1415 1696 1484 lectione,
1707 1433 1785 1490 aquo

979 1495 1070 1543 nmen
1095 1488 1202 1560 reliqua
1224 1502 1273 1541 sua
1292 1487 1386 1542 omnia
1405 1487 1438 1543 ad
1452 1488 1558 1558 apicem
1573 1488 1781 1561 transsumpsit.

980 1559 1046 1615 Utra
1061 1571 1143 1630 porro
1157 1567 1312 1630 temporum
1338 1559 1408 1614 ratio
1427 1559 1595 1630 praeferenda
1609 1560 1656 1628 sit,
1672 1575 1728 1616 non
1744 1568 1784 1618 est

979 1629 1062 1701 hujus
1073 1630 1125 1687 loci
1135 1637 1263 1686 statuere.
1277 1629 1339 1701 Legi
1352 1640 1440 1702 potest
1450 1630 1645 1687 Tillemontius
1654 1639 1725 1688 tour.
1738 1633 1782 1702 ΙΙΙ,

958 1757 964 1769 ,
978 1717 994 1756 a
1007 1718 1034 1773 p.
1051 1701 1104 1769 Ι3;
1122 1700 1171 1758 sed
1183 1702 1328 1757 maximoe
1342 1718 1367 1774 p.
1381 1702 1443 1771 609,
1455 1700 1502 1758 ubi
1517 1702 1551 1758 de
1565 1702 1784 1774 praedictistem·

979 1789 1077 1846 porum
1102 1773 1175 1828 notis
1196 1789 1231 1828 ex
1247 1773 1368 1845 professo
1380 1772 1511 1901 disgutat.
1529 1774 1600 1831 Vide
1620 1775 1703 1831 etiam
1718 1777 1784 1832 mis·

978 1860 1036 1900 sam
1051 1844 1080 1900 iu
1095 1844 1199 1901 Missali
1224 1844 1352 1909 Gothico,
1364 1860 1412 1901 seu
1447 1844 1565 1901 silicano
1579 1846 1652 1917 apud
1667 1846 1784 1903 Thoma-

978 1916 1051 1972 sium
1077 1931 1138 1989 pag.
1161 1916 1225 1985 371,
1241 1916 1380 1988 Peregrini
1392 1923 1533 1987 martyres,
1553 1933 1588 1973 an
1604 1917 1625 1973 ii
1639 1933 1704 1975 vere
1717 1919 1782 1987 sint,

979 1987 1027 2114 gui
1043 1987 1090 2045 hic
1104 1987 1269 2044 nominatim
1293 1989 1500 2059 exprimuntur,
1526 1988 1643 2045 dubium
1662 1990 1785 2047 reddunt

1005 2059 1196 2131 ieronymiana
1218 2061 1383 2131 apographa,
1400 2076 1460 2133 quae
1485 2060 1676 2117 Florentinius
1689 2062 1781 2119 conci-

978 2131 1046 2186 liare
1063 2139 1188 2187 conatur.
1215 2132 1370 2188 Romanum
1390 2147 1506 2203 parvum
1528 2132 1569 2188 sic
1589 2132 1732 2206 loquitur:
1749 2135 1786 2190 Bt

976 2201 1179 2274 peregrinorum
1192 2209 1353 2274 martyrum,
1377 2204 1524 2272 Martialis,
1544 2204 1670 2275 Epiteeli,
1690 2206 1785 2261 Sutur-

978 2274 1046 2341 nini,
1065 2290 1123 2328 cnm
1135 2274 1324 2329 recimerem.
1341 2274 1463 2346 Aprilem
1476 2281 1505 2332 et
1525 2275 1636 2332 Felicem
1654 2276 1785 2348 adjunxit

978 2345 1049 2412 Ado,
1065 2345 1178 2417 praelixa
1191 2345 1327 2418 positione
1341 2362 1377 2401 ex
1392 2347 1624 2419 Hieronymianis,
1636 2347 1666 2403 in
1680 2348 1785 2422 quibus

979 2424 1006 2471 ct
1022 2416 1076 2471 alia
1091 2417 1204 2473 nomina
1226 2417 1368 2475 confusius
1381 2426 1589 2477 enumerantur.
1623 2436 1725 2476 uorum
1741 2420 1781 2476 in·

977 2487 1088 2544 diculus
1097 2487 1126 2543 in
1141 2488 1218 2545 Actis
1229 2490 1412 2561 opportunius
1426 2492 1479 2545 erit
1491 2435 1667 2563 digerendus.
1683 2491 1783 2547 Usuar·

977 2559 1029 2615 dus
1051 2560 1290 2616 annuntiationem
1314 2577 1392 2617 suam
1410 2561 1546 2618 verbatim
1571 2578 1607 2618 ex
1620 2562 1720 2618 Adone
1738 2563 1784 2620 de·

977 2631 1096 2703 scripsit.
1108 2632 1220 2688 Antonii
1229 2633 1357 2702 ntertyrt‘s
1367 2634 1410 2689 tel
1421 2632 1558 2702 Antonini,
1569 2633 1676 2706 primus
1686 2635 1784 2690 menti·

977 2703 1020 2757 nit
1035 2710 1131 2759 auctor
1145 2703 1261 2760 Romani
1286 2703 1374 2775 parvi,
1392 2720 1426 2759 ex
1440 2720 1495 2776 quo
1511 2705 1540 2760 in
1554 2705 1680 2762 Adonem
1695 2713 1784 2763 trans·

977 2773 1020 2841 iit,
1037 2774 1126 2854 elogio
1147 2791 1182 2830 ex
1200 2774 1278 2831 Actis
1292 2776 1379 2832 sancti
1395 2776 1510 2832 Eusebii
1530 2777 1675 2847 adornato,
1701 2778 1784 2850 cujus

976 2844 1145 2917 principium
1164 2854 1191 2902 et
1205 2845 1289 2903 fiuent
1307 2847 1405 2903 Noster
1417 2847 1575 2920 conjunxit,
1592 2848 1621 2905 in
1636 2850 1781 2920 omnibus,

976 2925 1099 2989 utsupra
1110 2917 1245 2988 dicebam,
1261 2920 1341 2991 plano
1354 2919 1527 2978 Adonianus.

859 3041 1049 3101 AUCTABlA.

159 3165 314 3221 Pousinsrt.
330 3157 447 3233 incipit:
467 3185 476 3208 ι
491 3157 594 3218 Octava
608 3159 773 3218 beatissima
786 3159 836 3217 Dei
851 3159 924 3232 geni·
938 3161 960 3222 G
976 3158 1121 3216 historiam
1137 3159 1291 3233 subjungit,
1304 3176 1386 3234 quarn
1398 3159 1495 3234 majori
1510 3163 1675 3222 anctoritate
1689 3163 1783 3222 litma-

125 3236 203 3294 tricis
226 3243 253 3292 et
275 3234 399 3306 Virginis
412 3232 513 3290 Mariae.
528 3257 538 3280 ·
564 3233 594 3289 ln
610 3232 755 3290 Timotheo
770 3249 856 3306 purus
870 3238 921 3287 est.

124 3309 160 3366 Et
175 3308 205 3364 in
219 3306 432 3379 symphoriano,
442 3321 528 3378 usque
540 3302 574 3361 ad
597 3329 606 3353 ι
621 3305 764 3362 Aureliani
779 3304 924 3377 imperato

124 3381 172 3437 ris.
188 3402 198 3427 ι
226 3381 329 3435 llesunt
342 3377 447 3451 reliqua
462 3376 564 3433 omnia.

160 3453 303 3508 Amorne.
314 3456 341 3505 et
355 3449 547 3506 Mra-Lunae.
563 3448 593 3504 in
606 3454 686 3504 textu
701 3449 767 3506 satis
801 3449 844 3505 uri
860 3447 923 3504 snb·

125 3523 211 3579 dunt:
235 3522 292 3577 ‹Et-
309 3520 418 3577 Oenvae
446 3529 547 3577 sanctae
565 3519 614 3576 Dei
633 3519 774 3591 genitricis
815 3518 917 3576 arian

125 3594 208 3652 Varia
222 3600 262 3649 est
277 3591 417 3647 variorum
431 3591 558 3648 codicum
575 3590 691 3660 phrasis.

160 3663 405 3724 Auroram-Man,
430 3662 599 3716 Unrnarscr.
622 3668 649 3715 et
682 3663 805 3717 Lsrurrr.
834 3661 924 3716 textui

144 3740 289 3806 reponunt
302 3750 308 3788 ι
325 3732 447 3788 «Octava
461 3731 664 3802 Assumptionis
680 3741 780 3788 sanctae
793 3732 916 3788 Mariae·

125 3751 243 3877 Mogont,
266 3828 275 3852 ι
289 3802 418 3875 praefecto
432 3801 611 3876 Tarquinio·
634 3809 661 3858 et
675 3819 724 3874 pro
736 3804 847 3860 Antonii
861 3804 924 3860 sub·

125 3877 246 3934 stituunt
261 3873 417 3931 Antltonini.

160 3950 285 4005 Auerno.
301 3953 328 4002 et
352 3947 450 4002 Dante.
466 3943 659 4016 Superioribus
674 3945 778 4002 similes
793 3953 867 4015 sunt,
877 3947 924 4003 sed

126 4028 257 4094 praeterea
270 4025 333 4073 ante
354 4015 407 4072 «in
440 4023 504 4072 ortu
519 4017 652 4082 Romano,
668 4041 676 4065 ·
698 4017 788 4072 textui
803 4018 925 4075 interse-

125 4097 211 4147 runt:
231 4091 334 4156 «Item,
360 4032 449 4160 nataib
474 4087 546 4143 beati
571 4087 676 4160 Tpoliti
701 4090 863 4162 martyris·
885 4093 925 4147 De

126 4178 181 4237 quo
192 4160 331 4218 Usuardus
345 4159 390 4216 die
402 4159 539 4233 sequenti.
686 4211 692 4229 ,

161 4234 314 4290 botuntum
335 4232 443 4290 orditur
462 4232 545 4287 etiarn
574 4229 609 4288 ab
632 4232 730 4288 Ortona
753 4232 926 4316 Assumptio-

127 4306 180 4375 nis,
205 4312 258 4362 etc.
280 4306 310 4361 ln
329 4303 474 4359 Timotheo
489 4318 574 4375 purus
588 4309 646 4359 est:
661 4303 856 4376 Symphoriam
871 4305 925 4363 εΙο-

126 4379 201 4452 glum
215 4384 328 4434 resecat.
346 4377 449 4433 Rursus
463 4373 493 4429 in
508 4374 706 4431 Portuensibus
715 4391 800 4448 pnrus
810 4375 925 4432 Antonii

125 4449 244 4578 elogium
257 4447 401 4520 expungit.

184 4537 335 4576 surorum:
360 4519 493 4576 ·0ctavee
516 4516 603 4573 beatae
625 4525 653 4574 et
675 4517 799 4591 gloriosas
820 4535 927 4591 semper
940 4527 964 4587 D
979 4521 1063 4587 citur,

127 4591 251 4673 Virginis
263 4592 313 4647 Dei
328 4590 469 4663 genitricis
491 4589 594 4656 Marias,
610 4606 671 4661 quae
689 4607 807 4662 superno
827 4591 926 4647 nuntio

126 4663 275 4721 clarificata
294 4671 321 4718 et
346 4662 449 4733 Spiritu
475 4670 569 4717 sancto
593 4660 758 4729 ioecundata,
773 4663 808 4717 ab
829 4663 925 4734 ecqui

127 4735 161 4790 de
176 4735 223 4788 illa
240 4749 350 4789 carnem
365 4732 494 4804 suscepit,
512 4748 566 4803 prae
580 4733 710 4788 omnibus
722 4733 878 4800 sublimata,
895 4734 925 4790 in

127 4813 258 4861 aeternum
285 4812 431 4859 veneratur
454 4802 606 4859 benedicta.
632 4804 735 4869 Romae,
759 4806 845 4861 sancti
866 4806 927 4877 Ty-

127 4875 231 4932 mothei
249 4875 389 4946 martyris.
410 4873 606 4945 Augustndini‚
622 4876 709 4931 sancti
729 4874 925 4948 symphoriani

127 4948 269 5020 martyris,
292 4945 464 5018 temporibus
477 4946 630 5001 Aureliani.
653 4948 719 5002 ltem
736 4949 838 5016 llomae,
852 4948 925 5004 beati

126 5019 243 5077 Antonii
259 5025 330 5075 mart
351 5019 398 5073 ris.
420 5017 451 5072 ln
465 5022 546 5089 portu
562 5018 694 5086 llomano,
711 5027 864 5092 martyrum
877 5035 925 5101 pe·

128 5092 312 5165 regrinomm,
361 5089 480 5158 arcialis,
497 5087 627 5162 Epicteti,
650 5091 765 5164 Aprilis,
785 5099 812 5146 et
826 5090 925 5148 Teltcis

126 5180 189 5220 cum
206 5162 290 5221 sociis
304 5178 409 5220 eorum.
426 5188 435 5210 ι

161 5235 341 5293 Bnuxrtturrt.
354 5253 360 5291 :
379 5259 389 5282 ι
402 5234 505 5290 Octava
519 5230 723 5304 Assumptionis
736 5233 822 5290 beatae
831 5233 923 5290 Marias

125 5304 222 5363 Matris
238 5305 348 5363 Domini
364 5306 450 5362 nostri
460 5305 524 5360 lesu
538 5304 651 5362 Christi.
668 5329 676 5352 ι
697 5307 727 5360 ln
742 5305 820 5361 beato
832 5305 922 5361 Timo-

127 5376 192 5432 theo
213 5377 345 5434 describit
366 5377 446 5433 Bedae
468 5375 597 5448 elogium.
622 5376 654 5432 ln
672 5376 760 5432 tribus
774 5377 836 5433 aliis
857 5378 923 5433 setis

127 5461 212 5520 purus
230 5455 279 5502 est.
297 5448 328 5503 ln
344 5447 397 5504 line
411 5447 572 5527 subjungit:
595 5446 711 5504 «Remis
729 5447 852 5517 civitate,
869 5464 923 5504 na-

125 5517 180 5574 tale
202 5525 354 5590 martyrum
374 5519 582 5646 quinguagtnta.
607 5518 643 5574 lit
656 5520 800 5576 translatio
820 5535 923 5592 corpo-

126 5603 201 5652 rum,
226 5599 382 5646 sanctorttm
412 5590 516 5664 llyarti
544 5590 665 5663 episcopi
692 5599 719 5648 et
746 5591 921 5662 confessoris,

126 5660 280 5717 hucocutii
296 5661 435 5742 martyris,
449 5669 476 5718 et
490 5663 577 5719 sancti
599 5663 738 5737 Peregrini
761 5663 881 5738 episcopi
895 5671 923 5720 et

127 5731 258 5805 martyris
272 5730 301 5786 iu
315 5731 428 5788 basilica
441 5733 528 5789 sancti
543 5735 679 5808 Dyonisii.
694 5759 704 5784 ι

162 5804 344 5862 estmorae.
360 5802 458 5876 incipit
475 5804 510 5860 ab
528 5803 632 5864 Octava
645 5806 860 5880 Assumptionis,
875 5806 922 5882 qui

976 3239 1032 3288 tam
1047 3231 1141 3287 velim.
1158 3230 1227 3288 Tum
1241 3251 1247 3288 :
1263 3255 1272 3280 ‹
1288 3234 1381 3290 Bomae
1393 3235 1438 3291 via
1451 3234 1582 3304 Ostiensi,
1598 3237 1691 3293 natale
1707 3237 1782 3294 beati

978 3303 1116 3360 Timothei
1137 3304 1276 3376 martyris,
1302 3304 1350 3377 qui
1370 3307 1421 3362 sub
1437 3308 1626 3378 persecutione
1652 3309 1782 3379 Neronis,

978 3382 1072 3433 tentus
1087 3382 1127 3431 est
1142 3376 1324 3456 alTarquinio
1335 3377 1411 3434 urbis
1425 3380 1564 3451 praelecto,
1575 3387 1603 3435 et
1618 3381 1703 3452 longa
1717 3397 1784 3437 rar-

978 3448 1047 3503 ceris
1061 3447 1185 3504 custodia
1203 3455 1243 3504 est
1268 3457 1429 3518 maceratus,
1446 3458 1473 3507 et
1491 3467 1554 3507 cunt
1569 3451 1653 3508 idolis
1667 3453 1783 3509 sacrist-

978 3535 1039 3575 care
1060 3520 1203 3585 noluisset,
1227 3521 1309 3575 tertio
1327 3528 1368 3576 est
1391 3538 1489 3590 cesus,
1507 3530 1534 3578 at
1555 3523 1728 3594 gravissimis
1742 3534 1784 3580 est

977 3591 1067 3663 poenis
1089 3597 1260 3658 attrectatus,
1283 3600 1310 3647 et
1334 3591 1398 3648 viva
1424 3595 1498 3650 calce
1513 3596 1628 3651 vulnera
1641 3593 1703 3667 ejus
1720 3602 1785 3651 sunt

978 3677 1096 3734 aspersa,
1112 3669 1139 3717 et
1154 3670 1258 3733 martyr
1271 3662 1321 3718 Dei
1342 3664 1442 3735 gratias
1466 3664 1522 3738 ogit
1540 3667 1607 3722 Deo.
1632 3666 1713 3723 Tunc
1727 3666 1783 3724 duo

979 3732 1031 3789 sihi
1050 3733 1139 3804 angeli
1154 3733 1286 3790 dixemnt
1298 3753 1304 3789 τ
1316 3735 1430 3808 Respice
1444 3753 1564 3804 sursum,
1579 3747 1607 3794 et
1617 3737 1692 3794 vidit
1704 3753 1781 3794 coro·

979 3821 1042 3860 nam
1058 3803 1110 3859 sibi
1127 3820 1180 3875 prae
1201 3813 1302 3861 aratam
1319 3807 1348 3862 in
1364 3823 1446 3864 mann
1458 3809 1579 3876 Domini,
1597 3817 1625 3864 et
1638 3809 1680 3865 sic
1692 3809 1781 3866 decol-

979 3876 1050 3956 latus
1063 3882 1114 3958 est.
1138 3821 1242 3956 Trogum
1265 3877 1320 3945 die,
1344 3880 1432 3935 sancti
1449 3880 1618 3952 Apollinaris
1634 3881 1779 3954 martyris,

979 3964 1026 4020 qut
1041 3953 1113 4003 vtvtt
1129 3946 1243 4019 glottam
1259 3949 1345 4005 sancti
1357 3950 1505 4018 Timothei,
1521 3961 1548 4008 et
1562 3951 1625 4008 ideo
1639 3968 1669 4008 se
1685 3952 1781 4024 bapti-

978 4018 1035 4074 zari
1052 4018 1129 4087 lecit,
1145 4025 1249 4075 etcum
1265 4020 1409 4078 Timotheo
1431 4022 1582 4080 decollatus
1601 4031 1652 4080 est.
1670 4048 1681 4072 »
1708 4024 1780 4080 Satis

979 4097 1053 4217 gatet
1076 4089 1213 4157 conlusio,
1230 4106 1281 4147 nec
1299 4093 1485 4165 explicatione
1499 4111 1559 4150 mea
1574 4094 1694 4168 indiget.
1711 4094 1781 4152 Vide

1000 4161 1025 4217 ie
1039 4177 1067 4217 se
1089 4162 1174 4217 uenti.
1187 4162 1226 4217 De
1240 4161 1444 4243 symphoriano
1458 4176 1520 4239 post
1541 4190 1551 4216 ι
1565 4166 1774 4238 imperatoris·

980 4233 1020 4290 ita
1038 4232 1055 4288 b
1093 4239 1136 4290 et:
1160 4232 1235 4300 «Qui
1251 4232 1281 4288 in
1297 4245 1448 4305 yuventute
1465 4254 1514 4295 sua
1534 4245 1590 4293 tam
1615 4239 1709 4312 gravis
1724 4244 1781 4294 erat

980 4304 1009 4361 in
1025 4304 1148 4360 moribus
1162 4305 1230 4372 suis,
1244 4313 1276 4360 ut
1289 4323 1431 4380 serrorum
1450 4307 1616 4384 [seniorum]
1630 4310 1719 4366 vitam
1734 4326 1781 4366 an·

979 4376 1094 4448 ticipare
1109 4375 1258 4445 videretur.
1274 4376 1395 4435 lliccum
1406 4389 1523 4437 statuam
1540 4380 1657 4438 Veneris
1665 4381 1780 4438 adorare

980 4449 1078 4513 nollet,
1089 4445 1183 4575 ,immo
1194 4448 1247 4504 sub
1267 4450 1376 4506 Eraclia
1390 4452 1519 4522 praelecto
1536 4452 1700 4510 verberibus
1714 4452 1780 4509 affi-

1107 4520 1188 4576 ernde
1211 4523 1313 4576 carceri
1340 4523 1522 4596 mancipatur,
1545 4532 1572 4580 et
1596 4524 1631 4581 ad
1646 4525 1778 4580 ultimum

980 4592 1068 4673 capite
1083 4592 1206 4662 punitur.
1223 4593 1254 4646 ln
1277 4599 1357 4662 portu
1372 4595 1506 4663 llomano,
1521 4602 1682 4652 sanctorum
1694 4612 1780 4668 pere-

980 4678 1121 4734 grmorum
1153 4670 1317 4733 martyrum,
1345 4665 1493 4733 Marcialis,
1520 4667 1690 4740 Epycteci,·
1712 4675 1778 4737 etc,

980 4750 1055 4806 pure.
1341 4773 1342 4776 κ

1015 4805 1462 4865 Merme.-Canrus.·Utrnsrrer.:
1480 4808 1779 4883 ·OctavaAssumptio·

979 4876 1022 4931 nis
1039 4875 1123 4932 beate
1139 4877 1241 4934 Mariae.
1257 4880 1395 4936 Timothei
1408 4890 1435 4937 et
1459 4881 1525 4953 Sym
1547 4882 1656 4938 horiani
1676 4889 1780 4954 marty·

979 4964 1063 5028 rumf·
1072 4948 1104 5004 ln
1116 4951 1238 5020 margine
1247 4961 1359 5008 notatur
1371 4970 1376 5008 :
1394 4952 1509 5009 ‹Beislo
1520 4899 1666 5010 tpimotheo
1678 4954 1780 5026 legitur

978 5020 1007 5075 in
1023 5026 1082 5075 vtta
1095 5020 1127 5075 B.
1143 5022 1309 5093 Sylvestri.·
1332 5023 1477 5096 Sequitur:
1499 5025 1658 5081 «Martialis
1672 5025 1780 5082 curiles-

978 5091 1057 5148 soris:
1074 5116 1083 5137 ·
1105 5093 1141 5147 Et
1155 5109 1251 5149 rursus
1265 5095 1294 5150 in
1310 5094 1448 5167 margine:
1472 5096 1650 5153 «Martialem
1672 5097 1779 5153 confes·

978 5180 1067 5219 sorem
1078 5163 1144 5220 alibi
1156 5181 1211 5221 non
1227 5167 1360 5222 invenies.
1374 5193 1383 5215 ι
1396 5167 1487 5239 Pergit
1501 5175 1594 5224 textus
1607 5185 1613 5224 :
1633 5169 1685 5224 ·ln
1697 5175 1780 5241 portu

978 5236 1112 5303 Romano,
1127 5246 1285 5293 sanctorum
1298 5238 1508 5310 Peregrinomm
1524 5247 1693 5312 martyrum,
1710 5241 1779 5296 Mar·

977 5307 1060 5374 tialis,
1089 5307 1208 5379 Epicteti
1235 5316 1261 5364 et
1281 5309 1419 5366 sociorum
1439 5327 1533 5367 eornm
1556 5312 1690 5369 decemn
1715 5312 1779 5368 llno

976 5379 1078 5435 clarius
1094 5378 1123 5434 in
1138 5386 1216 5435 textu
1229 5395 1355 5452 expressa
1369 5389 1444 5438 sunt.

1011 5451 1080 5506 lino.
1101 5449 1194 5519 Suae,
1217 5450 1349 5523 signatus,
1376 5469 1452 5509 num.
1480 5453 1552 5511 428:
1571 5478 1582 5502 ι
1601 5454 1709 5513 Eodem
1724 5455 1779 5524 die,

976 5521 1119 5578 translatio
1138 5538 1284 5594 corporum
1306 5531 1464 5581 sauctorum
1493 5525 1521 5580 in
1542 5528 1673 5585 coenobio
1687 5528 1780 5585 sancti

975 5593 1121 5666 Dionysii;
1147 5593 1200 5650 hoc
1221 5600 1272 5663 est,
1297 5595 1447 5669 Peregrini,
1464 5597 1596 5669 Patrocli,
1618 5599 1780 5658 innocentii

976 5673 1056 5791 argue
1073 5664 1171 5720 Hilarii
1184 5665 1303 5739 episcopi
1320 5675 1347 5723 et
1361 5667 1536 5726 confessoris.
1553 5693 1563 5717 ·

1022 5738 1194 5793 'remnants
1217 5738 1333 5796 «Sancti
1348 5740 1465 5797 Andreas
1479 5741 1600 5809 diaconi,
1612 5751 1640 5799 et
1655 5742 1783 5801 ministri

976 5806 1064 5866 sancti
1087 5808 1187 5866 Donati
1208 5809 1242 5868 dc
1257 5809 1359 5881 Scotia,
1384 5813 1504 5885 episcopi
1530 5814 1672 5884 Tesulani,
1697 5814 1783 5888 cnjus
