3834 6136
59 207 94 264 69
599 201 917 260 MARTVROLOGIUM.
938 232 973 243 -
994 202 1097 260 iiEn'S.
1119 205 1194 262 ilat.
1691 213 1724 268 70

59 331 152 396 ribus,
178 325 326 382 historiam
352 325 473 392 Pastori,
498 332 630 408 tanquam
650 327 711 384 testi
737 328 864 397 oculato,
881 328 907 387 A
922 326 1093 385 scribuntur.
1119 328 1210 384 Solam
1236 328 1433 386 Pudentianam
1457 331 1560 388 cecinit
1581 333 1723 394 Wandal-

58 402 144 459 tribui
163 413 255 472 posse.
273 399 311 451 At
326 403 381 451 tam
397 397 485 452 multa
500 395 527 451 in
543 396 577 452 iis
591 398 768 470 reprehendit
782 398 865 454 Tille-

58 472 186 531 mentius
207 478 284 525 tenio
306 467 342 533 ΙΙ,
367 483 383 521 a
404 483 464 539 pap.
479 467 542 536 tiis,
565 476 596 524 ut
617 470 736 541 prudens
750 469 867 526 dubium

57 548 180 621 ingerat,
196 555 299 597 verene
313 539 435 595 auctoris
450 539 528 619 illius
545 541 613 610 sint,
632 541 677 597 eui
693 541 794 615 passim
813 542 868 598 ad-

921 397 1016 455 bertus
1040 417 1046 456 :

986 551 1032 602 Bis
1044 560 1160 618 septeni,
1178 553 1341 604 Pudentinna
1351 554 1453 618 virgine
1465 554 1567 609 claret..

798 705 992 767 AUCTARIA.

96 839 264 900 Puisisax,
282 831 311 886 in
331 830 390 887 sela
403 830 523 886 secunda
541 831 752 888 annuntiatione
768 847 864 902 purus,

59 911 89 966 in
109 924 195 982 primi
212 903 320 960 eiiiittit
335 902 429 959 emnia
444 910 504 973 pest
518 904 716 970 eunuchorum;
730 903 759 957 in
775 903 865 973 tertia,

59 991 122 1055 pest
138 977 261 1047 cirqinis.
417 1044 422 1054 ι
456 1044 461 1055 Ι

95 1053 248 1108 lloswsre.
266 1047 294 1102 in
311 1045 365 1101 line
380 1044 485 1116 adjicit.
510 1070 518 1092 ·
538 1045 606 1101 Item
623 1046 651 1101 in
667 1045 811 1102 Britannia
827 1049 866 1103 ci·

60 1124 146 1179 ritate
162 1118 295 1182 Cauthia,
311 1116 446 1173 Dunstani
462 1116 661 1189 arciepiscopi
679 1119 777 1174 sancti.
795 1143 803 1164 ·

95 1190 326 1251 horesius-hisi.
338 1188 428 1243 Etiam
446 1187 473 1242 in
485 1186 539 1242 liiie
553 1205 558 1243 :
578 1189 700 1244 «Eodem
711 1189 766 1247 die.
775 1196 867 1246 trans·

62 1267 119 1323 itus
132 1263 206 1321 beati
223 1259 360 1317 Dunstani
376 1259 574 1330 archiepiscopi
586 1271 611 1316 et
624 1260 797 1316 confessoris.
815 1286 824 1310 i

95 1338 249 1393 hicitanae.
264 1351 270 1388 :
291 1358 299 1379 ·
316 1331 418 1386 Eodem
433 1330 489 1396 die,
506 1330 603 1386 lestuiii
621 1334 706 1388 saneti
723 1331 795 1387 Petri
808 1331 867 1388 Coe·

63 1409 155 1467 lestiui
179 1421 258 1485 pape
280 1411 308 1460 et
329 1400 505 1459 coulessoris.
533 1402 563 1457 lri
587 1403 729 1459 Britannia
753 1402 865 1471 minori,

65 1483 229 1538 Trecorensi
242 1473 371 1543 Dieecesi,
383 1473 470 1530 sancti
482 1472 587 1531 Yienis
602 1474 755 1547 presbyteri
765 1482 792 1530 et
802 1491 866 1531 cen·

63 1552 187 1610 tesseris.
203 1573 212 1595 ·

100 1618 343 1684 Assuras-hiim,
354 1616 534 1683 [linaiiscr.,
548 1614 684 1682 Lsress,
700 1614 865 1684 Levimsu,

65 1686 867 1757 dissuens„DareiuetBotere-Utruar.·lli:ie.incipiunt

65 1765 266 1828 aPotentiana,
280 1760 326 1815 ulii
340 1759 400 1830 puri
411 1766 484 1814 suat.
497 1758 866 1830 SeqiiiturdePiidente‚ubi

66 1855 97 1895 ex
110 1836 209 1893 Adone
225 1833 367 1897 inseritur,
389 1855 397 1876 ·
418 1829 546 1900 discipuli
563 1829 650 1884 Pauli.
669 1855 679 1876 ι
700 1830 729 1885 lii
744 1831 798 1885 alia
813 1845 868 1885 an-

67 1907 241 1966 nuntiatione
252 1920 288 1959 ex
297 1902 393 1957 eodem
408 1901 532 1968 additur,
549 1901 759 1958 «eunuchorum
771 1901 868 1957 uxoris

64 1979 150 2039 Decii.
166 2003 177 2025 ι
195 1978 227 2033 ln
243 1975 297 2030 liiie
310 1981 402 2029 autem
418 1971 557 2028 subdunt:
577 1971 699 2027 «Eodem
710 1972 765 2037 die,
778 1973 868 2028 natale

67 2052 150 2110 sancti
167 2046 293 2118 Adulplii
304 2042 479 2111 coulessoris,
491 2043 610 2115 episcopi
622 2042 834 2100 Cameracensis.
851 2068 860 2092 ι

922 851 996 891 anne
1012 837 1124 893 Domini
1142 837 1210 893 {306
1226 834 1297 910 [ime
1313 835 1404 911 tritt}
1425 838 1487 907 lpse
1502 836 1547 894 die
1562 839 1722 898 Florentiae,

921 907 1054 965 transitus
1069 910 1100 964 B.
1117 909 1276 965 AEiriilianae
1292 909 1326 964 de
1341 909 1470 968 Circulis.
1485 926 1546 981 quae
1560 913 1667 981 sepulta
1682 910 1725 968 esl

922 979 949 1033 in
968 980 1026 1035 loce
1042 989 1155 1035 iratrum
1170 981 1307 1035 blinerum
1319 979 1353 1035 de
1364 981 1514 1047 Florentia,
1525 997 1598 1036 anno
1609 977 1722 1039 Domini

922 1049 1007 1118 iate,
1028 1052 1179 1107 virtutihus
1200 1059 1227 1107 et
1253 1051 1392 1107 miraculis
1417 1053 1516 1108 claruit
1540 1054 1720 1110 coruscando.

921 1123 1011 1187 Lucre,
1027 1122 1164 1195 depositio
1185 1124 1212 1178 S.
1229 1122 1365 1178 Theodori
1381 1123 1511 1196 episcopi.
1530 1125 1577 1196 qui
1598 1126 1723 1197 sepultus

920 1201 961 1248 est
983 1192 1010 1247 in
1033 1194 1145 1250 basilica
1166 1196 1254 1250 sancti
1279 1195 1390 1259 Donati,
1417 1195 1445 1250 in
1466 1211 1519 1270 qua
1542 1195 1648 1252 dudum
1675 1197 1722 1254 ille

920 1266 1020 1337 praesul
1034 1267 1177 1321 exstiterat
1193 1265 1308 1321 mirifice
1324 1266 1450 1337 regende.
1468 1291 1477 1314 ι

956 1337 1053 1391 Burrio
1070 1336 1256 1394 Lucere-Ceu.
1274 1338 1304 1392 ln
1320 1337 1481 1393 Potentiana
1492 1345 1518 1394 et
1534 1339 1658 1397 Pudente
1672 1340 1721 1397 in-

921 1408 1064 1477 terpolata,
1077 1408 1194 1470 subdit:
1213 1430 1222 1454 ι
1238 1407 1375 1476 Troianis,
1390 1410 1478 1465 sancti
1489 1410 1588 1481 Cyrilli
1600 1413 1692 1484 episce
1713 1413 1722 1467 i

920 1485 948 1534 et
971 1478 1147 1534 coulessoris,
1173 1504 1182 1527 ι
1204 1478 1273 1533 Tum
1289 1479 1323 1534 de
1338 1478 1478 1545 calocero,
1495 1488 1561 1549 ete,
1584 1491 1615 1538 ut
1639 1429 1721 1540 cedd.

921 1564 1012 1618 supra.
1033 1549 1181 1619 Sequitur:
1205 1572 1214 1593 ·
1231 1549 1293 1619 lpse
1310 1548 1363 1609 die.
1380 1549 1413 1603 de
1434 1551 1516 1605 esitio
1531 1553 1619 1608 sancti
1639 1555 1723 1611 Dun-

921 1620 992 1675 stani
1007 1622 1158 1689 duplorum
1175 1617 1294 1690 episcopi
1310 1628 1335 1674 et
1354 1566 1527 1676 sensissem.
1540 1624 1606 1677 ltem
1620 1640 1722 1681 meine-

921 1691 962 1746 ria
977 1690 1167 1762 dispositionis
1181 1698 1267 1745 sancti
1291 1689 1384 1745 lvonis
1400 1690 1552 1764 presbyteri
1568 1702 1595 1748 et
1609 1695 1724 1751 coules-

921 1762 1007 1828 seris;
1033 1771 1060 1819 et
1083 1761 1256 1817 canonizatio
1271 1760 1404 1829 ejusdem,
1430 1778 1490 1834 quae
1514 1780 1587 1819 anne
1609 1765 1723 1823 Domini

923 1833 990 1889 itit
1004 1849 1019 1888 a
1035 1835 1067 1888 D.
1085 1850 1153 1905 papa
1167 1832 1307 1890 Clemente
1320 1832 1356 1887 Vl
1373 1832 1443 1890 lacta
1456 1840 1507 1888 est.
1521 1835 1558 1891 Et
1571 1837 1657 1892 sancti
1674 1837 1722 1893 Pe·

921 1904 956 2032 qri
971 1904 1114 1985 'Coelestini
1128 1903 1305 1972 confessoris,
1320 1919 1335 1960 a
1351 1919 1406 1976 que
1421 1903 1496 1960 Ordo
1509 1904 1721 1964 Coelestineriim

942 1983 1035 2032 icitur.
1052 2001 1061 2023 ι

957 2047 1054 2104 Baiis.
1070 2046 1099 2103 iri
1114 2047 1238 2104 Pudente
1254 2046 1381 2115 mutilus,
1398 2045 1426 2102 in
1438 2047 1493 2104 line
1506 2046 1621 2120 adjicit:
1641 2048 1721 2106 ‹Ee-

98 2123 261 2181 saucies.
285 2136 291 2173 :
318 2117 421 2181 Rornae,
449 2114 549 2171 natalis
572 2123 672 2171 sanetae
699 2115 868 2172 Poteirtianae
884 2112 905 2171 ti
921 2118 982 2175 dem
996 2119 1052 2188 dia,
1068 2123 1154 2175 sancti
1170 2119 1243 2175 Petri
1255 2118 1396 2175 leestini
1409 2118 1442 2175 de
1456 2120 1580 2188 hierone,
1593 2120 1642 2202 qni
1651 2136 1722 2192 qne·

67 2194 192 2267 virginis.
206 2192 268 2264 lpse
279 2188 336 2257 die,
349 2186 501 2244 beatissimi
510 2185 654 2253 Pudentis,
667 2187 752 2257 patris
764 2203 867 2258 praeiio·

67 2269 175 2322 minatae
186 2262 315 2334 virginis.
333 2261 400 2317 item
413 2261 517 2326 Reme,
527 2266 683 2314 sanctorum
695 2257 829 2316 Caleeerii
841 2266 868 2315 et

65 2335 206 2403 Partenii,
235 2332 425 2389 eunuchorum
452 2330 549 2386 uxoris
577 2329 658 2386 Decii.
682 2329 865 2400 imperatoris.

67 2407 199 2465 Ceeuobio
215 2402 382 2471 Dlaudunie,
402 2401 539 2458 festivitas
554 2400 641 2457 sancti
662 2401 778 2457 Bertulli
793 2418 865 2459 een-

66 2479 214 2536 lesseriset
227 2475 365 2532 monachi.
383 2499 392 2523 ι
413 2472 485 2528 Vide
500 2490 516 2527 v
532 2471 686 2529 Februarii.

103 2569 289 2625 Recreatus.
303 2564 330 2619 in
340 2562 534 2620 Petentianaet
543 2561 666 2619 Pudente
675 2561 865 2634 interpolatus,

66 2639 241 2697 inCalecere
250 2645 277 2692 et
290 2633 432 2690 Parthenio
443 2635 548 2706 purior,
559 2631 672 2689 subdit:
691 2633 747 2688 «Et
760 2632 867 2703 Deposi-

68 2711 105 2768 tio
117 2710 210 2768 sancti
226 2706 355 2764 Dunstani
372 2707 521 2775 hnqlerum
534 2705 745 2776 archiepiscopi.
762 2703 866 2760 Eodem

68 2782 117 2848 die,
134 2780 274 2853 depositio
288 2778 359 2834 beati
377 2776 529 2833 Hildeberti
545 2792 593 2831 seu
609 2775 748 2832 Eineherti
765 2776 867 2834 Came-

69 2853 186 2910 racensis
211 2851 343 2923 episcopi,
373 2848 458 2904 beate
484 2848 593 2904 tludilae
619 2857 740 2918 patronae
764 2856 866 2903 nestrae

68 2925 156 2981 listris
179 2921 314 2994 germani.
334 2920 387 2988 Qui
410 2920 587 2986 Vindiciane,
609 2919 747 2975 mediante
771 2929 867 2975 sancte

69 2997 218 3062 letberto,
247 2993 276 3048 in
299 2990 486 3050 Cauieracensi
511 2992 670 3063 episcopatu
693 2990 858 3046 successit·

923 2192 997 2246 niam
1018 2190 1188 2246 renuntiarit
1212 2206 1322 2246 summe
1343 2190 1528 2263 pentilicatui,
1544 2200 1723 2249 canonizatus

922 2264 1030 2319 exstitit
1039 2262 1074 2318 ali
1084 2262 1216 2329 Ecclesia,
1227 2269 1333 2317 tantum
1345 2279 1394 2344 pre
1404 2263 1524 2335 simplici
1537 2262 1715 2320 confessore·

923 2335 954 2391 ln
969 2334 1116 2390 Parisiensi
1131 2333 1253 2391 editione
1268 2332 1311 2404 adj
1325 2344 1399 2390 citur
1415 2352 1421 2389 :
1446 2360 1455 2382 ·
1473 2334 1609 2391 Turribus
1623 2335 1723 2392 Sardi-

923 2407 976 2462 nie
991 2406 1091 2473 natale,
1108 2405 1195 2462 sancti
1211 2403 1346 2462 Crestiani
1368 2406 1511 2478 martyris.
1528 2431 1537 2456 i

959 2491 1722 2565 Gnarus:«Apudillexandriamsanctiloannismar·

922 2566 1003 2639 tyris,
1018 2566 1065 2637 qui
1080 2573 1202 2637 tempere
1216 2563 1388 2631 Maximiani,
1400 2564 1479 2621 ducis
1494 2565 1606 2623 iunctus
1617 2566 1720 2636 officie,

922 2655 985 2695 euin
996 2636 1169 2693 Christianos
1183 2644 1401 2708 persequeretur,
1410 2637 1530 2704 celitus,
1546 2637 1633 2693 instar
1642 2639 1721 2695 Pauli

923 2708 1090 2776 admonitus,
1111 2723 1260 2764 conversus
1281 2712 1331 2762 est.
1357 2707 1453 2762 Postea
1470 2723 1520 2779 pre
1543 2707 1596 2763 fide
1617 2707 1722 2765 Christi

922 2781 1038 2853 equuleo
1059 2781 1208 2845 laceratus,
1226 2777 1294 2833 facie
1308 2776 1474 2845 conciditur,
1501 2778 1651 2859 plumbatis
1671 2795 1721 2835 eae·

920 2851 1006 2919 ditur,
1022 2850 1131 2907 camino
1147 2850 1218 2922 ignis
1233 2848 1396 2917 includitur,
1406 2848 1440 2904 ad
1456 2849 1587 2905 ultimum
1599 2864 1665 2905 vere
1676 2865 1719 2906 ca·

921 2923 977 2996 pite
993 2924 1100 2996 plexus,
1116 2924 1206 2978 victer
1221 2922 1359 3003 miqravit.
1376 2944 1385 2968 ι
1404 2919 1473 2977 Vide
1488 2921 1567 2977 Acta.
1590 2945 1600 2968 ι
1617 2921 1719 2977 Urbani
1789 2971 1794 2979 ,

922 3011 997 3067 papae
1012 2994 1035 3050 ei
1051 2993 1228 3050 confessoris.
1242 2992 1311 3049 Vide
1328 2993 1538 3049 Praeterniissos.
1550 2993 1589 3048 De
1600 2991 1718 3065 Cyrille,

68 3068 192 3124 lielertur
218 3067 293 3121 inter
318 3063 517 3118 Pretermisses
539 3061 584 3117 die
610 3061 746 3135 sequenti.
774 3063 813 3117 De
834 3077 866 3117 ee
921 3076 952 3124 ut
970 3082 1061 3138 supra,
1086 3092 1095 3113 ι
1116 3065 1189 3121 Petri
1205 3064 1384 3132 confessoris,
1402 3063 1449 3137 qui
1465 3063 1629 3121 Coetesiiuus
1650 3079 1718 3137 papa

69 3150 154 3196 actum
171 3134 354 3194 eranuarii.
375 3136 461 3191 «lieni
476 3133 563 3190 sancii
576 3132 863 3190 Vveniscenlesseris.
922 3141 1046 3211 quintus.
1064 3139 1141 3194 llunc
1158 3137 1192 3192 eli
1204 3136 1268 3192 vitae
1283 3136 1457 3192 sanctitatem
1469 3136 1638 3202 Cardinales,
1653 3151 1718 3192 cum

69 3211 115 3280 Qui
131 3211 256 3284 primum
272 3208 301 3263 in
317 3208 487 3279 parlamente
499 3206 573 3276 regni
586 3205 866 3262 Franciaeadrecatus
918 3209 975 3282 jam
997 3209 1075 3266 sedes
1099 3209 1258 3280 apostolica
1282 3208 1395 3263 biennio
1409 3215 1541 3275 vacasset,
1565 3209 1717 3278 elegerunt.

98 3297 234 3355 eperum,
254 3287 282 3335 et
308 3285 401 3351 postea
417 3277 751 3358 episcopusCarnetensis
766 3276 859 3332 luit·
921 3281 973 3337 Sed
996 3282 1053 3353 ipse
1077 3281 1128 3336 seli
1157 3282 1213 3336 Dee
1238 3295 1335 3336 vacare
1354 3279 1487 3350 cupiens,
1513 3285 1574 3348 post
1597 3278 1718 3359 quinque

92 3357 115 3410 ic
129 3355 236 3410 colitur
247 3351 294 3406 dit
312 3359 467 3424 &aduenit-¹
482 3350 585 3416 ROB&
601 3349 689 3405 Stsscli
705 3348 778 3404 Ptlti
794 3363 867 3404 0011-
922 3369 1029 3410 meuses
1042 3352 1177 3407 sarcinam
1194 3350 1331 3422 deposuit,
1351 3359 1378 3404 et
1397 3348 1485 3421 seipse
1500 3363 1607 3416 semper
1620 3350 1719 3404 melior

67 3423 258 3491 lesseris.Qui
280 3430 430 3478 comesset
454 3437 522 3502 papa
535 3420 699 3478 Caelestinus
712 3420 747 3487 V,
763 3418 864 3475 summi
921 3425 1026 3491 facins,
1056 3423 1162 3495 quievit
1191 3422 1220 3476 in
1250 3437 1324 3492 pace.
1355 3420 1490 3475 Dunstani
1517 3417 1719 3491 archiepiscopi

101 3496 246 3554 utilitates
259 3494 360 3550 honori
376 3503 403 3549 et
417 3508 494 3549 oneri
512 3493 595 3549 libere
605 3493 697 3549 cessit.
716 3492 750 3545 Bt
765 3491 799 3546 de
812 3492 868 3546 alta
885 3473 907 3533 G
922 3493 1127 3552 Cantuariensis
1137 3500 1164 3547 et
1179 3490 1353 3556 coulessoris,
1370 3491 1416 3562 qui
1431 3489 1460 3544 in
1474 3489 1659 3545 adolescentia
1674 3490 1719 3545 ha·

87 3569 138 3626 etri
158 3567 224 3624 sede
238 3565 409 3622 descendens
423 3564 598 3630 Coelestinus,
615 3571 646 3618 ut
662 3563 800 3619 eoelestem
820 3577 869 3617 se·
922 3565 1010 3622 bitum
1028 3564 1154 3619 monachi
1168 3561 1330 3634 suspiciens,
1345 3561 1402 3616 vita
1417 3569 1444 3616 et
1464 3559 1551 3632 siquis
1564 3559 1719 3616 admirabi-

66 3640 128 3698 dem
148 3638 363 3700 conscenderet,
386 3635 420 3690 ad
443 3634 523 3706 pedes
538 3634 747 3701 cardinalium,
767 3631 868 3704 quibus
922 3638 957 3693 lis
981 3636 1089 3691 habitus
1110 3642 1161 3699 est,
1191 3633 1330 3705 totiusque
1353 3632 1460 3704 Angliai
1481 3632 1583 3704 primas
1595 3631 1717 3700 eliectus,

65 3711 226 3782 praeiuerat,
244 3708 387 3763 humiliter
401 3707 497 3762 Petrus
520 3705 711 3776 prosternitur.
728 3706 750 3760 0
766 3703 868 3776 glorie·
922 3724 995 3764 anno
1011 3706 1120 3762 Domini
1135 3705 1198 3773 988,
1215 3705 1294 3761 beate
1307 3704 1362 3760 fine
1381 3704 1498 3776 quievit.
1518 3704 1640 3776 Adulphi
1656 3705 1719 3775 epi.

64 3799 131 3839 sum
146 3781 259 3834 siriinil
284 3778 330 3852 qni
354 3776 459 3833 nullius
476 3792 524 3849 per
542 3777 711 3848 exemplum,
727 3782 866 3846 papatum,
922 3779 997 3860 scopi
1010 3777 1212 3835 Cameracensis
1226 3784 1253 3833 et
1268 3776 1441 3832 confessoris.
1457 3776 1488 3831 ln
1505 3773 1648 3831 Britannia
1662 3775 1720 3831 mi-

65 3868 128 3926 que
142 3850 217 3906 nihil
234 3850 383 3906 mirabilius
400 3850 427 3904 in
452 3849 545 3917 terris,
568 3857 600 3904 ut
623 3848 734 3906 Christe
753 3846 868 3903 serviret
923 3868 994 3915 neri,
1021 3851 1130 3905 diecesi
1156 3848 1325 3915 ¹trecorensi,
1351 3847 1487 3927 depositio
1510 3848 1597 3903 sancti
1615 3845 1719 3903 Vvonis

63 3923 207 3999 quietius,
229 3930 322 3993 sponte
338 3922 457 3994 reliquit.
479 3945 488 3967 ·
923 3920 1076 3994 presbyteri
1092 3928 1119 3976 et
1136 3919 1311 3986 coulessoris,
1339 3927 1484 3990 utriusque
1506 3918 1578 3989 juris
1598 3917 1719 3974 doctoris

102 3996 303 4058 llaessroiira,
314 3993 340 4048 in
352 4000 429 4048 textu
441 3991 633 4061 interpolatus,
645 3990 674 4045 in
688 3989 741 4045 line
752 3990 846 4047 subdit
860 4006 866 4045 τ
923 4001 950 4048 et
961 3992 1085 4048 advocati
1097 4007 1247 4064 pauperum
1261 4009 1266 4046 :
1281 3989 1458 4062 ejusdemque
1467 3989 1638 4045 canonizatio
1648 3988 1720 4045 laeta

72 4093 81 4115 ι
101 4064 243 4127 Treveris,
260 4062 355 4135 Cyrilli
369 4062 489 4135 episcopi
503 4070 531 4119 et
544 4062 718 4119 contessoris.
738 4086 746 4107 ·
923 4081 996 4121 anne
1008 4064 1118 4120 Beiiiuii
1135 4063 1213 4118 teti.
1231 4063 1297 4118 iterii
1314 4062 1385 4118 beati
1397 4060 1520 4129 illeliini,
1535 4084 1544 4108 ·
1562 4068 1628 4132 puto
1650 4059 1719 4116 ‹Al-

100 4140 266 4199 heuiciscr.
290 4136 324 4191 de
346 4137 488 4191 Dunstane
506 4136 561 4190 lere
575 4133 670 4190 eadem
689 4133 782 4190 habet.
799 4130 870 4189 Vide
923 4136 1011 4194 euiiii.
1030 4161 1038 4183 ·
1063 4136 1142 4190 Forte
1157 4152 1190 4189 ex
1207 4134 1328 4190 ltahario.

65 4209 148 4271 inira,
167 4207 335 4280 posteriores
347 4223 453 4262 xeiasi
466 4206 612 4262 editiones.
960 4206 1068 4264 bleisa.
1095 4233 1104 4254 ι
1126 4207 1230 4263 Eodem
1245 4205 1300 4271 die,
1329 4207 1418 4262 saneti
1443 4204 1515 4261 Petri
1531 4203 1671 4262 Coelmtini
1685 4202 1720 4261 de

101 4279 545 4337 Marnic.·Ciiiinus.·Ui.raiiecr.
563 4303 572 4324 ·
588 4276 710 4335 Caloreri
721 4284 748 4334 et
758 4275 869 4333 Parthe-
924 4277 1049 4346 blomne,
1061 4277 1108 4359 qui
1122 4278 1252 4350 quoniam
1270 4277 1441 4333 renuntiavit
1455 4292 1563 4333 summe
1579 4274 1720 4347 pontifica-

65 4350 112 4407 nii
126 4351 241 4406 lratrnm
259 4357 425 4422 martyrum.
444 4349 613 4406 Potentianae
629 4348 754 4422 uirginis.
775 4347 870 4405 lveuis
925 4359 964 4406 tui
981 4358 1157 4406 cauouizatus
1171 4349 1279 4405 exstitit
1294 4349 1328 4403 ali
1344 4348 1465 4405 Ecclesia
1476 4357 1583 4404 tanturn
1595 4346 1720 4418 prosim·

66 4421 236 4479 coulessoris
248 4423 387 4479 Dunstani
403 4419 612 4502 archiepiscopi.
628 4447 637 4468 ι
945 4421 989 4477 liei
1002 4421 1167 4477 consessore.
1183 4420 1286 4475 Eodem
1302 4419 1358 4489 die,
1378 4421 1465 4476 saiicti
1485 4418 1583 4489 Cyrilli
1599 4414 1720 4496 episcopi

104 4492 262 4563 Biceriss„
280 4496 376 4567 signas
391 4492 420 4549 P.
435 4493 462 4560 5,
478 4493 525 4575 qui
543 4493 596 4549 luit
615 4494 724 4548 Petrum
741 4490 870 4548 Coelesti-
924 4438 1108 4549 irainsanda.
1134 4493 1164 4546 ln
1186 4490 1329 4544 Britannia
1354 4491 1455 4545 minori
1471 4491 1631 4567 Trecerensi
1646 4486 1721 4564 dire·

64 4581 180 4622 norum.
200 4591 208 4612 ·
223 4568 292 4622 Item
308 4564 408 4620 natalis
417 4563 489 4619 heati
504 4565 577 4620 Petri
593 4565 622 4619 P.
636 4564 669 4619 N.
683 4564 716 4620 de
730 4564 869 4630 hlurrone,
924 4563 989 4629 cesi,
1007 4571 1093 4617 sancti
1110 4561 1203 4616 lvonis
1217 4559 1369 4630 presbyteri
1381 4569 1407 4614 et
1421 4559 1596 4622 confessoris,
1609 4572 1657 4628 qui
1672 4571 1721 4628 pre

65 4637 247 4704 coulessoris,
267 4637 406 4710 quondam
429 4652 503 4707 papae
519 4634 657 4693 Caelestini
690 4659 699 4681 ·
925 4634 1027 4692 Christi
1043 4648 1136 4689 amere
1150 4646 1245 4687 causas
1260 4630 1440 4710 pupillorum,
1452 4630 1596 4709 viduarum
1612 4643 1644 4684 ae
1657 4643 1721 4700 pau·

104 4709 134 4764 lu
151 4709 289 4764 Varium.
307 4726 384 4765 nuiii.
401 4707 447 4773 59,
463 4707 547 4763 deest.
571 4706 736 4763 «Pudentis.
754 4731 763 4752 .
925 4722 1020 4778 perum
1037 4704 1184 4760 defendere
1199 4719 1253 4758 iion
1269 4701 1426 4759 desistebat.
1443 4702 1546 4757 Eodem
1558 4701 1616 4769 die,
1630 4701 1720 4782 depe-

102 4781 242 4835 ilirsses.
277 4802 286 4826 ι
311 4779 447 4836 Turribus
472 4779 605 4835 Sardiniae
626 4778 713 4835 sancti
736 4777 870 4835 Creseeii-
925 4777 990 4833 sitio
1005 4777 1091 4833 saneti
1108 4774 1627 4846 Dunstaniilugleruuiarchiepiscopi.
1640 4773 1722 4829 Nebi-

69 4850 136 4906 tiani
152 4851 296 4924 rirartyris.
315 4878 323 4900 ι
883 4844 907 4904 D
927 4849 996 4905 liaeo
1012 4849 1190 4915 iiienasterie‚
1201 4846 1435 4918 depositiosancii
1449 4846 1589 4918 lladulphi
1600 4844 1720 4922 episcopi

105 4922 265 4978 Svirorziiir.
284 4923 297 4978 l
317 4925 386 4991 loco,
401 4922 449 4978 alii
463 4923 574 4978 ultime.
592 4924 644 4978 «ln
661 4922 804 4993 provincia
819 4921 871 4975 Tu·
926 4930 953 4977 et
975 4922 1149 4987 confessoris,
1176 4921 1248 5000 apud
1273 4921 1435 4976 Atrebatum
1460 4919 1488 4975 in
1503 4917 1617 4975 ecelesia
1631 4921 1719 4993 saneti

70 4993 133 5048 scias
148 4992 285 5066 [dicerem
303 4995 385 5062 Latii,
403 5020 411 5041 ι
426 4995 468 5049 vel
481 4997 577 5050 saltem
596 4996 739 5067 ‹Caiiipan
754 5010 775 5048 a
791 5018 799 5038 ·
818 4994 872 5047 late
926 4993 1036 5050 Vedasti
1050 4993 1248 5065 quiescentis·
1267 4991 1351 5064 Typis
1365 4991 1518 5051 irrisoribus
1534 5007 1539 5043 ε
1559 4989 1721 5055 ‹eapesiue

70 5065 197 5139 scrupis]
226 5065 301 5139 apud
329 5067 471 5123 ciiitatein
501 5067 707 5131 Perrantinaiii,
736 5063 872 5137 depositio

71 5138 155 5192 sarneii
171 5137 244 5193 Petri
263 5154 338 5209 papae
348 5146 376 5194 et
389 5136 566 5205 coulessoris,
582 5137 647 5193 olim
660 5136 813 5204 Caelestini,
824 5135 873 5217 qui

70 5206 173 5264 dicitur
186 5209 221 5264 de
240 5209 355 5266 biuroua
376 5233 385 5255 ι
411 5210 516 5282 kpotius
539 5209 681 5280 legendum
704 5206 871 5264 «Caelestini

72 5281 250 5349 papas...eliiii
261 5281 346 5336 Petri·
360 5280 870 5353 lliiiilaterisllrdinisCialestiuoruui,

71 5351 113 5431 qui
137 5352 291 5408 inultorum
314 5351 503 5408 coeuehinrum
526 5352 665 5418 fundator,
679 5349 872 5407 innuiiieraBi-

71 5421 135 5478 lium
147 5426 342 5496 paterexstitit
353 5422 561 5485 monachorum.
571 5423 720 5497 multisque
732 5422 873 5477 miraculis

72 5501 96 5548 et
108 5495 265 5551 iirtutihns
279 5496 392 5552 claruit.
415 5496 500 5552 Natus
517 5511 583 5551 uere
600 5496 652 5549 luit
671 5509 744 5549 aiiiie
759 5492 871 5549 Domini

73 5565 149 5636 lile,-
166 5567 241 5623 vixit
265 5569 428 5624 seculariter
442 5566 521 5623 annis
538 5568 581 5632 li,
599 5565 651 5622 luit
667 5566 693 5621 in
710 5564 873 5637 pieriitentia

72 5640 147 5695 annis
162 5638 216 5709 Bi,
234 5648 392 5712 assumptus
408 5639 462 5695 luit
475 5639 510 5696 ad
525 5647 653 5712 papatum
670 5654 743 5694 aniie
758 5636 872 5694 Domini

74 5709 135 5768 itae
151 5708 225 5785 [ime
237 5711 330 5785 taeta
347 5711 485 5784 requievit
499 5728 572 5768 anno
582 5710 694 5768 Domini
709 5709 787 5777 tite,
799 5707 872 5767 vixit

72 5794 152 5839 meos
167 5784 214 5840 8l.
238 5782 426 5841 Canenizatus
447 5781 501 5840 luit
524 5799 574 5856 per
589 5798 686 5856 papam
702 5780 871 5839 Clementem

926 5065 1036 5120 Doiniiii
1054 5065 1196 5119 Alchuini.
1217 5087 1226 5109 ·
1250 5063 1393 5119 Editienes
1409 5063 1470 5118 aliae
1485 5062 1518 5115 de
1534 5059 1613 5135 Petro
1628 5053 1722 5134 Coale-

926 5137 1009 5203 stine,
1026 5136 1170 5207 Haduiplie
1184 5142 1211 5190 et
1226 5135 1320 5202 liene,
1336 5134 1429 5189 eadem
1445 5147 1508 5209 quae¹
1519 5130 1547 5183 iii
1565 5141 1660 5206 priori.
1676 5125 1721 5182 Se·

925 5209 1043 5280 quitur:
1069 5208 1212 5264 «Ciuitate
1234 5206 1407 5267 Derriheriia,
1424 5208 1508 5256 sancti
1526 5201 1660 5253 Dunstani
1679 5211 1722 5253 ar·

926 5279 1104 5360 chiepiscepi,
1114 5277 1160 5350 qui
1177 5278 1311 5333 laiuesum
1324 5268 1721 5350 ineiiasteriuiiiGlascenieuse

926 5350 1082 5416 fabricarit,
1095 5352 1245 5405 multeruni
1261 5351 1377 5403 alioruin
1394 5350 1515 5397 existens
1530 5340 1660 5397 laudator
1668 5357 1722 5398 cue·

926 5421 1084 5477 nebieruiii.
1109 5422 1151 5477 ild
1170 5419 1248 5492 cujus
1269 5414 1471 5486 a'urcepliaguiii
1487 5413 1583 5471 ciebie
1599 5412 1722 5469 martile-

925 5501 1023 5559 statur,
1048 5493 1137 5565 qualis
1159 5508 1232 5548 nune
1257 5489 1346 5544 meriti
1372 5494 1481 5541 iiiaueat
1503 5486 1531 5541 in
1548 5484 1660 5542 omlis.»
1683 5485 1722 5540 De

926 5565 1042 5637 cyrillo,
1060 5572 1090 5620 ut
1108 5580 1199 5643 supra.
1221 5586 1230 5608 ι
1247 5560 1297 5615 Die
1311 5558 1514 5628 decimanona,
1528 5557 1617 5616 saneti
1632 5556 1721 5613 hiere·

926 5637 1057 5709 martyris
1075 5635 1182 5692 Patritii
1207 5632 1298 5686 Prusa
1320 5639 1347 5687 et
1368 5631 1507 5688 socierum
1531 5629 1627 5701 ejus·
1651 5625 1721 5708 Vide

926 5707 955 5764 iri
966 5702 1228 5771 praetermisisset
1239 5700 1342 5759 dicitur
1354 5701 1390 5760 de
1406 5702 1442 5761 iis
1456 5711 1548 5762 aetum
1559 5701 1594 5759 28
1604 5698 1719 5771 Aprilis.

925 5780 964 5835 De
978 5778 1109 5841 Alcuine,
1125 5781 1156 5831 ut
1167 5789 1259 5847 supra.
