3834 6136
99 208 152 271 5ιῦ
612 216 932 279 MARTYROLOGIUM.
952 251 988 264 -
1008 223 1112 282 MENS.
1134 225 1231 284 SEPT.
1698 234 1751 294 506

99 335 207 404 militis,
223 334 273 410 qui
288 333 318 392 in
333 334 460 410 passione
480 338 633 397 Alexandri
648 341 769 417 episcopi
785 345 896 418 legitur.
919 347 1101 405 Antisiodoro
1115 361 1139 420 ¹,
1153 351 1245 408 sancti
1265 352 1383 410 Annarii
1397 354 1517 430 episcopi
1532 364 1560 415 ct
1574 359 1749 420 contessoris.

99 423 195 499 [Addit
208 423 359 481 Boniticrt.
373 425 458 481 :ltem
474 427 562 485 sancti
577 427 795 504 sollempnensis
805 433 952 511 episcopi]

848 573 966 632 NOTAE.

129 670 206 726 lnter
219 665 406 742 purossolum
423 668 714 739 numerationem,
731 669 842 728 Grenen.
859 679 886 731 et
897 674 999 733 Melan.

127 823 222 879 ·ltene
232 817 342 877 monuit
350 819 522 902 Castellanus
532 821 896 884 Aunariiannuntiationem
913 828 1127 894 Arensisenim
1141 847 1205 887 ciim
1220 830 1377 888 lleriniensi
1387 831 1482 890 codice
1491 837 1641 903 consentit,
1651 843 1747 895 etian·

93 910 196 951 erasam
211 892 308 960 tuisse,
333 897 361 947 et
375 906 505 963 pressiori
528 892 687 950 charactere
702 895 789 952 luisse
803 897 897 954 denuo
950 907 1026 956 etum
1037 899 1222 974 sollempnem
1234 905 1327 959 refert.
1339 904 1577 978 Utriusqueigitur
1585 909 1748 980 autographi

94 966 233 1047 scriptam,
262 970 295 1019 ιιι
318 971 430 1045 sanctus
449 961 620 1043 ‚Soiisnpnii
636 966 778 1046 ,accedere
793 975 894 1050 posset.
949 980 990 1027 est
1004 971 1139 1030 correctio
1152 974 1275 1048 adeoque
1289 975 1333 1032 vel
1347 975 1438 1049 primo
1452 978 1581 1052 exemplo
1595 980 1746 1055 antiquior.

93 1038 195 1094 Verum
211 1041 266 1091 ista
280 1040 417 1091 correctio
431 1033 555 1105 eiusdem
570 1043 659 1093 aetatis
673 1046 701 1094 et
709 1046 832 1096 auctoris
841 1048 894 1109 est,
949 1043 1119 1101 Bnninnsnu.

92 1107 169 1182 cnjus
186 1115 247 1164 tres
262 1106 325 1163 aliae
339 1103 477 1179 quaejam
492 1104 545 1164 boc
558 1123 652 1166 mense
671 1109 804 1168 vidimus.
820 1113 896 1169 Der·

698 1237 901 1298 inmanius
921 1239 1128 1301 LECTIONES.

121 1331 228 1416 Scripsi
235 1333 348 1414 ldmona,
359 1336 389 1387 ut
396 1330 505 1388 codices
514 1331 617 1415 hahent
627 1337 813 1406 communius,
827 1338 891 1396 licet
945 1341 1034 1412 Cogor
1043 1341 1229 1399 nihilominus
1242 1343 1404 1401 existimare
1415 1345 1601 1405 Usnardinnm
1615 1364 1670 1405 non
1687 1366 1745 1408 esse

88 1406 175 1479 aliqui
185 1404 429 1460 malintliinniuns.
442 1403 688 1488 Nonnullilegurit,
700 1408 740 1463 Ln
762 1409 891 1481 icpiacopi
944 1411 996 1467 hac
1011 1413 1187 1483 potissimum
1210 1416 1318 1471 ratione
1339 1415 1451 1485 ductus,
1467 1418 1542 1488 qnod
1557 1419 1743 1492 Castellanus,

89 1478 256 1533 anachoretas
268 1474 312 1531 vel
334 1476 508 1543 anachoritae,
530 1475 577 1531 sed
598 1479 698 1534 melius
748 1482 847 1537 olenus
862 1489 890 1539 et
943 1483 1173 1554 diligentissimus
1188 1486 1292 1542 codicis
1306 1487 1445 1543 Praiensis
1457 1488 1596 1561 inspector
1609 1491 1745 1549 observa-

90 1548 140 1605 alii
161 1553 225 1620 pest
237 1545 369 1614 Adonem,
383 1563 416 1600 cc
434 1549 604 1627 nnnchmeta.
620 1548 665 1606 Sic
681 1553 886 1609 rursushlolan.
942 1562 1024 1622 verit,
1036 1554 1123 1626 prima
1138 1572 1222 1612 manu
1235 1559 1322 1614 solam
1333 1557 1360 1614 S.
1372 1560 1488 1615 Aunarii
1502 1561 1742 1621 annuntiationem

90 1617 235 1676 excudam
258 1615 361 1699 Adone,
383 1626 463 1698 ponit
480 1619 625 1700 Herculani
648 1636 704 1703 non
720 1623 886 1681 florentiani.
943 1625 1043 1681 ultimo
1058 1628 1116 1682 loco
1125 1627 1241 1698 positam
1255 1628 1348 1696 tuisse,
1363 1647 1423 1702 qnae
1432 1631 1550 1687 subinde
1559 1649 1636 1690 erasa
1644 1634 1740 1704 luerit,

88 1690 224 1771 Superest
237 1703 372 1761 praecipua
386 1696 414 1745 et
436 1687 577 1746 difficilior
600 1699 728 1760 varietas,
746 1694 820 1750 circa
833 1711 888 1751 aii-
944 1703 1056 1769 tumqne
1071 1698 1198 1768 pressiori
1222 1698 1376 1757 charactere
1399 1701 1438 1756 ita
1453 1705 1535 1760 rcscri
1558 1711 1594 1771 ta,
1611 1713 1641 1761 nt
1655 1705 1741 1763 alters

87 1760 394 1842 nuiitisticuemflsnneti
409 1761 549 1829 Solemnis,
565 1763 619 1830 vel,
631 1770 662 1818 ut
673 1764 799 1821 scribunt
812 1766 888 1823 codi-
942 1767 969 1823 S.
986 1767 1124 1825 Solemnis
1142 1768 1271 1826 accedere
1294 1781 1394 1841 posset.
1415 1771 1495 1839 Quod
1520 1720 1593 1831 ιιιιιιιι
1621 1775 1742 1834 habeant

85 1849 140 1900 ces,
159 1831 332 1904 Sollempnis,
366 1847 427 1887 nain
443 1840 674 1890 certumestnon
690 1835 823 1906 adhunc,
839 1837 887 1895 sed
941 1839 1143 1912 Antnerp.·hlaj
1160 1842 1478 1914 ,llosweydetetiamA
1498 1845 1740 1913 uicinct.,novum

84 1903 117 1960 ad
133 1902 337 1975 precedentem
346 1847 589 1986 ίιιθιιιηριιιιιιειιθ,
615 1913 646 1961 ιιι
667 1915 739 1989 recte
759 1908 887 1991 observat
941 1918 1066 1980 nonest,
1091 1927 1155 1968 cum
1179 1912 1279 1982 passini
1302 1930 1336 1969 ex
1360 1913 1456 1970 eodem
1479 1860 1558 1973 (iente
1580 1918 1739 1988 procedant.

85 1973 239 2056 bollandus
255 1973 452 2055 iv'liebruani,
464 1974 499 2032 ad
519 1975 610 2032 Vitam
626 1985 714 2034 sancti
728 1978 861 2036 Aventini
877 2000 885 2049 ;
940 1980 1004 2037 Sola
1019 1999 1062 2039 me
1076 1982 1208 2039 retineret
1224 1984 1395 2041 Heriniensis
1406 1987 1566 2056 auctoritas,
1582 1988 1635 2044 nisi
1652 1989 1741 2047 ethic

83 2053 109 2103 ct
122 2046 184 2128 aliq.
202 2044 314 2127 llosdie
328 2045 675 2131 precedentihluneratnin
687 2059 713 2106 et
728 2050 885 2108 Grevenum
941 2051 1024 2109 hodie
1042 2054 1150 2110 auctior
1168 2063 1249 2110 esset.
1265 2055 1333 2112 Nam
1348 2055 1382 2111 ad
1398 2056 1528 2113 Batinum
1544 2058 1619 2132 quod
1629 2060 1739 2128 attinet,

83 2134 95 2175 e
112 2132 192 2200 puris
204 2117 388 2199 exclusimus,
399 2117 473 2190 quod
488 2119 527 2174 ilii
541 2135 569 2174 in
583 2135 614 2175 ea
626 2122 838 2179 annuntiatione
851 2123 885 2180 ab
939 2131 981 2181 tot
992 2124 1078 2181 ferme
1091 2125 1216 2197 qnotidie
1231 2126 1372 2184 Auctariis
1381 2127 1513 2195 abundat,
1525 2139 1557 2185 ut
1572 2145 1634 2186 raro
1649 2131 1742 2189 incor-

84 2189 215 2246 omnibns
229 2188 346 2260 reliquis
358 2187 448 2245 disere
468 2196 556 2258 arent,
590 2192 709 2260 uamuis,
722 2192 744 2248 si
761 2194 886 2264 ponenda
940 2203 1038 2266 ruptus
1054 2213 1087 2265 ap
1107 2204 1191 2252 areat.
1207 2199 1248 2253 lta
1261 2198 1389 2269 equidem
1415 2199 1603 2257 verosimilius
1617 2218 1739 2260 censeo:

83 2261 127 2343 sit,
147 2275 181 2316 eo
195 2258 242 2316 die
259 2259 395 2332 signanda
415 2206 552 2344 rigentur.
568 2207 708 2330 {aeritur
724 2272 818 2346 utrum
833 2266 886 2323 hoc
939 2265 963 2321 si
982 2267 1027 2323 cui
1052 2213 1195 2324 ocimum
1220 2268 1344 2325 Usuardo
1369 2269 1516 2326 vendicare
1535 2271 1636 2340 lubeat,
1652 2290 1740 2345 argu·

83 2331 286 2412 dieSolcrnnein
302 2330 447 2412 cullocarit
463 2332 612 2400 Usuardus,
628 2345 655 2389 et
675 2351 729 2390 non
745 2344 837 2407 potins
850 2336 885 2393 ab
941 2338 1041 2393 mentis
1056 2337 1137 2394 facile
1153 2338 1247 2394 cedam
1260 2357 1267 2405 ;
1280 2339 1360 2396 liceat
1375 2340 1444 2397 mihi
1459 2342 1572 2398 interim
1590 2344 1739 2415 Munerat,

85 2402 139 2460 alio
155 2401 283 2475 adiectus
304 2402 364 2460 sit?
387 2403 466 2460 Vidit
480 2403 543 2471 hoc,
563 2404 672 2477 opinor,
681 2407 823 2474 Nolanus,
839 2407 887 2481 qui
904 2408 925 2467 B
941 2407 1060 2464 Graven.
1074 2418 1101 2465 et
1117 2410 1253 2481 precipue
1267 2411 1407 2466 hlolanum
1422 2412 1529 2468 ceteris
1539 2413 1682 2470 codicibus
1693 2415 1740 2474 hio

84 2482 184 2531 neutro
198 2473 244 2532 die
262 2475 355 2557 ipsum
377 2476 482 2531 retulit.
505 2477 541 2532 At
565 2479 735 2533 contrarium
759 2486 887 2537 statuunt
941 2480 1086 2537 anteferre.
1102 2481 1141 2537 De
1154 2479 1276 2537 Solemni
1292 2482 1356 2538 vide
1373 2482 1513 2539 Rabanum
1530 2499 1600 2540 xiiii
1614 2485 1738 2558 Septem·

84 2545 207 2615 Praten„
235 2545 389 2612 llerinien,
409 2547 646 2627 'Antuerp-hlaj„
678 2549 825 2623 llosweyd.
859 2559 887 2608 et
941 2549 1740 2625 hiis.Actaejusnonessesitisindicatliollandns,citata

83 2616 184 2685 Belin,
200 2616 273 2691 apud
283 2633 352 2691 quos
364 2618 464 2674 ultimo
474 2618 535 2675 loco
550 2617 732 2677 disertissime
744 2621 884 2693 exprimi·
939 2623 1064 2694 superius
1079 2624 1124 2679 die
1139 2640 1168 2679 iv
1182 2623 1324 2681 Februarii
1340 2624 1369 2681 in
1388 2624 1528 2694 Auentino,
1541 2634 1594 2684 etc.

85 2695 145 2746 tur:
173 2689 240 2746 lunt
266 2689 354 2744 suncti
380 2689 528 2762 solempnia
549 2691 593 2746 vel
622 2691 741 2748 Solennii
760 2693 886 2766 episcopi.

751 2819 1055 2879 OBSERVATIONES.

82 2916 120 2972 tie
137 2915 254 2987 cteopin
275 2914 347 2971 nihil
362 2920 403 2972 est
425 2931 441 2971 a
461 2913 498 2971 ud
516 2916 743 2989 hieronymiana,
765 2917 878 2985 Bedam,
935 2926 1045 2975 secutus
1057 2918 1177 2989 videtur,
1193 2919 1259 2976 dnm
1275 2927 1349 2976 recte
1366 2918 1463 2975 scribit
1480 2918 1634 2988 :hunduni
1656 2919 1741 2974 sancti

82 2986 210 3053 Florum,
226 2983 365 3052 habacum
381 2992 429 3042 ant
466 2984 678 3044 'andalbertum
692 2989 801 3046 Primus
816 3006 879 3045 euin
934 2990 1007 3061 Lupi
1020 2990 1135 3085 episcopi
1149 3009 1182 3046 ec
1194 2992 1355 3047 anachoreta
1367 3008 1376 3046 :
1387 2990 1460 3047 unde
1470 2989 1529 3062 jam
1545 2990 1689 3062 perspicis,
1705 3006 1740 3046 ex

80 3055 311 3131 signauitsuctor
325 3057 438 3116 Romani
456 3058 545 3131 parri,
562 3059 730 3117 hisverbis:
747 3061 880 3131 Cleophis,
935 3079 989 3132 qno
1017 3063 1117 3118 hoster
1143 3079 1192 3119 sua
1217 3063 1363 3137 acceperit.
1395 3062 1453 3119 lloc
1474 3062 1498 3118 ei
1515 3061 1637 3132 elogium
1665 3060 1739 3119 canit

79 3129 123 3185 cni
135 3127 270 3184 Dominus
280 3134 340 3200 psit
351 3131 567 3186 resurrectionem
577 3131 605 3186 in
614 3133 659 3187 cic
670 3149 704 3203 up
724 3132 807 3187 cruit.
819 3132 880 3189 Ado
936 3132 1151 3192 wandalbertus
1167 3150 1173 3189 :

81 3199 110 3257 in
124 3215 179 3256 suo
197 3198 394 3329 ”⁸³5¹qu
409 3201 547 3328 ῑιωιιςιιτ
570 3203 677 3259 Natalis
701 3149 779 3284 secti,
800 3212 826 3259 et
842 3204 881 3260 ita

81 3271 167 3328 ferme
187 3270 334 3344 descripsit
379 3280 408 3328 ot
428 3289 491 3330 erus
507 3291 513 3330 τ
531 3282 558 3331 at
578 3274 694 3331 Usuardi
709 3276 830 3346 elogium
845 3290 881 3330 ex

81 3344 270 3415 apostolorum
284 3343 493 3402 Festivitatibns
512 3345 547 3401 ad
571 3345 686 3402 verbnm
707 3353 880 3401 contractum

81 3421 129 3470 est.
145 3413 207 3483 Qua
216 3424 310 3471 autem
320 3413 374 3471 fide
397 3424 532 3474 assertum
555 3416 589 3473 ab
605 3416 700 3473 Adone
712 3416 879 3488 martyrium
972 3418 1022 3473 llos
1038 3414 1098 3542 eius
1111 3424 1192 3488 gestae
1214 3416 1309 3488 colligi
1336 3423 1468 3487 poterunt
1490 3432 1524 3472 ex
1541 3417 1575 3472 iis
1589 3431 1650 3489 que
1671 3414 1739 3473 satis

81 3486 196 3554 nitatur,
211 3485 348 3548 hactenus
364 3502 420 3542 non
436 3488 605 3560 reperient
621 3505 683 3544 cum
700 3488 881 3544 tillemontio
935 3488 995 3544 tuse
1010 3488 1043 3544 de
1065 3487 1127 3545 uiiit
1145 3488 1288 3544 Severtius
1304 3487 1333 3543 iii
1360 3487 1546 3559 Chronologia
1561 3487 1702 3555 historice,
1722 3503 1739 3543 a

81 3564 155 3614 tomo
169 3557 191 3627 l,
209 3574 270 3631 pag.
286 3557 413 3626 studet
425 3569 452 3615 et
466 3560 529 3628 622,
546 3561 737 3631 cognationem
761 3557 821 3630 ejus
835 3559 880 3614 vel
936 3576 996 3630 pag.
1012 3559 1060 3627 Bb,
1077 3566 1105 3614 et
1123 3575 1158 3614 ex
1173 3560 1234 3615 aliis
1260 3559 1294 3614 ab
1310 3559 1370 3631 ipso
1384 3559 1487 3615 citatis.
1513 3560 1690 3624 Herculanus,
1708 3558 1737 3614 in

80 3627 240 3686 affinitatem
259 3645 324 3686 cuni
350 3629 461 3687 Christo
487 3632 631 3688 servatore
660 3629 880 3694 examinant,de
936 3631 1014 3686 Actis
1032 3630 1121 3687 sancti
1147 3629 1299 3687 Alexandri
1321 3629 1456 3702 episcopi,
1482 3628 1516 3685 de
1539 3645 1639 3703 quesn
1660 3628 1739 3686 raud

80 3715 132 3826 Ἄπι
146 3708 174 3756 et
189 3716 241 3756 iios
262 3700 328 3758 alibi
349 3701 465 3771 egimus,
486 3711 513 3759 et
536 3718 618 3775 porro
640 3703 730 3759 fusius
753 3719 804 3758 suo
820 3703 881 3759 loco
937 3719 985 3758 ixi
1001 3701 1170 3799 Septembris
1194 3702 1311 3774 egimus,
1337 3708 1504 3758 memoratus
1522 3701 1595 3773 apud
1612 3646 1738 3757 sionem

967 3246 1079 3308 Septena
1097 3246 1183 3305 hupiis
1194 3247 1303 3295 antistes
1320 3244 1440 3308 Lugduni
1454 3244 1544 3294 revisit

967 3308 1062 3369 Monta,
1078 3309 1177 3359 devotae
1196 3317 1282 3372 pistor
1296 3309 1472 3357 memorabilis
1484 3307 1551 3356 urbi.

100 3770 772 3848 ispntabimus.lndubitatasnntquaeeiihucuca
795 3790 882 3834 .xniv
898 3776 918 3836 C
934 3791 1002 3830 ιιιιι
1017 3773 1191 3840 hovembris,
1209 3772 1315 3829 liocdie
1329 3788 1378 3854 pro
1395 3788 1471 3828 mero
1487 3771 1603 3829 Usnardi
1620 3771 1738 3829 arbitrio

84 3841 170 3898 refert
181 3840 314 3900 laudunus
329 3845 524 3901 Tillemontius
544 3862 603 3917 pag.
627 3845 688 3902 368.
705 3848 743 3902 De
783 3845 879 3900 irmino
935 3842 1739 3918 pzisiiusvideiur,aiiisomnibusaniiquishanyrotogis
1801 3894 1804 3899 ,

84 3911 301 3986 legiiltabanis:
324 3916 784 3989 Nutcicsunctil'irminimcrtgric.
799 3918 880 3975 Wan·
935 3918 1101 3988 praeteritus.
1122 3918 1170 3974 nbi
1192 3917 1277 3972 etiam
1296 3915 1433 3983 advertes,
1449 3931 1601 3988 perperam,
1618 3915 1663 3971 vel
1678 3915 1738 3971 cnl-

83 3983 246 4042 dalbertus:
935 3996 989 4043 teni
1004 3989 1098 4060 gratis,
1114 3989 1139 4045 ei
1163 3988 1197 4045 ab
1213 3989 1311 4044 Nostro
1327 3987 1387 4043 dari
1417 3987 1532 4044 titulum
1556 3986 1658 4054 militis,
1673 4002 1737 4042 cum

934 4059 968 4115 ab
985 4061 1080 4116 Adone
1094 4060 1184 4116 solnm
1200 4059 1317 4127 dicatur,
1321 4057 1435 4130 junonie
1447 4077 1480 4115 ea·
1494 4058 1576 4132 officio
1593 4057 1736 4114 Antonini.

933 4132 1064 4203 Sequitur
1089 4131 1237 4198 decorius,
1267 4131 1335 4199 sive,
1367 4139 1397 4185 ut
1424 4131 1524 4187 scribit
1554 4129 1737 4197 Castellanus,

78 4197 161 4256 Plura
175 4199 277 4258 Florus
291 4210 433 4259 memorat.
457 4202 549 4258 Adoni
571 4218 587 4258 a
601 4202 746 4258 Menandro
758 4203 879 4259 ascribi·
933 4202 1132 4268 Auriuchurins,
1148 4202 1182 4256 ab
1199 4200 1323 4256 Usuardo
1342 4200 1425 4254 etiam
1446 4201 1568 4271 primum
1583 4200 1736 4271 consigna-

77 4275 130 4327 tur.
150 4271 269 4340 Verum,
283 4273 338 4329 nisi
360 4275 478 4329 multum
494 4274 585 4343 fallor,
601 4275 756 4330 uenalium
776 4274 876 4330 ducein
934 4281 988 4341 tus,
1004 4271 1127 4345 decujus
1143 4271 1219 4327 Actis
1232 4272 1312 4341 plura
1329 4270 1444 4341 sparsim
1461 4271 1644 4325 inveniuntur
1659 4277 1737 4326 tonis

73 4339 176 4398 hahuit
191 4342 426 4418 Usuerdusqnam
442 4345 510 4401 Acta
529 4345 599 4418 ipsa,
619 4362 690 4418 qun,
715 4353 745 4400 ut
763 4345 878 4401 tortasse
904 4405 909 4413 ,
952 4342 1214 4399 rimoliibliotheoae
1243 4341 1404 4407 Labheanae,
1421 4340 1468 4395 sed
1495 4340 1657 4420 praecipuea
1673 4355 1735 4411 pag.

72 4413 186 4470 sincera
200 4415 316 4471 omnino
336 4432 392 4472 non
406 4417 473 4485 sint,
498 4417 592 4488 gravia
605 4422 698 4471 tamen
718 4423 746 4471 et
765 4416 879 4489 antiqua
933 4361 984 4472 iia
998 4414 1093 4481 aitis,
1105 4413 1141 4468 ad
1151 4429 1210 4493 quae
1220 4414 1348 4469 accedere
1362 4418 1449 4483 potest
1460 4410 1628 4481 Compilatio
1641 4419 1737 4465 nostra

71 4499 134 4542 ease
149 4501 203 4542 suo
217 4495 340 4558 tempore
353 4488 599 4545 demonstrabitur.
617 4487 704 4543 hlnlta
717 4487 751 4543 de
763 4487 877 4544 transla-
931 4485 1181 4542 Autissiodorensis
1196 4484 1294 4540 itidem
1323 4500 1373 4538 ms.
1394 4499 1430 4538 eii
1455 4480 1565 4537 Labhec
1579 4479 1666 4536 ferme
1686 4496 1736 4552 pro

70 4557 213 4623 tionibus,
230 4566 340 4614 unaant
352 4558 487 4630 pluribus,
503 4557 588 4641 hujus
598 4558 716 4616 Flamini
727 4559 878 4616 etalterius
932 4557 984 4614 hac
999 4565 1073 4628 parte
1088 4557 1241 4626 desumpta,
1260 4571 1286 4627 p.
1302 4553 1349 4611 53.
1366 4556 1460 4636 Atque
1475 4552 1609 4609 hactenus
1622 4550 1732 4607 confor-

69 4628 495 4711 cognominisconsessoric,jam
506 4630 622 4703 pridem,
635 4637 662 4686 et
673 4630 871 4698 recrintissime,
935 4646 992 4685 mes
1006 4636 1072 4685 sunt
1098 4627 1262 4700 probatioris
1288 4632 1361 4683 notae
1391 4625 1509 4706 codices¹
1526 4638 1632 4691 omnes,
1657 4629 1688 4679 ut
1702 4621 1736 4679 de

71 4699 120 4755 vel
132 4698 707 4776 ipsasiuternmbrasdisputatasunt,quai
719 4702 878 4760 tuncetiaui
931 4700 1051 4773 genuino
1071 4707 1149 4756 textu
1163 4698 1284 4756 dubitari
1314 4704 1442 4771 nequeat.
1459 4695 1532 4765 Quid
1555 4695 1589 4754 de
1617 4696 1737 4778 Solemus

70 4771 237 4828 accuratius
249 4772 492 4830 examinabuntur.
510 4775 549 4829 Lii
570 4774 720 4845 idaposi'tio
734 4773 768 4830 ab
784 4774 876 4830 illeru-
931 4790 980 4831 seu
1006 4773 1114 4830 Sclenne
1133 4770 1303 4830 censendum
1327 4769 1454 4845 superius
1483 4768 1592 4828 abunde
1624 4767 1737 4826 discns-

72 4841 222 4912 nymianis
235 4843 324 4914 pridie
343 4851 445 4912 notata,
467 4843 551 4902 aCor
586 4846 656 4902 lensi
681 4845 826 4918 Lugduiio,
842 4844 877 4901 ab
931 4862 992 4902 sum
1009 4852 1062 4902 est.

73 4913 279 4986 Epternaoensi
296 4915 498 4988 Augustodnno
520 4916 663 4974 tribuitur.
680 4915 741 4975 Ado
755 4917 876 4992 priorem

816 5041 1008 5100 AUC'l'AlllA.

113 5136 252 5205 emus,
263 5137 490 5198 Anionis-itii.
503 5148 531 5197 et
546 5141 695 5199 Roswuin.
711 5138 745 5197 de
759 5141 878 5197 solenne
894 5145 917 5202 l)
932 5138 1044 5196 subdit:
1066 5138 1166 5206 «Item,
1177 5136 1265 5194 sancti
1281 5134 1449 5208 Sollempnis
1462 5132 1594 5206 episcopi.
1606 5155 1614 5178 ·
1628 5132 1734 5189 Desunt

75 5206 185 5265 habent
199 5217 326 5282 utsupra
340 5210 474 5268 diximus.
491 5211 544 5268 Sed
557 5213 586 5268 in
602 5211 748 5284 Rosweyd.
764 5218 879 5284 praster-
935 5210 1041 5282 reliqna
1059 5209 1163 5265 omnis.
1403 5276 1409 5287 ,
1600 5272 1646 5284 Η
1746 5275 1747 5278 ¹

77 5295 110 5334 ca
121 5279 258 5338 additur:
281 5281 331 5337 «lii
346 5283 511 5340 monasterio
527 5283 684 5352 Glestiensi,
698 5282 786 5340 sancti
802 5281 879 5340 Ceol·
971 5278 1732 5357 Aururne.etldix.-Lusucemittuntannuntiahqmm

78 5350 159 5408 iridi.
175 5375 185 5400 ι
933 5351 1062 5415 Aunurii,
1078 5361 1104 5409 et
1115 5349 1280 5407 recteetiani
1292 5348 1439 5405 Schmun.
1455 5346 1506 5403 Pro
1517 5345 1734 5420 Atecandmpi·

115 5423 280 5482 llsnuuiiiiis.
300 5423 421 5483 secundo
435 5427 496 5484 loco
512 5425 652 5497 proprium
667 5424 782 5481 inserit:
803 5424 880 5480 «Eo-
932 5423 1012 5492 scopi,
1033 5429 1142 5494 ponunt
1156 5419 1308 5478 Alexandri
1322 5435 1410 5491 papie.

174 4091 303 4142 Ambisna
321 4094 397 4143 micat
415 4093 529 4145 Firmino
549 4103 659 4160 martyre
672 4094 770 4159 plebes.

80 5491 142 5549 dem
173 5495 231 5564 die,
254 5498 342 5553 sancti
361 5497 493 5570 Principii
525 5497 729 5553 Suessionensie
743 5495 877 5569 episcopi,
968 5493 1064 5550 Bnuin.
1079 5492 1162 5549 etiam
1189 5492 1254 5563 legit
1280 5488 1533 5561 Aleccndripnpcc,
1555 5487 1627 5546 etin
1651 5487 1731 5548 fine:
1837 5496 1841 5507 ’

80 5565 175 5623 fratris
194 5567 268 5624 beati
293 5568 452 5642 Remigii·
487 5570 518 5625 ln
545 5568 611 5639 fine,
632 5569 667 5625 de
695 5569 824 5636 solemne,
847 5574 879 5623 nt
940 5567 1036 5622 «Item
1049 5564 1136 5621 sancti
1154 5562 1288 5621 Solemnii
1300 5560 1434 5643 episcopi,
1445 5581 1459 5611 u
1472 5562 1559 5618 altera
1573 5559 1662 5619 editio
1676 5561 1731 5619 dis·

81 5652 177 5706 ⁸¹19ss-
932 5637 1048 5695 tinctins
1060 5635 1146 5708 legit:
1170 5658 1179 5683 ι
1196 5634 1264 5690 Item
1281 5633 1397 5698 blesis»
1418 5639 1472 5690 etc.

115 5707 285 5776 Pausaniam,
295 5709 324 5766 in
334 5710 499 5783 primasetis
531 5711 646 5780 urus,in
658 5709 778 5770 secunda
793 5718 878 5768 trun·
967 5707 1210 5774 Aurunca-hias,
1227 5705 1353 5785 heines.
1373 5714 1400 5761 ct
1414 5704 1566 5787 horesius.
1582 5705 1727 5787 scribunt:

82 5781 272 5855 antelogium,
288 5789 315 5839 et
330 5789 396 5840 tuuc
417 5783 485 5839 imm
523 5785 577 5841 iate
604 5799 667 5842 cuin
690 5781 878 5856 superioribus
932 5780 1082 5839 Alexandri
1093 5794 1187 5852 pspc;
1212 5782 1345 5833 omittunt
1360 5776 1489 5845 Anucrn,
1507 5783 1535 5834 et
1549 5777 1649 5835 ultimo
1668 5775 1730 5833 loeo
