3834 6136
127 235 180 290 sto

822 228 975 287 USUARDI
994 230 1154 289 MONACHI

1726 230 1777 290 sto

163 356 254 412 Tertia
267 352 494 412 commemoratio
508 351 656 423 purissime
672 352 773 407 iterum
784 352 930 410 Adoniana
942 359 968 417 A
981 356 1206 411 austremonium
1220 356 1474 422 claromontanum,
1485 354 1641 411 Martialem
1653 354 1778 412 Lemovi-

126 436 177 497 est,
202 427 225 483 si
245 441 299 480 non
321 425 355 480 ad
378 424 503 489 verbum,
526 423 621 477 saltem
651 421 684 476 ad
714 439 809 480 omnes
831 442 927 480 sensus

126 493 218 569 apices
230 495 264 553 ab
281 494 404 552 Usuarrlo
419 503 600 564 transumpta.
616 493 727 548 Nullam
744 503 845 550 certain
857 505 927 551 aeta-

126 577 183 624 tem
209 569 323 622 Gotiono
347 565 500 621 Turonensi
528 563 680 635 assignavit
711 564 796 632 aldo,
822 568 926 621 nullam

127 638 278 705 Usuardus,
295 636 346 692 bao
367 638 425 692 sola
446 635 583 707 praecipua
607 633 666 706 ejus
688 634 769 690 laude
791 637 925 705 contenti,

147 710 202 765 uod
212 708 342 765 Ecclesia
356 707 433 761 illius
445 707 551 777 priores
560 706 696 786 episcopos
706 705 805 773 fuerat,
816 707 850 761 ob
864 708 928 762 urbe

127 725 213 837 zona
227 779 349 834 directos.
366 777 500 848 Tempora
515 776 628 832 Fabiani
644 776 785 847 pontilicis
801 778 868 832 satis
882 793 927 849 ap·

128 851 216 930 posite
245 848 441 920 Martyrologio
469 848 593 904 Romano
624 846 741 902 inseruit
768 847 927 914 Batonius,

128 921 212 993 idque
226 936 260 975 ex
277 919 408 1044 GreXorio
423 917 576 973 Turonensi
592 917 672 972 facile
691 917 850 974 confirmari
892 935 928 973 o-

129 999 191 1057 test,
207 999 238 1046 ut
245 999 321 1046 osten
345 989 572 1044 rtTillemontius
583 997 657 1042 torno
671 988 718 1054 lV,
731 1003 791 1061 pag.
804 989 866 1044 723.
902 997 928 1045 st

129 1077 160 1116 ea
175 1060 257 1116 bodie
270 1060 441 1115 eruditorum
458 1059 600 1114 Gallorum
611 1059 859 1140 receptioropinio,
872 1076 928 1115 nou

128 1133 212 1187 semel
239 1132 268 1185 in
292 1130 369 1186 Actis
383 1129 484 1185 nostris
501 1136 614 1197 asserta,
631 1144 728 1200 nempe
762 1145 845 1184 rnnos
864 1131 928 1186 illos

129 1201 282 1258 Galliarum
305 1201 451 1272 apostolos,
472 1200 618 1257 Gatianum
635 1199 709 1255 hunc
751 1210 926 1269 aronensem,

129 1271 310 1343 Trophimum
339 1271 538 1339 Arelatensem,
566 1271 682 1326 Paulum
710 1270 927 1338 Narbonensem,

128 1342 309 1399 Saturninum
333 1342 511 1412 Tolosanum,
541 1341 707 1414 Dionysium
735 1343 928 1412 Parisiensem,

981 442 1088 482 oensem
1098 428 1221 499 aliosque
1238 426 1271 482 ad
1286 425 1381 481 eadem
1396 424 1614 496 isrmetempora
1631 426 1776 497 pertinere.

982 498 1076 552 Videri
1092 507 1206 587 possunt
1216 498 1380 570 Bosqnetus,
1392 511 1448 550 nou
1462 495 1500 552 ita
1510 496 1618 568 pridem
1628 512 1644 550 a
1654 497 1776 554 nobissi-

983 578 1065 635 tatns,
1081 567 1215 624 braissins
1233 569 1336 640 aliique
1356 566 1455 637 passim
1476 566 1505 621 in
1523 566 1654 622 eamdem
1668 575 1777 624 senten

982 638 1047 693 tiam
1063 655 1097 693 cx
1112 639 1242 708 Gregorio
1252 636 1416 703 Turonensi,
1432 637 1499 693 locis
1512 637 1662 693 eBarouio
1677 639 1777 706 citatis,

981 709 1179 780 conspirantes.
1191 709 1344 765 Doleudum
1360 715 1401 762 est
1410 707 1486 762 nulla
1494 715 1549 763 um
1561 707 1685 764 illustris
1695 712 1776 767 sancti

981 780 1059 847 Acta,
1077 795 1136 851 quae
1155 796 1203 851 ego
1217 779 1328 851 quidem
1344 777 1472 844 viderim,
1493 794 1648 849 superesse.
1670 779 1777 852 Supple·

982 849 1051 904 bunt
1071 866 1130 922 quae
1149 866 1184 905 ex
1204 851 1312 906 laudato
1337 848 1479 919 Gregorio,
1508 856 1569 904 tum
1594 866 1632 905 ex
1656 850 1777 909 Historia

981 921 1147 975 Francorum
1170 921 1251 977 initio
1271 930 1298 976 et
1319 919 1383 987 line,
1399 934 1517 989 quorum
1533 922 1679 992 praecipua
1697 920 1777 978 edidit

981 990 1095 1057 Surius;
1111 1000 1169 1046 tum
1187 1008 1221 1047 ex
1237 990 1331 1049 Gloria
1351 989 1557 1058 Confessorum
1579 1007 1612 1047 oa
1636 991 1677 1047 ‚lv
1697 1000 1725 1048 et
1738 993 1776 1062 3⁰,

982 1062 1146 1116 autaliunde
1156 1078 1206 1117 suo
1216 1071 1270 1118 tem
1291 1078 1337 1117 ore
1347 1059 1441 1131 colligi
1453 1071 1595 1132 poterunt.
1608 1008 1776 1120 gastellauus

982 1131 1091 1187 Gatiani
1112 1132 1218 1187 obitum
1242 1078 1324 1188 refert
1346 1131 1381 1187 ad
1402 1146 1506 1212 aunum
1531 1132 1597 1201 289,
1624 1133 1702 1206 quod
1720 1141 1777 1191 tuuc

982 1202 1064 1258 etiam
1080 1203 1221 1273 operosius
1230 1202 1442 1258 examinabitur.
1460 1202 1531 1259 Vide
1543 1205 1672 1260 notulam
1681 1204 1776 1263 lietbe-

983 1273 1019 1328 rii
1030 1273 1065 1328 ad
1080 1273 1155 1329 bunc
1173 1273 1260 1330 diem.

856 1491 1049 1552 auctuum.

164 1619 323 1676 Teuranus.
333 1617 450 1690 primam
457 1616 696 1673 annuntiationem
696 1617 832 1741 producit
841 1633 927 1690 usque

129 1690 163 1747 ad
176 1689 291 1760 fundato
300 1695 345 1744 est.
359 1689 391 1743 ln
404 1687 523 1743 secunda
537 1703 622 1759 purus
634 1695 683 1743 est.
719 1704 783 1743 um:
800 1689 928 1744 Grecicoi

128 1762 242 1833 episcopi
253 1767 277 1815 et
290 1758 456 1828 contessoris,
471 1773 525 1812 uon
539 1758 621 1813 ultra.

163 1849 293 1904 llosvuo.
310 1847 399 1901 textui
414 1846 480 1901 satis
495 1861 564 1917 puro
576 1845 753 1917 superaddit:
775 1872 784 1895 ι
800 1849 830 1903 ln
845 1845 929 1901 Allri·

128 1935 170 1985 ca,
186 1917 330 1988 Rogatiani
346 1917 475 1986 martyris
490 1923 517 1971 ct
530 1916 648 1971 aliorum
664 1933 751 1972 xxxv.
764 1919 875 1972 Auceias
886 1933 926 1972 re·

128 1989 169 2058 gis
182 1996 207 2042 et
223 1986 365 2056 martyris,
381 2002 444 2040 cum
458 1986 521 2041 aliis
537 2002 618 2041 xvrn.
634 1987 766 2043 Honorati
782 1987 925 2057 martyris,

127 2073 190 2113 curn
205 2056 268 2112 aliis
277 2073 357 2110 xxxv.
370 2080 379 2101 ι
400 2055 470 2111 Vide
481 2056 708 2129 Hieronymiana,
721 2057 860 2130 inquibus
871 2058 926 2113 Au·

128 2128 201 2185 ceias
213 2143 270 2182 uon
280 2128 362 2183 semel
376 2127 498 2199 ponitur.

163 2217 316 2272 Pousanuu.
345 2215 422 2271 deest
442 2215 542 2287 prima,
567 2216 596 2270 in
619 2216 740 2272 secunda
767 2233 852 2288 purus
875 2223 925 2272 est.

128 2288 214 2344 Tum:
239 2312 248 2333 ι
261 2286 366 2343 Eodem
378 2286 433 2354 die,
446 2287 544 2342 natalis
557 2293 658 2342 sauotae
669 2287 825 2343 Anatboliaa
835 2288 927 2358 virgi-

127 2360 181 2427 nis,
199 2374 259 2430 quae
274 2359 356 2413 simul
371 2374 434 2413 cunr
449 2357 528 2412 beata
543 2357 667 2413 Victoria
680 2358 863 2429 convirginali
879 2373 928 2413 sua

127 2438 168 2486 est
179 2429 386 2501 comprehensa,
399 2445 430 2484 ac
443 2427 495 2483 sub
508 2428 591 2483 Decio
606 2429 730 2499 principe
742 2429 875 2500 martyrio
883 2445 926 2485 co·

127 2510 225 2557 runata
239 2507 315 2555 est.»
337 2498 514 2555 Ariatholiam
536 2499 626 2569 signat
645 2500 785 2556 Usuardus
805 2517 834 2555 rx
848 2500 926 2563 Julii,

127 2569 281 2628 Victoriam
310 2587 382 2624 xxur
411 2570 593 2636 Deceurbris;
622 2570 685 2624 vide
715 2571 927 2628 Observationes

127 2649 245 2712 utroque
254 2638 308 2693 die.
318 2639 555 2712 Sequiturultima
565 2641 742 2698 auriuntiatio
752 2641 924 2698 abbreviata:

134 2735 143 2759 ι
158 2710 288 2777 Turonis,
300 2710 387 2766 sancti
402 2709 526 2766 Gratiani
537 2711 669 2781 episcopi.
686 2736 694 2758 ι

162 2798 306 2853 munuca.
322 2806 349 2851 et
363 2797 555 2876 Max-Lusus
573 2798 662 2877 prima
676 2806 703 2854 et
715 2801 837 2880 secunda
849 2818 925 2882 purae

127 2876 202 2923 suut.
221 2869 285 2922 Haec
299 2875 339 2922 est
355 2874 435 2922 tertia
448 2885 473 2921 :·
489 2869 618 2936 Turonis,
634 2878 720 2924 sancti
732 2873 856 2928 Gratiani
871 2873 926 2944 epi·

126 2955 213 3010 tlcopl.
230 2962 239 2985 ι

162 3028 339 3086 Caninium:
362 3047 371 3070 ι
387 3027 490 3091 Rornae,
510 3033 610 3082 sauctae
626 3028 781 3083 anatholie
797 3028 923 3098 virginis,

126 3115 186 3171 quae
209 3099 292 3154 simul
315 3112 378 3152 cnm
397 3096 476 3151 beata
500 3097 633 3166 Victoria,
660 3099 842 3169 convirginali
865 3115 923 3168 sua,

126 3170 333 3241 comprehensa,
359 3184 390 3222 ac
403 3168 454 3222 sub
467 3168 551 3224 Decio
565 3185 664 3225 caesare
678 3171 854 3242 martyrizata
873 3178 924 3228 est.

1018 1620 1160 1674 Bicornn.
1175 1617 1198 1674 si
1240 1662 1246 1674 .
1262 1618 1295 1672 D.
1307 1617 1340 1674 9:
1365 1643 1374 1664 ι
1388 1616 1492 1673 Eodem
1511 1616 1571 1682 die,
1584 1615 1676 1672 sancti
1695 1617 1777 1677 Flavii

981 1688 1155 1745 confessoris.
1173 1714 1182 1737 ι
1228 1687 1282 1744 aud
1298 1687 1380 1744 dubie
1394 1704 1444 1760 pro
1454 1688 1567 1744 Flooits'.

1017 1760 1175 1815 Aureum:
1208 1783 1217 1806 ι
1240 1758 1345 1815 Eodem
1360 1759 1417 1825 die,
1433 1759 1520 1816 sancti
1536 1757 1704 1816 Wiuebaldi
1721 1777 1778 1818 cou-

981 1830 1100 1886 iessoris.
1117 1855 1126 1877 ι
1148 1832 1188 1886 lle
1202 1845 1296 1886 sorore
1311 1829 1374 1885 vids
1389 1848 1398 1885 ι
1412 1831 1487 1898 blaii,
1502 1839 1556 1887 eto.
1643 1861 1646 1867 ·

1016 1903 1185 1956 Froneurru.
1202 1899 1305 1956 habent
1320 1910 1459 1972 utsupra:
1484 1925 1493 1948 ι
1509 1901 1537 1958 S.
1554 1902 1717 1960 Auatboliae
1730 1903 1778 1959 vir·

981 1971 1062 2042 ginis,
1086 1987 1146 2042 quae
1170 1972 1253 2027 simul
1272 1987 1335 2027 cum
1355 1971 1434 2028 beata
1453 1971 1581 2029 Victoria
1597 1973 1781 2046 convirginali

981 2059 1030 2097 sua
1044 2049 1085 2097 est
1099 2041 1297 2113 comprehensa
1310 2058 1342 2098 ac
1352 2042 1403 2098 sub
1413 2042 1496 2099 Decio
1508 2044 1641 2116 principe
1651 2045 1779 2117 martyrio

980 2122 1118 2168 coronata.
1134 2114 1200 2168 ltern
1217 2113 1304 2168 sancti
1320 2113 1427 2170 Catiani
1442 2115 1565 2186 episcopi
1579 2123 1609 2171 et
1624 2116 1773 2189 martyria.»

981 2184 1051 2238 Puto
1067 2183 1210 2237 Gotiooom
1224 2183 1353 2252 indicari,
1366 2185 1412 2256 qui
1430 2185 1525 2241 luxato
1539 2186 1659 2243 nomine
1673 2188 1704 2244 in
1716 2203 1779 2244 mar·

959 2299 961 2302 .
982 2263 1070 2326 tyrem
1086 2255 1298 2310 transformatus
1314 2255 1360 2310 sit.

1017 2326 1139 2381 Drusus.
1151 2324 1198 2381 SS.
1212 2325 1282 2380 Tim.
1299 2333 1325 2380 ct
1338 2326 1430 2397 Apoll.
1446 2327 1528 2383 aliter
1543 2331 1692 2386 enuntiat:
1713 2330 1778 2386 ‹lir-

981 2395 1066 2477 ronis,
1091 2395 1179 2450 sancti
1207 2395 1324 2465 Tatiani,
1354 2398 1437 2468 primi
1465 2398 1589 2470 ejusdem
1624 2401 1704 2458 urbis
1730 2401 1779 2474 epi·

982 2482 1111 2593 scoEpriitio
1136 2536 1337 2618 busaeo-Coa,
1359 2537 1387 2592 in
1410 2546 1488 2595 textu
1512 2541 1581 2597 satis
1604 2557 1686 2613 pura,
1710 2543 1780 2601 addis

981 2608 1014 2664 de
1029 2608 1187 2674 Anatbolra,
1204 2616 1268 2676 etc,
1284 2616 1316 2663 ut
1327 2626 1384 2679 pam
1395 2612 1542 2667 uonseniel
1552 2627 1640 2684 supra
1647 2613 1778 2672 dedimus

981 2680 1050 2735 Turn
1063 2698 1069 2735 :
1094 2704 1102 2726 ι
1118 2679 1222 2734 Eodem
1237 2679 1292 2747 die,
1304 2681 1390 2736 sancti
1402 2681 1480 2737 Pauli
1490 2681 1636 2755 Simplicis
1647 2685 1780 2742 confesso

980 2750 1029 2819 ris,
1047 2749 1176 2822 discipuli
1196 2749 1268 2805 beati
1294 2751 1408 2807 Antonii
1436 2752 1553 2809 abbatis.
1585 2754 1621 2810 lu
1644 2756 1780 2814 territorio

979 2821 1155 2894 Eystedensi,
1170 2822 1257 2877 sancti
1275 2821 1429 2878 Wiuihaldi
1443 2823 1551 2880 abbatis
1565 2834 1595 2882 et
1605 2826 1779 2897 coulaesoris,

980 2893 1072 2948 fratris
1087 2900 1243 2948 sauctorum
1258 2892 1418 2949 Willebaldi
1432 2895 1567 2967 episcopi,
1580 2906 1609 2953 et
1625 2898 1730 2955 Walbu
1759 2918 1779 2956 a

980 2963 1105 3034 virginis.
1130 2963 1249 3019 Castello
1263 2963 1444 3020 Confluentis
1459 2968 1606 3023 translatio
1619 2969 1710 3026 sancti
1723 2971 1777 3026 Fo-

979 3033 1032 3088 rini
1048 3033 1200 3104 presbyteri
1211 3043 1238 3088 et
1253 3034 1427 3090 confessoris.
1443 3062 1452 3085 ι

1014 3104 1121 3171 Burin,
1137 3104 1166 3159 in
1182 3104 1269 3175 prima
1286 3115 1312 3160 et
1326 3106 1445 3161 secunda
1459 3108 1525 3163 satis
1539 3123 1640 3189 purus,
1658 3110 1688 3166 in
1703 3113 1778 3169 tertia

979 3174 1079 3229 similis
1093 3184 1133 3230 est
1147 3177 1302 3242 Aurorae,
1325 3184 1377 3232 etc.
1396 3178 1490 3233 Altera
1504 3178 1595 3236 editio
1614 3181 1652 3238 ad
1670 3184 1778 3255 episcopi

126 3242 157 3297 ln
180 3240 284 3306 Africa,
303 3238 392 3294 sancti
410 3239 541 3310 Moysetis
562 3241 691 3312 martyris
723 3266 732 3288 ·
755 3243 785 3296 ln
807 3240 924 3297 Gatiano
978 3243 1055 3300 addit
1067 3245 1149 3315 primi
1159 3246 1273 3300 civitatis
1287 3247 1380 3316 ipsias.
1404 3248 1529 3305 «Eodem
1544 3250 1605 3319 die,
1620 3254 1712 3310 sanai
1725 3256 1778 3311 Fla-

125 3313 206 3367 etiam
223 3312 288 3392 satis
303 3325 388 3390 purus
402 3317 453 3364 est.
469 3311 508 3365 De
523 3311 613 3381 prima
630 3311 841 3369 annuntiatione
861 3311 922 3368 Ruti
940 3286 961 3347 G

125 3391 152 3438 ct
164 3382 266 3438 Zosimi
282 3381 353 3436 nibil
368 3380 461 3437 habet.

159 3471 353 3533 Bnuxanarrn„
369 3470 398 3523 in
413 3469 501 3539 prima
515 3470 581 3525 satis
596 3487 691 3542 purus,
703 3470 815 3526 subdit:
839 3471 923 3527 «Lao

124 3542 214 3607 dicia,
231 3541 321 3594 natale
331 3546 488 3593 sauctorum
505 3548 658 3612 martyrum
669 3541 827 3596 Tbeothimi
837 3552 864 3598 et
873 3543 923 3599 Ba·

125 3611 228 3666 sillani.
245 3635 254 3656 ·
271 3609 441 3687 Sequiturde
452 3610 651 3681 quinquaginta
663 3611 831 3681 martyribus
841 3614 924 3668 Eleu·

124 3678 337 3749 theropolitanrs
351 3694 386 3732 ex
400 3677 445 3731 die
460 3680 635 3747 praecedeuti.
651 3679 736 3735 Tum:
757 3681 806 3736 «ln
818 3683 921 3739 Africa·

125 3748 216 3829 passio
224 3755 382 3802 sanctorum
394 3747 535 3817 bloysetis,
550 3748 681 3814 Victoris,
693 3750 855 3819 Victoriani,
868 3753 922 3809 nd-

122 3818 235 3891 Jntoris,
251 3817 394 3884 Honorati,
410 3817 520 3884 Felicis,
539 3817 677 3872 Vincentii
694 3820 852 3876 stallorum
875 3823 923 3877 vi-

126 3890 195 3961 ginti
206 3889 301 3943 trium.
314 3887 683 3951 comarumcomarum
695 3890 860 3959 Anthonini,
872 3893 923 3947 lle·

126 3959 201 4015 renei
224 3966 252 4012 et
275 3955 419 4011 Theodoli.
440 3956 507 4010 ltein
529 3958 618 4012 natale
636 3966 793 4014 sanctoruni
814 3964 921 4032 Quinti,

126 4028 274 4098 Simplicii,
291 4026 380 4094 Pauli,
396 4027 500 4081 Privati
516 4036 542 4083 et
556 4028 710 4085 ianuarii.»
731 4032 774 4085 Hx
790 4033 923 4104 Hierony·

126 4098 227 4153 mianis
255 4097 330 4152 varie
357 4097 468 4153 collecti
495 4107 569 4153 sunt.
601 4100 653 4154 Pro
685 4102 795 4156 (lationi
826 4104 923 4159 scribit

130 4169 250 4226 Tocicni.
274 4169 314 4224 De
336 4176 435 4224 caetero
458 4169 636 4224 annuntiatio
654 4172 719 4227 satis
736 4189 803 4244 pura
822 4183 871 4230 est.
891 4176 922 4230 ln

126 4239 181 4296 fine
193 4257 199 4293 z
224 4239 344 4294 «Eodem
353 4239 407 4301 die,
418 4239 507 4294 natale
522 4248 622 4296 sanctas
634 4243 783 4299 anatholes
794 4245 921 4316 virginis,

126 4327 186 4383 quas
200 4310 282 4365 siruul
298 4325 361 4365 cum
377 4310 455 4365 beata
466 4310 591 4365 Victoria
600 4314 783 4384 convirginali
796 4332 845 4371 sua
854 4325 922 4372 tem·

125 4397 191 4454 pore
206 4381 280 4436 Decii
292 4379 431 4507 θιίιιοιρίε
445 4381 642 4461 comprehensa
656 4392 683 4439 et
697 4387 832 4458 martyrio
846 4403 922 4443 coro-

125 4460 189 4507 nata
200 4459 250 4507 cst.
265 4477 273 4500 ι
319 4451 363 4507 ide
376 4468 436 4523 quae
449 4450 572 4508 daminus
585 4453 619 4508 ad
635 4454 792 4513 Puusaneu.

161 4550 341 4605 Hauunovan.
361 4549 488 4620 incipito
504 4552 683 4607 translatione
704 4555 921 4627 sancti-Ignatii,

125 4621 192 4675 satis
211 4635 286 4690 pure.
304 4617 373 4674 Vide
388 4627 495 4675 textum
512 4621 681 4678 hesternum.
697 4624 842 4697 Sequitur:
866 4629 957 4693 «Ino

126 4690 283 4760 Eystatonsi
298 4690 447 4757 territorio,
468 4692 555 4746 sancti
571 4693 728 4749 Winebaldi
744 4702 771 4750 et
787 4696 922 4768 Walpur-

126 4775 166 4838 gas
188 4758 291 4813 confes.
317 4759 427 4828 glorios.
453 4761 483 4814 ln
511 4762 595 4828 Salsa,
624 4773 724 4820 sanctae
753 4766 921 4839 Adelbeydis

126 4829 318 4909 imperatricis.
336 4853 345 4874 »
372 4828 439 4883 Tum
457 4832 534 4900 pouit
548 4835 787 4891 annuntiationem
803 4839 920 4908 primam

125 4907 191 4955 satis
206 4915 282 4969 pure,
299 4899 354 4954 nisi
367 4900 439 4970 quod
453 4901 573 4956 scribat:
597 4928 606 4949 ι
622 4903 694 4972 llufi,
713 4905 814 4974 llutini,
831 4918 858 4964 et
871 4911 920 4966 Zo-

124 4971 226 5026 simi.»
250 4971 279 5026 lu
304 4970 426 5041 lloysete
449 4977 475 5024 ct
498 4970 624 5040 Gatisuo,
641 4977 708 5030 satis
728 4976 807 5032 benc.
829 4978 917 5036 Tum:

130 5064 140 5089 ι
163 5043 194 5097 Ιιι
218 5040 330 5097 Oriente
344 5057 359 5095 a
379 5041 417 5096 ud
430 5041 642 5113 Eleutropolinr,
658 5070 667 5091 .
693 5055 759 5114 etc,
774 5056 805 5103 ut
820 5050 917 5119 pridie.

123 5113 259 5168 Domum:
283 5113 329 5166 «E
367 5128 410 5167 em
434 5111 489 5181 die,
514 5114 602 5171 sancti
624 5116 725 5174 Flaviti
747 5120 868 5192 episcopi
892 5132 921 5178 et

123 5182 289 5239 confessoris
304 5182 449 5254 depositio.
467 5209 475 5230 ι

158 5279 634 5337 narare.-cisros.-Utrmrecr.:
667 5307 675 5328 ι
701 5285 762 5341 llnti
787 5292 814 5340 et
837 5287 918 5343 Zosi-

123 5347 172 5414 mi,
197 5352 244 5421 qui
260 5352 289 5405 in
305 5351 447 5422 primitiva
461 5352 585 5408 Ecclesia
602 5353 765 5410 floruerunt.
786 5357 831 5412 Mo
852 5357 918 5414 setis

122 5421 261 5540 ffariyris'
287 5423 393 5477 Tatiani
417 5421 585 5479 Turonensis
605 5426 761 5496 episcopi.»
784 5427 819 5481 Vi
840 5429 917 5485 eVa·

138 5500 183 5539 ran
196 5503 234 5542 es.

979 3316 1031 3370 viti
1046 3315 1197 3387 presbyteri
1212 3324 1238 3370 et
1252 3318 1426 3373 confessoris.
1442 3343 1450 3366 ι

1013 3386 1139 3441 Ganvan.
1156 3387 1243 3442 multa
1257 3386 1337 3443 babet
1351 3405 1385 3444 ex
1401 3389 1642 3462 Hieronymianis.
1662 3394 1773 3452 ‹Laodi-

977 3456 1153 3524 decivitate,
1171 3457 1270 3512 natalis
1284 3466 1441 3515 sanctorum
1453 3460 1584 3517 Thetaini
1600 3465 1775 3522 etBasitiani.

978 3528 1058 3608 Apud
1068 3527 1227 3599 aphricam,
1238 3536 1395 3584 sanctorum
1406 3531 1512 3597 Quinti.
1524 3533 1683 3606 Simplicii,
1694 3537 1775 3604 Pauli,

977 3598 1117 3665 Victoriae,
1134 3600 1247 3666 Privati,
1263 3598 1406 3667 ceciliani,
1421 3602 1515 3657 Evasi.
1531 3604 1605 3660 ltem
1622 3617 1776 3665 sauctorum

976 3668 1069 3738 Digni,
1087 3668 1246 3749 bodegisili
1268 3670 1411 3738 Honorati,
1436 3688 1499 3729 cum
1518 3674 1586 3730 aliis
1603 3676 1731 3760 triginta.
1749 3679 1775 3734 ln

976 3739 1107 3809 Aphrica‚
1119 3740 1260 3810 Rogatiani
1269 3741 1409 3812 martyris,
1420 3750 1448 3798 et
1456 3743 1577 3801 aliorum
1589 3746 1710 3821 triginta
1723 3765 1773 3806 sex.

976 3810 1044 3864 ltem
1059 3817 1215 3865 sauctorum
1228 3820 1379 3883 martyrum
1392 3814 1499 3870 Auceiae
1514 3816 1772 3888 regisberburorum

976 3886 1003 3934 et
1024 3880 1114 3936 Lucia
1130 3880 1254 3951 virginis.
1272 3882 1324 3949 Qui
1339 3881 1467 3954 Aucsias,
1483 3901 1549 3942 cum
1564 3887 1685 3946 Luciam
1700 3889 1771 3963 virri-

977 3965 1039 4004 nevn
1063 3951 1213 4007 ltomananr
1229 3961 1336 4024 captam
1356 3954 1459 4010 violare
1479 3956 1576 4023 vallet,
1595 3958 1700 4018 divino
1712 3970 1772 4018 nutu

976 4030 1168 4091 compunctus,
1185 4025 1304 4078 maxime
1315 4025 1440 4080 venerari
1451 4027 1588 4097 empit,ac
1600 4031 1771 4154 postmodum

976 4108 1039 4147 cum
1054 4093 1112 4164 ipsa
1127 4093 1400 4218 Rornaerolectus
1417 4098 1545 4168 martyrii
1562 4115 1598 4170 pa
1612 4118 1688 4158 marn
1703 4101 1772 4174 adep·

977 4168 1021 4217 tus
1033 4171 1083 4229 est,
1099 4178 1161 4218 cunr
1175 4163 1236 4218 aliis
1267 4163 1403 4232 uodecim,
1413 4167 1459 4239 qui
1469 4173 1537 4223 tuuc
1552 4184 1603 4240 pro
1618 4170 1772 4229 fideiuttr·

976 4248 1037 4288 cere
1051 4233 1223 4288 tenebantur.
1242 4233 1297 4288 Hos
1312 4234 1453 4292 Usuardus
1467 4236 1552 4293 habet
1566 4256 1634 4309 vrri,
1650 4243 1700 4299 alii
1715 4257 1770 4299 vero

976 4319 1016 4356 vn
1035 4302 1151 4358 Kalend.
1174 4303 1251 4359 iulii.
1267 4305 1329 4376 lpso
1349 4305 1564 4364 dissecandum
1586 4311 1705 4370 Catbalo
1738 4329 1769 4377 m,

977 4373 1063 4428 sancti
1072 4372 1253 4445 Hildephcnsi
1261 4376 1460 4450 archiepiscopi
1468 4379 1607 4437 Toletani.
1619 4383 1676 4451 Qui
1684 4401 1713 4440 re
1725 4385 1770 4439 icto

977 4444 1070 4499 seculo
1085 4445 1211 4501 monachi
1227 4444 1351 4501 habiturn
1360 4463 1511 4515 assumens,
1524 4452 1641 4510 eximiae
1652 4454 1768 4511 sanctita·

976 4514 1012 4569 tis
1029 4515 1135 4582 merito,
1152 4515 1349 4589 archiepiscopi
1365 4517 1497 4574 honorem
1512 4520 1634 4594 adeptus
1648 4532 1689 4581 est
1700 4543 1708 4592 ς
1718 4533 1769 4580 tau·

977 4585 1093 4664 denique
1105 4588 1208 4642 sanctis
1231 4587 1360 4659 operibus
1375 4589 1482 4669 plenus,
1499 4589 1623 4649 feliciter
1637 4594 1767 4667 migrarit,

975 4654 1020 4710 die
1035 4671 1089 4727 quo
1104 4656 1203 4713 festum
1217 4658 1342 4729 gloriosas
1357 4659 1474 4732 virginis
1489 4661 1585 4719 llariae
1596 4663 1768 4736 (cniipsede

976 4726 1136 4782 votissimus
1149 4729 1218 4797 erat)
1239 4727 1269 4783 in
1284 4730 1398 4786 ecclesia
1420 4746 1469 4786 sua
1482 4732 1528 4804 agi
1542 4736 1696 4803 constituit,
1718 4734 1767 4789 boo

975 4802 1015 4850 est
1030 4796 1074 4850 die
1088 4807 1185 4852 octavo
1200 4807 1262 4853 ante
1273 4801 1446 4856 nativitatem
1461 4801 1579 4860 Christi.
1590 4804 1704 4863 Hsuriui
1713 4804 1766 4876 epi·

975 4866 1059 4937 scopi.
1077 4867 1108 4921 lu
1123 4868 1263 4937 Hibernia,
1283 4871 1448 4926 Flamianie
1468 4872 1567 4954 iscopi.
1583 4876 1618 4932 In
1635 4875 1766 4933 territorio

974 4936 1148 5017 Eystadensi,
1165 4940 1252 4995 sancti
1268 4940 1421 4998 Winibaldi
1436 4887 1545 5000 abbatis
1557 4953 1585 5002 et
1598 4946 1764 5012 eoulworb,

975 5007 1067 5063 fratris
1088 5016 1245 5065 sanctorum
1268 5011 1412 5068 Wilibaldi
1427 5012 1551 5095 episcopi
1569 5024 1599 5072 et
1618 5017 1763 5096 walburga

974 5077 1100 5149 virginis.
1123 5080 1226 5135 Eodem
1249 5080 1305 5147 die,
1331 5083 1408 5138 Pauli
1429 5082 1572 5156 Simplicis
1596 5088 1761 5152 confessus,

973 5148 1103 5219 discipuli
1132 5150 1205 5206 beati
1231 5152 1356 5208 Anthoui
1381 5153 1500 5221 abbatis,
1524 5155 1606 5214 mirae
1631 5155 1759 5231 patientia

973 5227 999 5273 et
1022 5219 1186 5276 obedientia
1205 5222 1270 5277 viri.
1287 5223 1404 5280 Castello
1420 5224 1617 5298 Continentia,
1629 5225 1760 5286 translatio

972 5291 1060 5345 sancti
1083 5291 1187 5346 Florini
1210 5292 1363 5364 presbyteri
1378 5301 1404 5351 et
1418 5294 1596 5354 coufessoris.
1616 5296 1759 5355 Anatbolia

972 5361 1130 5440 virginiset
1150 5363 1289 5434 martyris,
1306 5379 1367 5436 quae
1379 5366 1463 5422 simul
1477 5381 1541 5423 cum
1555 5368 1638 5425 beata
1651 5364 1758 5428 Victorii

971 5431 1154 5502 mnvirprnali
1169 5450 1218 5488 sun
1232 5441 1284 5503 est,
1301 5459 1311 5481 »
1331 5443 1396 5505 etc,
1413 5443 1551 5510 utsupra.
1568 5438 1659 5497 Tum:
1675 5437 1757 5498 Hui·

971 5502 1054 5557 un'lbe
1066 5503 1187 5574 cirpinia.

840 5701 1050 5714 Ἦ-
