3834 6136
83 211 142 271 tm
620 213 939 276 uanrtnotocttttt.
960 247 997 264 -
1014 221 1120 278 MENS.
1143 222 1216 279 tue.
1700 226 1755 287 31⁰

86 334 249 419 Secenhee
262 332 374 408 aliquae
387 333 570 393 hiciictoris
620 352 660 465 pas
700 338 758 422 dmi
781 348 809 398 et
824 358 930 423 mer-p
949 336 1040 402 seneli
1060 345 1181 403 Victoris
1205 362 1290 420 pepe.
1320 348 1356 404 Et
1379 349 1467 406 sancti
1482 350 1636 408 iunocentii
1661 369 1747 428 papas.

84 417 264 539 Umquam
277 404 565 490 Usnardushabelxu
605 424 644 491 a...
680 412 894 496 erullonrmad
948 416 1057 475 huchue
1071 427 1171 486 castro,
1188 419 1276 474 sancti
1297 418 1358 475 Ursi
1380 419 1580 479 confessoris.»
1610 423 1748 484 Baetem

114 479 351 562 rsumtprleatum,
375 487 464 535 sancte
489 478 646 536 lnnocentn
671 499 746 554 papas
788 500 852 540 rrmt
867 495 895 543 et
947 488 1034 545 editio
1059 489 1152 571 prima
1177 491 1369 572 :posteriores
1394 491 1443 547 vix
1470 492 1539 565 quid
1560 511 1621 550 uam
1646 494 1748 554 habent

86 560 230 623 martyrae.
242 549 326 606 llunc
340 549 517 607 Usuarduset
527 551 588 607 Ado
599 550 701 610 habeut
711 571 740 610 vr
750 500 815 613 1an
823 557 893 614 llar-
948 560 1108 618 Usuardmi.
1121 560 1288 632 Incipiente
1302 562 1444 619 Samsone.
1457 563 1526 620 Tum
1539 510 1574 622 2,
1590 566 1746 639 Peregrina.

86 624 131 681 tii.
148 621 270 707 Dotvidi
282 623 425 703 martyris.
438 620 534 680 Castro
548 623 814 709 Lucas,sanctiUrsi
829 645 893 686 con·
947 631 1078 714 Sequitur
1093 640 1151 689 tota
1165 633 1344 690 annuntiatio
1356 634 1462 691 Nazarli
1479 642 1506 691 et
1519 636 1601 705 Celsi,
1614 647 1748 703 utsupra.

86 697 212 779 tesserae.
229 695 293 766 lpeo
307 691 364 775 dre,
379 701 482 776 sancte
495 697 771 779 ⁸deprecationum.
783 699 891 770 Traces,
947 703 1073 761 Deinde:
1096 705 1219 772 -llomre
1235 706 1334 762 natalis
1347 706 1434 762 sancti
1451 706 1573 764 Victoris
1587 726 1671 790 papae.
1682 708 1747 780 Qui,

184 774 226 822 tro
244 772 333 821 eancu
347 763 885 848 Camellani-eprecopretconlcseoris.·
947 775 1131 847 postbeetnm
1153 777 1264 833 Petrum
1284 777 1537 851 quintusdecimus
1569 781 1748 839 rextthcle-

146 854 232 895 naara
249 836 464 920 del’autaleone
477 839 540 893 alus
555 838 656 895 litteris
670 839 785 898 inserit:
805 843 892 900 ‹hiar-
947 847 1017 902 siam
1032 846 1245 916 annuisdecem,
1260 856 1287 904 et
1301 849 1352 904 snb
1364 848 1466 906 Severo
1479 850 1602 923 principe
1614 852 1748 935 martyrio

86 918 99 967 t
133 911 158 967 is
183 910 312 992 plonoer.
338 908 390 964 llic
403 918 526 991 sacratus
549 909 708 992 adolescens
736 923 763 969 et
789 913 893 970 athleta
946 926 1104 974 coronatur.
1117 920 1184 975 Item
1198 921 1301 987 Romae,
1314 919 1386 977 beati
1398 921 1554 979 iunocentii
1569 923 1740 994 pontilicis.»

109 983 202 1050 bristi,
218 996 285 1038 cnm
299 987 388 1036 artem
404 979 548 1037 medicinae
561 981 680 1038 disceret
693 983 729 1039 ab
744 982 892 1042 Hermolao
947 989 1107 1062 Hucusque
1121 998 1223 1060 textus,
1239 992 1284 1048 cui
1298 994 1369 1047 intra
1385 993 1569 1060 parenthesim
1583 994 1685 1051 litteris
1695 995 1746 1053 lta-

88 1054 261 1184 plrssbsseiro,
272 1051 307 1108 ad
320 1050 404 1108 ddenr
413 1051 515 1109 Christi
529 1069 691 1124 munerans,
708 1056 796 1111 multa
811 1057 891 1113 mira·
948 1059 1008 1116 licis
1024 1061 1171 1130 attexitur,
1185 1069 1210 1117 et
1224 1063 1361 1132 martyris.
1371 1065 1485 1121 Demum
1497 1066 1685 1136 prohnctario
1700 1065 1745 1123 ha·
1813 1122 1816 1128 .

217 1131 240 1180 t.
256 1122 312 1191 Qui
322 1130 417 1204 tantm
429 1138 479 1195 pro
494 1122 549 1206 lide
562 1124 677 1192 Christi,
693 1133 768 1183 etc.»
790 1127 820 1184 ln
836 1127 891 1185 fine
946 1130 1044 1188 betur:
1066 1156 1077 1179 ι
1093 1131 1201 1189 huchos
1219 1140 1321 1201 castro,
1348 1136 1436 1193 sancti
1453 1135 1513 1192 Ursi
1536 1137 1739 1197 contessoris.-

88 1205 147 1270 μη
162 1193 290 1263 .Celel,·
304 1193 418 1277 gadra:
436 1194 546 1276 siluere,
557 1211 639 1269 quem
649 1197 810 1280 dontinus»
824 1210 889 1270 etc,
946 1202 1049 1259 Locum
1063 1203 1170 1262 Gallice
1185 1205 1381 1271 interpretatur
1396 1206 1567 1266 Castellanus
1587 1225 1618 1267 m
1635 1210 1747 1282 blarty·

87 1284 173 1345 esqaa
187 1266 234 1337 sd,
257 1266 360 1323 «feren
373 1273 468 1338 puscet.
487 1288 497 1315 ι
519 1265 606 1324 Tum:
630 1269 716 1342 ‹lpec
730 1269 785 1339 dre,
801 1271 891 1344 passio
944 1274 997 1330 rol.
1010 1275 1171 1344 universali,
1186 1275 1312 1333 dboehee
1328 1294 1361 1332 en
1382 1279 1525 1349 Focrninc,
1544 1279 1639 1349 latine,
1653 1281 1743 1337 buch.

801 1411 1015 1428 ῃ

90 1469 125 1527 tv
139 1468 211 1527 Kal.
591 1518 597 1531 .
1634 1477 1684 1535 Die
1696 1477 1742 1536 29.

123 1561 220 1618 homae
233 1558 278 1614 uia
287 1556 410 1626 Maelo,
424 1556 527 1615 natabs
539 1557 614 1616 beati
629 1559 729 1641 Felicis
743 1576 828 1634 papea,
838 1562 886 1636 qni
896 1577 912 1616 a
922 1559 1227 1636 Constantiodupusto,
1242 1564 1279 1621 ob
1292 1563 1437 1623 catholica
1445 1564 1509 1622 tidei
1523 1564 1740 1623 detensionema
1756 1608 1759 1613 .

90 1646 154 1705 sede
167 1662 218 1704 sna
228 1643 348 1718 delectos
356 1652 385 1702 et
397 1645 491 1718 medio
505 1655 629 1717 nocetne,
645 1648 843 1720 gloriosissime
855 1650 997 1710 occubuit.
1008 1652 1076 1708 ltem
1092 1650 1137 1708 vie
1151 1654 1306 1723 Portnensi,
1320 1661 1477 1711 sanctornm
1499 1662 1653 1727 martyrum
1668 1656 1738 1713 Sim·

87 1737 174 1811 plicii,
190 1736 315 1794 Faustini
329 1744 357 1793 et
371 1735 513 1793 Beatricia.
530 1739 702 1810 temporibus
716 1739 895 1810 Diocletiani,
904 1743 1087 1816 quorumduo
1099 1752 1160 1816 post
1172 1745 1258 1800 multa
1272 1759 1304 1801 ac
1317 1744 1581 1817 diversasnpplicia‚
1590 1745 1660 1817 jussi
1669 1752 1735 1804 sunt

84 1825 229 1899 capitalem
243 1824 339 1885 subire
351 1826 528 1895 sententiam,
545 1827 658 1884 Deatrix
675 1843 752 1894 vero,
770 1845 849 1885 soror
862 1845 969 1901 eorum,
990 1831 1018 1888 in
1034 1831 1138 1890 Christi
1154 1833 1327 1890 confessione
1343 1832 1488 1904 praeiocata
1501 1840 1542 1889 est
1563 1837 1592 1891 in
1615 1850 1735 1892 carcere.

85 1913 227 1974 'Ciuitate
241 1914 353 1982 Treoua,
364 1914 451 1973 sancti
461 1913 532 1990 Lupi
543 1915 710 1974 confessoris
736 1919 783 1990 qui
798 1932 862 1975 oum
879 1919 961 1977 heato
973 1920 1110 1979 Germano
1125 1922 1153 1978 in
1168 1921 1341 1980 Britanniam
1349 1920 1473 1981 directus
1487 1922 1575 1981 venit.
1591 1922 1643 1981 liic
1655 1924 1738 1996 quin·

85 2007 215 2081 nomime
224 2007 432 2067 duobusannis
445 2007 601 2066 sacerdotio
616 2007 812 2066 venerabiliter
825 2010 939 2068 iunctus
948 2018 1004 2067 est.

850 2132 969 2192 NOTAE.

115 2247 291 2306 Concordem
314 2249 436 2318 Proteo,
456 2248 608 2314 necnon,
636 2251 794 2316 roomo,
823 2251 886 2307 Ae-
943 2252 1053 2308 Cranen.
1070 2252 1291 2309 albicionltem
1315 2251 1537 2323 deincep-Mna.
1553 2260 1581 2309 et
1597 2253 1736 2324 Ultrep'ecl.

85 2318 265 2393 melai,
293 2320 425 2392 amoq.
457 2329 483 2376 at
512 2320 710 2390 Flam-leolam,
737 2323 885 2389 honerat,

113 2484 126 2511 ¹
144 2472 250 2528 Frater
261 2471 313 2526 isle
328 2470 423 2539 verbe,
443 2471 548 2528 deitate
566 2475 671 2542 Trerus,
691 2480 750 2530 tota
763 2474 792 2530 S.
813 2472 921 2547 hupiB
940 2475 1016 2530 illam
1036 2488 1094 2530 sese
1108 2471 1208 2545 quovis
1228 2471 1284 2527 alio
1298 2472 1427 2542 exemplo
1443 2471 1640 2545 antiquiorem,
1656 2481 1739 2546 atque

83 2542 308 2601 commemoratio
323 2543 414 2599 liturae
425 2544 622 2616 superlndncta
632 2553 673 2601 est
684 2562 690 2611 ;
702 2543 782 2617 cujus
791 2552 883 2602 temen
938 2546 1006 2602 adeo
1019 2545 1053 2602 ab
1073 2553 1185 2600 anctore
1199 2543 1259 2615 ipso
1278 2543 1387 2624 lactem.
1407 2540 1522 2599 Fuerint
1536 2543 1619 2624 igitur
1632 2551 1738 2600 caterae

83 2616 170 2673 litura
184 2615 276 2672 necin
291 2613 436 2682 Derveusi,
452 2614 881 2686 necinSollerieniscodicibne,
936 2616 1122 2674 correctiones
1138 2615 1233 2671 eadem
1263 2631 1315 2670 serr
1338 2621 1372 2670 tae
1400 2629 1483 2670 manu
1500 2630 1532 2671 ac
1550 2623 1613 2682 rste,
1630 2623 1737 2672 certum

82 2684 364 2754 indexnllus,nllnm
375 2687 610 2760 vestigiumlluae
621 2689 827 2745 resl’ratensem
838 2705 882 2746 cn·
936 2689 989 2744 erit
1003 2688 1188 2745 correctiones
1198 2701 1294 2767 omues
1308 2630 1413 2756 ιςιιριο
1427 2693 1539 2743 auctore
1551 2688 1676 2758 scriptas.
1692 2686 1736 2768 ltn
1842 2723 1848 2731 ,

82 2756 169 2816 dicem
189 2756 356 2815 curulinter
393 2757 506 2815 lationis
518 2761 676 2834 suspicione
691 2760 799 2817 liberat.
811 2758 883 2818 Hinc
936 2777 1002 2815 vero
1016 2775 1112 2814 omnes
1127 2758 1250 2830 ejusdem
1266 2763 1323 2812 emt
1339 2773 1447 2825 manns,
1463 2758 1608 2814 oculorum
1623 2764 1682 2814 esto
1693 2773 1737 2828 Jn·

80 2829 152 2887 euim
167 2828 241 2888 ellici
256 2844 292 2886 ne
315 2827 352 2887 So
364 2829 448 2887 larius
472 2831 584 2904 quidem
608 2832 750 2906 negaverit
770 2832 882 2889 lituram
936 2830 1052 2888 dicium.
1068 2831 1241 2887 Βοσιιιιιιτ.

685 2955 888 3014 vastantes
911 2955 1116 3016 LECTIONES.

114 3073 257 3132 licuerat.
267 3079 294 3129 et
307 3069 493 3131 llam-leuben.
510 3090 559 3147 pro
574 3073 740 3142 Constantio,
753 3077 882 3135 mendose
936 3076 992 3132 lan.
1006 3074 1141 3141 scribunt,
1157 3075 1261 3128 csoitcte
1274 3068 1377 3128 Trecis.
1393 3070 1634 3143 Aprohatissimis
1649 3073 1737 3133 omui·

98 3150 191 3199 onunt
202 3139 624 3214 Constantinossreven,Melan.
644 3146 878 3221 dulcem-blaa„
935 3147 987 3204 bus
1001 3145 1144 3204 codicibus
1158 3144 1233 3200 abest
1249 3142 1348 3199 titulus
1362 3142 1486 3214 episcopi,
1510 3143 1541 3200 iu
1561 3147 1694 3217 hntucrp.
1711 3155 1739 3204 et

77 3161 256 3288 flluq'ecun.
271 3223 300 3272 ot
311 3232 407 3273 omnes
422 3217 515 3274 lermae
534 3191 661 3275 secunda
686 3226 757 3276 notse
770 3219 880 3276 codices
933 3216 1122 3295 blan-huben.
1135 3214 1252 3288 aliisque
1264 3212 1453 3296 medianotre,
1464 3214 1616 3286 appositus.
1630 3216 1696 3274 llam
1708 3218 1738 3274 in

77 3286 343 3415 mendosissime,
368 3289 463 3361 legunt
485 3288 658 3360 simpliciter,
673 3291 786 3361 plor-icae
799 3307 881 3346 occu·
934 3291 1009 3346 hisce
1024 3287 1169 3346 codicibus
1183 3284 1254 3343 laete
1269 3292 1397 3350 mutatio,
1410 3302 1473 3342 nam
1491 3296 1553 3358 post
1566 3286 1736 3358 colrsesscris,

116 3358 244 3416 '.Solue
258 3356 394 3416 Munerat.
411 3360 509 3417 habet:
528 3361 594 3418 lem
612 3361 640 3417 in
659 3362 702 3419 cic
725 3361 878 3418 Porluensi.
933 3360 1067 3428 subdunt,
1083 3358 1132 3416 tte
1146 3374 1203 3412 cum
1224 3355 1474 3412 bectotiermcnc...
1491 3358 1648 3428 etquioquc
1668 3358 1736 3427 inter,

77 3428 185 3487 deenen
196 3439 226 3487 at
239 3428 343 3488 hlolan.
364 3430 477 3502 periodo
491 3432 619 3488 nonnihil
634 3433 810 3505 transposita,
831 3432 879 3489 ubi
933 3440 985 3489 etc.
1000 3432 1037 3489 tn
1051 3429 1163 3513 quidem
1182 3428 1317 3508 Antuerp:
1334 3434 1361 3483 et
1384 3427 1583 3510 blan-Lnbec
1599 3376 1736 3512 scribunt,

76 3501 124 3557 alii
138 3499 209 3571 haec,
230 3503 392 3573 temporibus
410 3502 578 3570 Diocletiani,
594 3504 755 3561 nontinibus
770 3512 879 3577 marty-
933 3503 1206 3567 centenariorum
1222 3507 1250 3556 et
1262 3505 1395 3558 omittunt
1409 3500 1603 3556 venerabiliter.
1621 3499 1684 3557 llaec
1700 3506 1738 3557 tta

77 3588 137 3629 rum
154 3571 317 3631 immediate
330 3573 500 3648 subjungunt
511 3593 518 3638 ;
531 3574 582 3648 ipsi
597 3574 626 3631 in
640 3575 726 3632 alium
742 3577 832 3632 locum
847 3592 878 3632 ea
932 3576 1053 3648 explicat
1067 3568 1289 3653 Arrtuerp.-h{aJ'.
1307 3569 1352 3652 (L,
1369 3588 1418 3655 pro
1432 3571 1640 3645 quioqccpinlo)
1655 3572 1737 3654 conis

78 3643 260 3715 hamiernut,
275 3644 317 3702 sio
330 3646 466 3718 tepentes:
483 3645 556 3703 inssi
571 3654 633 3702 sunt
641 3648 782 3719 capitoleo
792 3646 879 3704 subire
932 3647 1034 3702 duobus
1061 3643 1205 3703 ccccrccne
1230 3640 1415 3700 uenerabiliter
1438 3643 1546 3715 [unctos
1574 3649 1612 3698 eet
1635 3641 1735 3715 officio.

78 3716 234 3772 sententiam
257 3724 372 3789 tempore
387 3716 557 3775 Diocletiani.
572 3719 603 3775 ln
614 3717 876 3792 daldorp-hlaine,
931 3719 1046 3776 Excidit
1059 3727 1164 3786 notare,
1175 3713 1250 3788 qnod
1260 3714 1290 3769 in
1300 3713 1531 3791 antuerp-hias.
1540 3731 1591 3790 pro
1599 3713 1734 3784 Faustini,

77 3795 121 3845 est
131 3786 280 3860 mulcente
294 3788 324 3844 in
337 3805 477 3846 acrorem.
493 3789 598 3847 Rursus
621 3789 739 3847 Cranen.
763 3799 792 3847 et
813 3791 878 3848 llo-
933 3788 1068 3848 habeatnr
1083 3791 1188 3849 Fecsti.

737 3914 1039 3974 onsntttlartortns.

113 4013 270 4071 Romanurn
293 4029 409 4086 parrum
424 4012 586 4072 distinctam
601 4013 685 4072 hodie
698 4014 781 4087 primi
793 4015 880 4073 nostri
896 4018 918 4079 c
932 4033 967 4072 an
990 4016 1062 4074 inter
1082 4019 1221 4077 Romanos
1238 4020 1382 4091 pontillees
1397 4015 1536 4073 numerari
1553 4014 1648 4087 possit.
1665 4014 1734 4073 Con·

78 4084 210 4157 martyris
224 4085 386 4143 memoriam
391 4092 459 4214 ,3st
474 4086 517 4144 bre
532 4085 625 4143 verbis
640 4105 647 4144 :
668 4088 769 4152 Domo,
784 4086 880 4144 Felicis
934 4089 1095 4146 troversiam
1110 4091 1216 4161 pridem
1229 4100 1270 4148 att
1282 4106 1343 4162 gere
1360 4088 1589 4167 henscheniuset
1600 4087 1734 4158 Papebro·

76 4173 153 4237 pepe
178 4162 206 4212 et
231 4159 361 4228 martyria
469 4159 635 4227 conmotis,
663 4156 879 4231 hieronymiana
933 4158 1023 4227 chius,
1040 4160 1087 4216 ille
1102 4161 1131 4217 in
1145 4161 1257 4218 Fabulis
1271 4159 1461 4232 antiquiorum
1494 4158 1733 4227 outtdcum,ante
1767 4171 1774 4176 ·

78 4242 259 4297 ipsum-meo
277 4228 390 4311 quidem
402 4227 521 4300 judicio,
546 4245 602 4285 non
624 4230 782 4287 nominant.
806 4224 880 4287 Beda
935 4232 1061 4288 tomuml
1075 4230 1181 4293 aprilis
1195 4248 1255 4305 pag.
1273 4248 1354 4310 xxxx,
1368 4230 1465 4310 atejus
1486 4245 1529 4285 em
1542 4229 1644 4284 ruensis
1656 4237 1733 4287 tomo

78 4314 143 4354 vero
160 4306 202 4354 rte
229 4300 342 4355 Felecem
364 4300 482 4374 aliquem
511 4299 602 4357 tribus
619 4301 799 4374 sequentihus
813 4317 878 4358 con·
933 4301 1001 4357 llIa
1018 4303 1164 4373 papbllll:
1181 4299 1731 4370 hicnoviesrmernliespons.adcrtxr,

76 4367 179 4442 jungit,
199 4386 232 4427 ac
244 4373 269 4427 ei
294 4386 390 4429 eorum
414 4372 506 4428 socius
519 4380 546 4427 et
560 4372 756 4443 antesignanus
771 4372 876 4429 luisset.
933 4389 949 4428 a
964 4387 1039 4429 nuru.
1063 4372 1122 4429 tto.
1137 4373 1240 4430 Verum
1255 4371 1449 4429 infestissimos
1466 4369 1547 4451 habet
1560 4367 1732 4449 edflverserios

78 4439 224 4508 Quomodo
250 4441 333 4498 etlam
360 4459 376 4499 a
404 4442 602 4500 wandalberto
623 4451 651 4498 et
677 4443 706 4499 in
730 4444 879 4500 Frontonis
933 4442 1011 4500 Felix
1026 4443 1731 4519 ille;etquehosinterTillemontrusacriorerrm·

79 4512 248 4569 Kalendario
270 4513 416 4570 coadunati
440 4523 523 4571 suut:
545 4523 576 4571 ut
597 4516 741 4588 plusquam
760 4514 877 4571 dubium
933 4523 975 4571 ter
987 4531 1101 4582 morem,
1118 4517 1191 4587 stylo
1200 4533 1263 4573 eum
1280 4517 1431 4571 insectetur
1442 4518 1518 4567 toruo
1534 4511 1580 4574 vt,
1592 4525 1677 4565 vareis
1692 4512 1730 4567 lo·

78 4582 204 4664 reddant,
217 4600 252 4640 an
269 4601 333 4640 vere
351 4584 396 4641 hic
416 4585 494 4642 Folle
508 4602 557 4658 pro
572 4585 702 4658 pontillce
715 4584 802 4658 accipi
818 4602 877 4658 pos·
932 4585 982 4653 cis,
995 4584 1042 4642 sed
1059 4587 1209 4642 maximae
1230 4603 1290 4657 paq.
1316 4585 1377 4666 77⁸.-
1401 4583 1496 4639 Plures
1511 4580 1731 4710 effluspopulnres

80 4662 125 4711 art.
140 4656 307 4713 accuratior
332 4656 433 4712 notitia
457 4656 491 4712 ab
514 4657 610 4715 Adone
628 4656 757 4722 traditur,
772 4673 806 4713 ex
822 4673 878 4738 qno
931 4673 988 4713 non
1004 4656 1099 4725 recito,
1111 4673 1175 4714 cnm
1191 4658 1210 4714 ii
1221 4656 1346 4716 certatim
1363 4671 1392 4711 ιιι
1403 4663 1508 4735 partem
1545 4654 1608 4737 elrcr
1621 4668 1730 4735 oppost-

79 4723 161 4783 breve
187 4743 268 4782 enum
293 4727 414 4799 elogium
429 4728 528 4785 Noster
549 4727 700 4786 contraxit.
728 4727 811 4786 Notat
839 4728 878 4785 rbi
931 4735 988 4784 mm
998 4727 1155 4786 deflectant.
1167 4729 1263 4787 Mitius
1276 4728 1443 4794 eqitFronto
1456 4741 1484 4782 m
1497 4724 1730 4782 notationibusad

80 4795 255 4865 Viennensis,
281 4798 392 4854 Felicem
421 4799 555 4871 martyrio
577 4806 739 4856 coronatum
764 4818 792 4858 tv
812 4798 877 4858 Idus
932 4799 1127 4857 Kalendarium
1143 4818 1159 4857 a
1174 4819 1232 4872 pap.
1251 4802 1311 4858 llll.
1327 4800 1382 4857 Nos
1396 4797 1471 4856 hisce
1492 4797 1609 4854 nimium
1624 4795 1731 4854 immo-

80 4866 252 4936 llorembris,
261 4871 402 4996 sefflltum
413 4869 442 4925 in
452 4869 605 4936 basilicae
618 4888 647 4928 se
663 4872 739 4943 prius
751 4880 875 4930 constru-
931 4887 1035 4940 ramur,
1053 4872 1083 4928 ln
1100 4873 1178 4931 lictis
1187 4875 1263 4930 locus
1275 4872 1328 4928 erit
1342 4871 1427 4929 totius
1441 4869 1729 4929 controversinaecu-

80 4946 130 5004 cta,
147 4956 186 4996 xv
201 4940 263 4997 Kal.
324 4940 452 4997 colubris.
468 4942 506 4997 Et
525 4949 628 5009 tamen,
643 4943 753 5010 achlin
773 4943 875 5017 inquit,
931 4943 1018 5001 ratius
1033 4943 1232 5016 expendenda.
1668 5008 1674 5019 ,

79 5010 376 5069 ammonendum
447 5011 478 5081 li,
493 5014 599 5069 nullam
614 5013 694 5071 dicta
708 5014 877 5071 celebritatis
966 5016 1006 5072 De
1021 5015 1110 5073 tribue
1127 5017 1313 5072 Portaeneibue
1326 5023 1401 5072 certo
1415 5021 1500 5086 agunt
1514 5012 1730 5091 hieronymiana

80 5081 214 5139 rationem
224 5082 376 5155 assignans.
415 5083 459 5140 lde
473 5099 534 5156 quae
549 5083 578 5140 in
592 5083 730 5141 hancrem
740 5101 792 5142 con
811 5084 878 5142 essit
931 5085 1105 5158 apographa,
1120 5103 1238 5158 quorum
1253 5087 1347 5160 aliqua
1361 5085 1442 5142 sociis
1456 5099 1503 5139 eos
1525 5082 1562 5138 im
1583 5081 1667 5136 lamro
1680 5095 1728 5134 vr-

80 5151 279 5235 Florentinius,
289 5155 407 5211 temetsi
419 5170 474 5210 non
486 5155 552 5212 eatis
562 5103 877 5226 probantencsmlmnc
931 5156 1042 5237 dentur,
1061 5166 1093 5213 ut
1115 5157 1188 5214 iuter
1208 5159 1263 5214 alia
1283 5158 1365 5213 latius
1379 5153 1494 5227 exponit
1507 5099 1643 5234 „laegatus
1657 5151 1728 5207 Flo-

80 5237 174 5296 papam
189 5224 224 5280 ad
239 5225 715 5300 hieronymianospertinerel‘orro
729 5242 790 5300 qun
803 5227 878 5285 circa
931 5236 1076 5285 rentrmne.
1093 5227 1174 5296 Dede,
1200 5237 1230 5286 nt
1253 5228 1324 5294 dixi,
1346 5227 1455 5282 eosdem
1476 5231 1559 5303 etiam
1581 5231 1725 5302 uremorat,

80 5293 137 5365 ejus
153 5298 225 5354 Acta
242 5303 499 5367 controvertuntur,
523 5314 574 5354 nec
596 5314 693 5371 pauca,
719 5314 770 5355 nec
793 5298 875 5368 levia,
950 5314 1012 5354 nem
1031 5296 1155 5372 seqnitur
1166 5299 1305 5366 Rahauus,
1322 5298 1400 5369 plura
1414 5311 1449 5351 ex
1463 5296 1541 5350 Actis
1561 5291 1725 5351 ndrurecene.

80 5366 205 5438 pluribus
217 5367 351 5426 discussit
364 5369 510 5439 Batonius,
526 5378 553 5425 et
567 5369 648 5425 nobis
668 5386 718 5428 suo
731 5371 792 5426 loco
806 5379 914 5442 ope-D
931 5316 992 5428 ado
1004 5377 1051 5425 cut
1065 5386 1100 5426 ex
1113 5369 1252 5440 prioribus
1268 5375 1315 5426 aut
1334 5383 1369 5425 ex
1382 5369 1504 5424 Romano
1519 5380 1604 5447 parvo
1617 5370 1726 5447 textum

81 5438 166 5495 rosina
191 5448 276 5496 eruut
297 5440 490 5497 exanimando.
514 5440 585 5498 Anci
607 5440 672 5497 item
696 5441 875 5513 questionem
930 5441 1077 5514 accipiens,
1101 5440 1219 5513 longiori
1239 5440 1328 5512 elogio
1353 5438 1451 5518 iratres
1473 5435 1623 5500 decoravit,
1646 5451 1726 5519 cnjus

81 5508 162 5566 rerbc
177 5510 366 5568 indicarimus
379 5511 414 5568 ad
429 5511 502 5567 diem
518 5529 577 5568 xxx
618 5511 668 5582 eii,
679 5512 777 5586 quode
787 5513 877 5569 Felice
929 5515 1080 5584 elegantem
1090 5512 1228 5583 epitomen
1243 5509 1406 5581 compilant
1415 5509 1523 5577 Noster,
1536 5523 1632 5564 omnes
1641 5515 1725 5565 ettam

79 5596 110 5707 [a
159 5592 187 5638 et
203 5588 427 5652 martyreactnm
440 5592 491 5640 cst.
508 5583 602 5640 llicab
614 5583 709 5641 Adone
723 5584 833 5641 Felicem
847 5585 879 5642 11
928 5585 1099 5648 corrsociens,
1122 5583 1382 5640 licetexActorum
1397 5579 1571 5652 compendio,
1587 5579 1726 5637 tratreset

101 5597 187 5710 'afficio
202 5653 384 5711 substitutum
400 5653 537 5727 designari
554 5655 777 5713 martilestiseiure
791 5663 874 5729 patet,
929 5672 1049 5714 sororem
1064 5654 1182 5711 diversis
1204 5653 1301 5710 diebus
1328 5669 1421 5726 pessos
1440 5668 1508 5719 esse,
1524 5650 1639 5709 omuino
1654 5668 1726 5735 con:

79 5731 105 5780 at
127 5725 255 5784 madum
274 5727 346 5784 inter
363 5725 491 5784 eruditos
506 5727 649 5796 convenit,
669 5744 705 5785 an
719 5743 783 5784 vere
797 5727 875 5785 Felice
928 5736 992 5786 stet.
1008 5729 1047 5785 De
1061 5726 1104 5784 his
1114 5726 1204 5784 tribue
1217 5725 1326 5784 Sanctis
1340 5724 1461 5784 videnda
1472 5726 1589 5783 omuino
1609 5724 1723 5804 &roure

76 5794 218 5868 istsintm
227 5804 349 5866 mace,
367 5797 470 5856 nedum
483 5797 558 5856 inter
574 5805 719 5873 martyras,
733 5798 803 5872 qniu
818 5798 875 5856 imo
928 5799 1044 5870 notatio,
1060 5798 1109 5856 uhi
1133 5798 1255 5872 ipsorum
1278 5813 1379 5873 mones
1406 5797 1560 5872 descriptos
1586 5794 1671 5852 relert
1692 5808 1721 5848 ιιι
