3834 6136
126 156 176 227 iar

788 158 940 224 USUARDl
960 162 1119 224 monachi

1722 157 1776 226 idi

123 300 159 358 lit
174 317 180 355 :
197 306 259 371 post
270 305 386 354 mortem
397 303 438 355 tot
448 297 554 378 clarens
565 295 716 378 miraculis,
728 305 759 378 nt
772 295 828 352 illis
842 295 917 378 eiici3
931 299 957 357 A
971 293 1018 367 jus
1028 311 1114 378 sacra
1126 295 1244 380 virginis
1258 311 1368 379 corpus,
1384 295 1412 352 in
1429 295 1597 352 monasterio
1607 294 1776 379 forestensi,

123 379 197 429 urus
218 370 355 427 Levoldus
371 377 447 442 pater
467 385 536 440 eyus,
552 367 633 422 sidem
651 367 766 436 Christi,
786 368 916 449 baptismi
975 366 1081 423 ordinis
1095 377 1183 425 sancti
1199 368 1340 449 Benedicti
1352 374 1436 442 prope
1447 368 1606 424 Bruxellam
1618 377 1770 441 quiescit.-

124 442 252 515 gratiam,
263 442 347 499 simul
366 452 392 498 et
403 449 578 514 peccatorum
589 439 698 495 reniam
709 438 917 512 acceperit.Hu·
975 438 1045 498 Vide
1061 440 1120 498 haec
1134 441 1163 496 in
1179 443 1257 497 Actis
1270 439 1397 497 deducta.

124 562 190 621 xlv
205 564 271 621 Kal.

1677 564 1728 622 Βία
1745 565 1779 622 l8

161 654 254 710 Romae
268 653 314 708 via
326 652 486 722 Arduenna,
504 651 604 707 natalis
615 658 773 707 sanctorum
785 661 939 724 martyrum
949 655 1034 712 Marci
1046 663 1073 712 et
1081 653 1252 712 Marcelliani
1267 652 1397 723 fratrum,
1412 654 1460 725 qui
1473 651 1567 708 aduae
1577 651 1700 710 Fabiano
1708 653 1780 710 tenti

125 751 152 800 et
168 744 201 799 ad
216 745 339 817 stipitem
356 744 444 816 ligati,
460 744 491 799 in
506 744 622 816 pedibus
636 751 753 801 acutosr
770 741 888 817 [clavos]
903 755 1077 820 acceperunt.
1090 745 1215 818 Cumque
1226 742 1338 800 demum
1353 758 1410 799 non
1421 742 1681 799 cessarentlaudare
1691 742 1782 801 Chri·

125 840 210 900 stum,
227 833 322 888 lancea
337 849 385 905 per
399 833 484 888 latera
499 831 637 899 transfixi,
653 847 716 887 cum
731 830 819 903 gloria
833 834 962 903 martyrii
981 833 1015 890 ad
1029 835 1134 891 siderea
1152 850 1235 907 regna
1248 835 1447 905 migraiernnt.
1461 833 1493 888 ln
1510 831 1651 904 Hispaniis
1664 831 1781 890 civitate

124 923 238 991 Malaca,
255 930 412 978 sanctorum
429 929 583 995 martyrum
605 920 713 988 siriaci,
733 927 761 975 et
784 919 875 975 Paulae
900 920 1028 993 virginis,
1052 920 1100 994 qui
1115 929 1176 994 post
1200 923 1289 979 multa
1305 927 1441 976 tormenta
1456 919 1509 976 sibi
1525 920 1615 990 illata,
1639 919 1782 994 lapidibus

128 1012 232 1084 obruti,
249 1012 321 1069 inter
335 1029 402 1070 saxa
414 1013 521 1068 animas
536 1012 605 1070 coelo
623 1010 814 1067 reddiderunt.
830 1008 1017 1077 Alexandria,
1031 1012 1122 1084 passio
1135 1019 1236 1069 sanctae
1253 1011 1366 1067 Marinae
1381 1009 1508 1083 virginis.

892 1137 1010 1194 NOTAE.

164 1245 209 1304 Sic
223 1246 303 1319 plane
319 1246 442 1301 referunt
454 1244 578 1314 Protea,
593 1244 743 1315 Merinum,
763 1245 921 1312 Parauaea,
938 1242 1151 1314 Asinam-Mai.
1167 1250 1194 1300 et
1208 1240 1345 1314 lloswcyd.

161 1388 173 1415 ⁸
193 1376 225 1433 ln
240 1391 291 1431 ms,
308 1372 401 1429 Germ.
417 1378 458 1427 est
472 1386 590 1428 vacuum
605 1371 725 1443 spatium
741 1370 825 1425 unius
838 1365 977 1424 vocabuli.
997 1365 1169 1421 Bnuriuanr.

732 1500 936 1560 VARlANTES
954 1499 1159 1556 LECTIONES.

161 1606 324 1675 Ardeatino,
335 1603 477 1677 scriptoris
489 1601 588 1658 vitium
595 1611 635 1658 est
646 1601 675 1657 in
686 1601 961 1674 llosweyd.DeestB
977 1600 1028 1655 leos
1048 1605 1211 1671 acceperant.
1232 1599 1331 1656 Noster
1351 1597 1477 1654 Adonem
1501 1604 1613 1656 secutus
1632 1607 1684 1668 est,
1706 1616 1783 1674 sup-

126 1683 156 1739 in
180 1676 443 1750 Autuerp.-May'ore,
457 1681 616 1744 inartyrum.
632 1674 766 1729 Praeterea
779 1672 860 1727 arribo
873 1688 924 1728 co-

126 1754 201 1811 dices
215 1751 341 1807 scribnnt
360 1748 424 1802 tenti
438 1747 473 1800 ad
488 1747 612 1816 stipitem,
627 1745 728 1801 ornissa
742 1745 925 1817 particulari.

127 1823 258 1897 Sequitur
272 1821 372 1875 vitiosa
391 1817 572 1885 constructio,
583 1818 611 1870 in
623 1817 734 1888 pedihus
748 1822 838 1871 acntm
852 1831 928 1869 acm-

124 1900 233 1969 pernnt‚
244 1910 304 1966 quaa
313 1901 340 1947 et
349 1892 378 1945 in
387 1889 480 1946 citatis
489 1905 539 1968 pro
553 1895 630 1943 textu
640 1886 784 1945 codicibus
793 1896 820 1943 et
831 1889 860 1941 in
870 1902 928 1941 om·

127 1967 210 2024 nibus
227 1966 313 2020 ferme
326 1962 389 2017 aliis
408 1967 553 2033 reperitur,
566 1968 688 2032 exceptis
698 1960 823 2015 Graveno
834 1966 861 2014 et
871 1958 926 2013 Mo·

126 2039 201 2095 lano.
218 2033 364 2106 hosweyu.
381 2035 448 2088 ltem
464 2030 587 2103 phrasim
602 2038 711 2086 mutans
721 2030 761 2086 sic
775 2029 885 2103 posuit;
900 2029 929 2082 in

124 2109 236 2182 pedihus
250 2109 355 2163 aculeos
366 2108 545 2176 susceperant,
556 2102 627 2159 forte
636 2118 670 2158 ex
685 2103 777 2170 Floro,
794 2099 853 2168 ubi,
868 2116 929 2155 acn-

981 1688 1073 1744 presso
1091 1671 1266 1727 substantivo
1285 1672 1383 1738 chaos,
1397 1669 1471 1742 quod
1487 1670 1644 1742 parenthesi
1659 1671 1784 1729 inclusi-

982 1760 1052 1798 mus.
1064 1744 1096 1798 ln
1111 1741 1326 1814 Antuerp.·Maj.
1341 1749 1392 1809 est,
1408 1748 1550 1797 cessassent
1569 1742 1785 1800 iaudoreDomi·

980 1831 1057 1879 nerim
1073 1814 1102 1869 in
1117 1815 1275 1887 Rosweyd.,
1290 1819 1432 1868 cessassent
1447 1814 1560 1869 laudare
1573 1817 1668 1870 Deum.
1684 1814 1785 1872 Melius

982 1887 1010 1941 in
1026 1894 1115 1941 textu.
1129 1886 1242 1955 Syderos
1253 1886 1318 1958 legit
1329 1885 1476 1951 Pratensis,
1487 1888 1634 1960 Antuerp.,
1645 1887 1784 1944 Malacha.

981 1957 1046 2013 Post
1059 1959 1154 2014 Paula
1166 1958 1288 2029 virginis,
1304 1957 1398 2029 posuit
1411 1957 1591 2014 Tornacensis
1600 1975 1669 2029 qua.
1681 1957 1785 2015 Omnes

982 2030 1150 2085 concordant
1162 2030 1191 2085 in
1211 2030 1324 2085 nomine
1344 2029 1469 2098 Mariua,
1486 2045 1536 2102 pro
1550 2045 1605 2103 qua
1622 2029 1699 2086 salus
1713 2030 1784 2087 Pra-

984 2101 1070 2156 tensis
1084 2101 1166 2157 hahet
1181 2102 1286 2160 Maria.

805 2224 1108 2283 OBSERVATIONES.

150 2334 286 2388 ‚Duorum
303 2337 457 2401 martyrum
482 2327 598 2384 fratrum
615 2325 701 2385 Murci
717 2332 744 2381 et
758 2324 928 2384 Marcelliani

125 2404 262 2469 celebrem
289 2400 432 2458 reddidere
448 2400 627 2454 festivitatem
641 2397 819 2469 Martyrologi
836 2397 927 2452 Latini

126 2474 235 2548 antiqui
253 2489 358 2529 omnes.
381 2471 521 2544 imprimis
536 2469 753 2542 hieronymiana
772 2468 928 2541 apographa

126 2563 183 2606 uon
202 2544 362 2602 omnimode
377 2542 541 2600 conformia.
558 2541 627 2596 Tum
650 2540 734 2608 Beda,
760 2548 821 2611 post
846 2556 928 2613 quem

126 2617 256 2675 Rabanus
266 2615 385 2684 elogium
402 2614 502 2679 texuit,
514 2613 548 2667 ah
559 2629 590 2667 oo
601 2615 681 2683 plane
691 2611 843 2678 diuersum,
854 2610 928 2682 quod

126 2688 202 2746 Fluri
228 2701 286 2741 esse
309 2684 417 2740 censuit
441 2683 642 2737 llenscheuius.
669 2681 747 2736 Adde
774 2683 928 2736 llomauum

127 2773 244 2831 parvum
272 2770 308 2809 ex
336 2771 390 2826 quo
422 2751 599 2819 Viennensis,
629 2752 676 2824 qui
706 2750 814 2807 auctius
841 2768 929 2807 enco-

126 2830 214 2886 mium
236 2832 264 2882 et
286 2825 439 2896 elegantius
459 2822 650 2891 concinnavit,
676 2838 732 2876 nou
757 2822 849 2878 minus
873 2824 925 2878 ele·

127 2909 222 2973 gauter
240 2913 256 2952 a
274 2905 369 2951 nostro
388 2902 570 2962 contractum,
586 2901 617 2948 ut
631 2894 659 2948 iu
676 2895 807 2948 laterculo
822 2909 926 2964 repra-

127 2977 263 3029 sentaturn
282 2976 332 3024 est.
356 2967 456 3023 Omnia
473 2982 509 3020 ex
527 2966 595 3020 actis
611 2966 698 3021 sancti
714 2964 866 3020 Sebastiam
881 2965 926 3020 ile·

128 3048 237 3112 sumpta
247 3047 321 3107 sunt,
333 3048 364 3094 ut
381 3038 443 3092 vide
458 3037 488 3091 in
503 3046 596 3092 nostra
609 3036 740 3101 editione,
756 3037 844 3107 capite
860 3052 925 3108 prae·

127 3116 222 3171 sertim
233 3126 305 3176 xxii,
315 3127 374 3182 pag.
387 3110 449 3175 277,
459 3125 519 3180 quae
529 3108 615 3179 inagis
624 3108 676 3163 hoc
688 3107 925 3163 diealucidautur.

127 3183 312 3243 celeberrima
336 3189 376 3237 est
399 3187 556 3235 sauctorum
575 3183 732 3234 nostrornm
750 3180 883 3233 menmria
898 3180 926 3234 in

128 3254 354 3314 Sacramentariis
375 3268 391 3307 a
414 3250 544 3307 Menarilo
564 3258 591 3306 et
605 3249 754 3306 Thomasio
772 3250 864 3315 editis,
880 3257 965 3325 at-(g

127 3343 180 3402 qne
193 3330 259 3382 item
270 3327 298 3379 in
310 3323 425 3380 vetustis
435 3322 532 3379 Allatii
543 3330 570 3377 et
585 3322 734 3377 Frontonis
746 3321 922 3389 kalendariis,

126 3398 261 3472 quidquid
282 3398 312 3452 in
328 3395 413 3469 priori
430 3397 535 3466 legatur
549 3393 709 3450 Marcellini.
726 3392 781 3448 Nec
798 3393 925 3448 Wandal-

125 3469 220 3527 bertus
231 3472 345 3524 metrica
360 3469 484 3522 oratione
495 3482 541 3521 eos
551 3467 662 3521 laudare
675 3465 860 3536 praetermisit,
873 3465 927 3520 ad-

124 3542 223 3613 juncta
243 3540 372 3605 Balbino,
394 3539 437 3592 cui
459 3538 607 3600 Marinum,
622 3537 655 3592 de
671 3551 724 3607 qua
746 3536 830 3604 infra,
855 3536 926 3591 sub-

126 3611 294 3669 stituendam
308 3609 485 3664 arbitramur.
501 3606 548 3662 Sic
563 3608 664 3663 habet:

189 3697 315 3759 Quartum
330 3709 390 3744 cum
401 3695 472 3743 deno
489 3696 602 3756 pretioso
615 3696 743 3756 sanguine
758 3698 848 3745 iratres

189 3760 374 3810 Marcellianus
387 3759 485 3820 pariter
501 3756 656 3819 Marcusque
667 3767 816 3807 sacrarunt:

190 3824 265 3875 Hanc
276 3835 381 3887 quoque
404 3819 522 3868 Balbinus
534 3819 670 3884 (Marinae),
687 3821 778 3869 lustrat
791 3820 926 3869 meritum-

725 3897 775 3946 que
787 3883 926 3945 decusque.

166 3965 283 4039 cyriaci,
309 3980 359 4020 nos
385 3961 503 4033 legimus
522 3960 616 4032 potius
636 3962 734 4016 Siraci
756 3963 823 4035 (qno
845 3962 927 4017 modo

128 4038 236 4110 antiqui
263 4035 372 4092 codices
397 4049 493 4089 ornnes
514 4033 651 4113 scribunt)
675 4041 701 4088 et
720 4035 814 4089 Paula
833 4035 928 4088 nullus

128 4108 252 4166 Usuardo
263 4107 338 4180 prior
347 4112 394 4161 aut
402 4105 524 4185 aqualis,
534 4106 672 4160 meinimt.
684 4105 846 4177 Martyrium
858 4104 926 4177 ipse,

127 4188 159 4237 ut
180 4182 210 4236 in
226 4186 304 4236 textu
319 4183 402 4249 patet,
419 4176 509 4231 nitida
527 4175 703 4233 oratiuncula
721 4176 925 4248 coinplectitnr.

128 4256 180 4308 Ast
201 4251 276 4305 anile
299 4247 445 4320 acceperit,
462 4264 513 4303 nos
527 4249 608 4373 plane
624 4249 699 4303 latet.
717 4249 744 4303 Si
760 4248 928 4319 conjecturis

128 4323 272 4394 indulgere
287 4320 328 4376 las
340 4329 391 4388 est,
408 4318 516 4390 opinari
542 4318 626 4374 icehit
641 4319 881 4387 Usuardnm,dum
899 4319 927 4373 in

128 4393 261 4466 llispania
284 4399 365 4461 esset,
381 4399 429 4446 aut
447 4399 508 4446 acta
522 4390 624 4446 vidisse
640 4390 743 4463 aliqua,
757 4399 805 4446 aut
819 4407 854 4446 ex
873 4391 928 4445 ho-

128 4467 236 4521 minum
252 4464 412 4530 traditione,
429 4470 456 4517 et
475 4471 585 4518 sanctos
598 4462 681 4533 ipsos,
698 4471 725 4517 et
738 4460 811 4534 quod
823 4461 857 4517 de
870 4461 928 4517 illis

127 4539 236 4594 narrari
250 4536 405 4602 audiverat,
422 4534 451 4588 iu
467 4533 610 4590 Franciam
621 4535 805 4602 transtulisse,
816 4532 889 4588 unde
899 4535 927 4589 in

126 4609 188 4680 ejus
197 4607 397 4681 martyrologio
406 4606 541 4663 memoria
550 4621 646 4663 eorum
660 4607 782 4679 primum
794 4605 927 4661 innotuit.

981 2325 1061 2384 Certe
1081 2334 1141 2382 acta
1155 2326 1243 2394 nulla,
1259 2327 1355 2383 saltem
1376 2342 1437 2399 quas
1448 2326 1531 2383 fidem
1546 2335 1715 2395 mereantur,
1730 2325 1784 2383 ha-

981 2406 1078 2455 ctenus
1102 2397 1211 2468 prodita
1233 2407 1316 2465 sunt;
1332 2414 1384 2454 nec
1403 2399 1521 2453 multum
1536 2398 1659 2469 suggerit
1673 2397 1784 2470 Sylloge

983 2469 1161 2537 llenschenii,
1184 2477 1284 2541 prater
1311 2471 1604 2551 venerationemque
1625 2469 1705 2542 ipsis,
1725 2477 1784 2525 tan·

982 2557 1064 2612 quam
1082 2540 1157 2595 urhis
1172 2541 1305 2611 patronis,
1320 2542 1430 2597 Malaca
1446 2542 1609 2597 solemmter
1623 2541 1782 2597 exhibetur.

982 2613 1021 2667 lle
1036 2612 1160 2679 Mariua,
1175 2612 1222 2667 sed
1240 2614 1299 2667 solo
1314 2613 1437 2680 nornine,
1453 2620 1484 2667 ut
1498 2612 1571 2684 apud
1585 2611 1783 2668 Alexandriam

983 2699 1070 2754 passa,
1094 2690 1178 2752 agunt
1202 2683 1274 2738 inter
1302 2683 1519 2755 llieronymiana
1536 2684 1743 2754 Epternacense
1757 2690 1783 2739 et

983 2753 1159 2820 Corbeiense,
1177 2770 1224 2824 pro
1239 2770 1292 2825 qua
1307 2753 1438 2821 because,
1450 2770 1530 2836 quem
1546 2754 1670 2811 codicem
1687 2755 1785 2828 sequi-

979 2832 1025 2879 tur
1035 2825 1380 2891 Florentinius,suhstituit
1390 2826 1666 2893 Marii,Blumiannm
1676 2827 1782 2896 Maria,

979 2896 1027 2950 alii
1044 2896 1129 2950 ierme
1150 2895 1275 2952 dicerent
1286 2898 1347 2953 Mar
1364 2897 1452 2953 arira.
1466 2900 1501 2952 At
1512 2897 1587 2952 enim
1597 2913 1633 2952 ex
1643 2897 1783 2968 prioribus

980 2967 1117 3023 Marinum
1135 2966 1271 3039 accepisse
1296 2914 1435 3024 credimus
1462 2968 1616 3036 Rabanum,
1645 2969 1694 3042 qui
1722 2985 1783 3026 eam

980 3038 1080 3110 elogia,
1092 3039 1288 3096 verosimiliter
1301 3039 1402 3108 alieno,
1413 3047 1540 3105 exornat,
1552 3039 1652 3112 quoda
1662 3041 1784 3098 Nothero

981 3110 1066 3164 ferme
1080 3118 1286 3182 transumptum
1302 3120 1353 3178 est,
1373 3111 1437 3167 licet
1453 3111 1476 3166 is
1491 3112 1542 3166 hac
1558 3111 1604 3166 die
1619 3111 1713 3168 adhuc
1727 3113 1784 3167 im-

999 3184 1118 3236 erl'ectus
1136 3182 1182 3236 sit.
1204 3183 1259 3238 tiur
1278 3198 1344 3237 vero
1360 3182 1388 3236 hi
1404 3182 1460 3237 duo
1474 3198 1534 3237 eam
1551 3183 1712 3239 Antiochiae
1729 3183 1785 3240 tri-

980 3197 1066 3308 buant
1077 3253 1201 3308 invenies
1212 3254 1238 3307 iu
1249 3253 1340 3309 indice
1351 3253 1613 3322 Praetermissorum,
1622 3253 1652 3309 in
1661 3271 1718 3327 quo
1727 3270 1783 3312 non

979 3340 1033 3378 uria
1048 3324 1159 3378 Mariua
1180 3324 1372 3395 distinguitur,
1398 3333 1495 3380 contra
1518 3325 1621 3380 Molani
1644 3327 1675 3380 in
1693 3326 1783 3407 prima

980 3394 1102 3451 editione
1117 3394 1319 3451 coriiusionem.
1331 3397 1428 3452 Noster
1440 3396 1667 3468 hieronymianis
1677 3396 1783 3471 simpli·

981 3467 1051 3522 citer
1070 3466 1190 3532 inhaesit,
1212 3468 1264 3522 nisi
1290 3467 1363 3540 quod
1383 3467 1496 3538 uirginis
1520 3468 1670 3523 laureolam
1684 3469 1784 3526 desua

981 3537 1125 3608 adjecerit.
1142 3539 1205 3593 llaec
1226 3554 1275 3610 pro
1300 3540 1429 3594 instituto
1452 3545 1546 3593 nostro
1567 3538 1722 3608 sufficiunt,
1741 3556 1783 3596 res

982 3616 1041 3664 tcta
1051 3609 1085 3664 ab
1099 3625 1153 3664 oso
1165 3609 1199 3664 ad
1213 3626 1251 3663 xx
1261 3610 1328 3665 lulii
1340 3612 1369 3664 in
1383 3609 1461 3665 Actis
1471 3609 1637 3666 discutietur
1649 3630 1656 3679 ;
1672 3611 1784 3684 quando

981 3680 1088 3736 consuli
1111 3680 1211 3750 poterit
1235 3681 1431 3736 Tillemontius
1450 3689 1526 3736 torno
1549 3680 1625 3748 xvi,
1642 3699 1704 3754 pag.
1721 3683 1781 3739 rol.

981 3754 1071 3823 Atque
1096 3751 1170 3805 hunc
1192 3762 1320 3822 putamus
1344 3767 1505 3822 germanam
1529 3753 1647 3809 Usuardi
1663 3762 1781 3822 textum,

982 3838 1038 3876 nou
1059 3823 1168 3894 qualem
1191 3823 1314 3877 referunt
1335 3822 1477 3879 Grevenus
1501 3834 1528 3878 ot
1550 3824 1690 3891 Molanus,
1710 3823 1782 3897 apud

982 3909 1050 3965 quos
1065 3896 1092 3947 in
1110 3893 1197 3964 prima
1212 3894 1424 3950 annuntiatione
1440 3903 1501 3966 post
1516 3896 1655 3967 crassam,
1669 3896 1782 3952 interie-

982 3974 1082 4020 runtur
1102 3964 1159 4020 hac
1182 3965 1287 4021 rerba:
1306 3968 1373 4022 Cam
1396 3967 1532 4021 Christum
1551 3973 1632 4021 etrum
1652 3968 1680 4022 iu
1695 3968 1783 4039 panis

981 4037 1178 4107 corsfiterentar,
1195 4037 1289 4091 turadia
1312 4037 1424 4092 cruciati
1447 4045 1518 4104 aaut,
1543 4039 1715 4110 quoadusque
1734 4055 1784 4111 per

981 4123 1115 4175 eoronam,
1132 4114 1184 4163 etc.
1212 4107 1288 4163 llnde
1312 4108 1403 4234 inepte
1422 4110 1577 4180 geminatur
1600 4110 1721 4181 phrasis,
1747 4126 1782 4166 ex

983 4177 1211 4249 praecedentibus,
1227 4195 1336 4250 curaque
1381 4197 1451 4234 mnia
1466 4197 1518 4234 raon
1529 4187 1661 4237 cessarent
1671 4181 1784 4237 laudare

985 4250 1131 4317 Christum,
1156 4250 1222 4305 satis
1248 4251 1322 4305 clara
1348 4260 1375 4306 et
1395 4253 1491 4323 plena;
1510 4252 1586 4322 quod
1608 4253 1735 4324 prolecto
1748 4251 1782 4309 ab

982 4320 1137 4377 Usuardina
1161 4321 1291 4377 methodo
1313 4322 1392 4377 brevi
1420 4330 1447 4377 et
1468 4332 1608 4379 succincta
1633 4323 1783 4380 abhorrere

982 4393 1112 4459 videtur;
1132 4394 1212 4464 cujus
1237 4393 1352 4464 proinde
1377 4394 1496 4466 genuina
1517 4393 1683 4465 simplicitas
1703 4397 1783 4467 longe

984 4465 1083 4520 melius
1098 4481 1113 4519 a
1128 4465 1208 4520 nohis
1222 4481 1257 4521 ex
1273 4465 1417 4524 codicibus
1426 4465 1489 4521 aliis
1498 4466 1630 4524 omnihus
1640 4466 1687 4524 hio
1697 4466 1782 4523 relata

983 4543 1011 4592 et
1025 4550 1153 4608 expressa
1166 4543 1217 4593 est.

862 4712 1052 4773 AUCTAlllA.

162 4813 273 4880 linum,
325 4811 420 4867 uritati
453 4811 607 4883 proximus,
641 4809 766 4865 ordinem
801 4810 1063 4882 invertit,Dsoris.
1079 4815 1132 4881 Qui
1146 4814 1280 4871 Vercellis
1294 4815 1408 4872 civitate
1422 4815 1558 4872 oriundus
1570 4814 1782 4888 staprimasra

127 4901 211 4960 agens
233 4885 268 4940 de
316 4883 394 4938 arina
407 4883 528 4938 secundo
544 4882 621 4946 loco;
639 4887 666 4935 et
685 4881 714 4935 in
728 4882 928 4941 Malacensihus

128 4958 260 5016 omittens
275 4956 334 5011 haec
348 4954 440 5021 rerba,
457 4956 482 5009 tu
505 4954 590 5007 idibus
603 4952 700 5007 obruti.

164 5029 291 5087 Gnsvnn.
307 5036 335 5082 et
352 5026 461 5082 Monam.
489 5041 532 5078 aru
543 5023 666 5078 diximus
680 5039 726 5079 eos
740 5027 929 5083 annuntiatio-

127 5117 192 5157 nem
208 5100 326 5173 primam
341 5095 523 5169 amplificare.
569 5166 574 5176 Ι

163 5173 336 5228 Passerem:
356 5172 479 5237 «homa,
491 5168 591 5224 natalis
607 5175 763 5224 sanctorum
775 5178 928 5242 martyrum

128 5243 212 5300 Marci
236 5251 263 5298 et
286 5241 466 5300 Marcelliani.
493 5241 523 5295 ln
547 5239 642 5295 Alrica
670 5241 799 5311 Marchie,
827 5243 929 5298 natalis

128 5322 229 5367 sanctae
254 5315 337 5368 Milia
361 5321 389 5370 et
410 5312 519 5369 Felicis.
543 5335 553 5360 ›
585 5311 654 5368 Vide
677 5314 756 5367 Acta.
780 5314 926 5382 «Themis,

128 5389 285 5438 sauctorum
307 5386 385 5440 Pauli
407 5393 434 5441 et
457 5384 568 5442 Ciriaci.
586 5383 727 5451 Ravenna,
741 5386 841 5442 natalis
860 5402 928 5442 san-

128 5461 236 5511 ctorum
257 5462 410 5526 martyram
432 5456 552 5525 Martari,
578 5454 687 5523 Felicis,
704 5456 787 5512 Ennii
810 5465 837 5514 et
860 5457 927 5514 Cri-

128 5524 213 5598 spini.
237 5525 332 5582 ‹Pide
345 5529 428 5581 etiam
452 5530 530 5586 Acta.
554 5527 669 5583 ‹Sancti
686 5527 817 5586 Autberti
838 5528 928 5585 Abri-

127 5596 245 5654 oatensis
256 5596 466 5667 (abrincatensis
478 5604 519 5656 ael
529 5599 711 5672 abrincensis)
727 5601 858 5674 episcopi.
874 5624 884 5649 ι

163 5667 312 5724 Munsnar.
328 5668 357 5722 in
367 5668 445 5723 tine:
465 5673 514 5726 :ln
525 5672 666 5728 territorio
675 5671 867 5743 Sunonensi,a
886 5671 925 5729 ud

128 5740 227 5807 Cellas,
242 5737 378 5811 depositio
391 5737 465 5796 beati
479 5743 623 5800 Fortunati
639 5742 761 5817 episcopi
770 5753 798 5803 et
811 5761 844 5806 ao
877 5760 925 5802 es-

983 4886 1070 4942 aetatis
1086 4885 1153 4941 hore
1163 4887 1268 4957 peritiae
1279 4887 1432 4943 litterarum
1444 4888 1573 4954 traditus,
1588 4887 1705 4944 micanti
1719 4897 1783 4945 stu·

982 4958 1029 5013 dio
1052 4957 1293 5029 horigobardorum
1319 4960 1501 5030 philosophus
1521 4978 1527 5015 :
1548 4958 1649 5015 deinde
1674 4975 1742 5015 vero
1766 4973 1782 5014 a

982 5029 1061 5084 heato
1073 5030 1209 5085 Germano
1220 5030 1386 5086 Parisiorum
1398 5031 1525 5104 episcopo
1540 5032 1679 5102 cognitus,
1696 5031 1783 5086 vitam

982 5101 1070 5156 salicti
1094 5100 1227 5166 Marcelli,
1251 5102 1388 5173 mediata
1420 5103 1498 5158 urbis
1520 5102 1664 5171 antistitis,
1696 5103 1784 5158 totius

982 5172 1079 5227 mundi
1091 5172 1219 5244 giramini
1234 5173 1424 5229 indubitanter
1433 5174 1572 5245 patefecit.
1587 5174 1652 5229 Post
1666 5174 1782 5246 paulum

982 5260 1048 5300 vero
1073 5245 1215 5317 temporis,
1231 5253 1325 5300 sancto
1347 5247 1484 5301 Germano
1503 5255 1663 5318 aegrotante,
1689 5244 1783 5302 inedia

982 5314 1117 5385 fervente,
1133 5316 1257 5388 angelica
1278 5316 1438 5372 uisitatione
1459 5319 1644 5386 submonitus,
1667 5318 1783 5390 cupiens

982 5403 1091 5461 quoquo
1111 5390 1219 5445 fervore
1243 5389 1440 5460 speculationis
1458 5390 1568 5461 aggredi
1592 5388 1728 5457 Parisius,
1752 5402 1783 5445 ao

980 5476 1021 5516 sic
1035 5462 1109 5518 circa
1124 5461 1286 5517 vicesimum
1298 5461 1332 5516 ab
1343 5459 1411 5517 urbe
1422 5461 1585 5531 milliarum,
1599 5461 1650 5519 Dei
1665 5460 1783 5517 numine

980 5538 1080 5601 tactus,
1097 5534 1126 5586 in
1142 5548 1207 5604 pace
1220 5532 1336 5605 quievit.
1353 5558 1362 5583 s

1015 5604 1260 5673 Ausonum-Min,
1278 5605 1390 5674 Lassa,
1407 5606 1654 5674 Aureum-Mau,
1665 5607 1782 5663 Uersa-

979 5691 1064 5743 rscr.,
1080 5676 1216 5746 Larasa,
1232 5677 1337 5736 boran.
1363 5687 1391 5734 et
1403 5694 1498 5734 surrro
1515 5678 1735 5736 Uariana-Buce.
1752 5677 1781 5732 iu

979 5747 1069 5819 prima
1083 5748 1294 5807 annuntiatione
1317 5758 1378 5823 post
1391 5756 1555 5823 mapsam,
1576 5750 1684 5809 Adonis
1698 5748 1781 5809 verba
