3834 6136
133 194 181 253 791

799 188 954 244 bsuinoi
973 186 1144 245 honneni.

1734 187 1785 244 ise

131 335 201 394 papa
219 316 402 388 intelligatur,
418 312 466 387 qui
480 312 510 368 in
525 311 587 368 aliis
599 310 741 367 codicibus
755 311 809 368 hoc
822 311 867 367 die
883 327 931 368 na·
945 315 971 373 Α
987 310 1102 366 istorum
1119 317 1272 390 martyrum
1293 307 1451 376 Αειε,(1ιιιε
1467 307 1540 364 solas
1550 308 1682 365 nominat
1699 309 1788 366 Victo-

130 400 177 448 tus
191 404 247 445 non
262 395 312 444 est.
329 387 465 444 Ceterum
489 384 562 440 Beda
585 382 685 438 diserte
708 382 754 438 hic
774 383 860 455 legit:
878 385 931 438 Na-

133 464 184 518 iau
196 460 281 516 sancti
296 458 409 515 Damasi
420 473 508 528 papie,
525 454 625 528 quibus
640 455 757 525 paucula
774 454 930 526 superaddi·

131 533 174 590 dit
188 531 325 589 Rabanus.
342 533 495 587 homanum
512 542 625 598 parvum
634 525 815 596 simpliciter:
832 527 931 590 Rama,

130 603 245 662 Damasi
257 621 293 674 pu
313 619 345 657 a.
360 598 436 657 Nihil
447 598 543 669 adjicit
555 596 721 652 Viennensis
731 603 828 668 preter
841 597 931 651 solnm

131 682 272 746 tempusa
309 674 342 739 is,
361 670 434 743 qnod
447 669 481 725 ad
500 685 584 724 aaaas
607 685 687 736 xviii,
703 685 802 722 incuses
821 685 862 735 ni,
877 668 931 722 dies

132 763 153 803 ii
173 744 309 801 extendit.
323 744 356 799 de
376 758 431 814 quo
445 740 512 796 alibi
526 739 703 821 querendum
719 739 783 804 erit,
798 738 839 793 uti
856 746 882 793 et
898 738 932 794 de

132 817 230 873 multis
247 816 320 883 aliis,
344 813 418 869 circa
435 814 546 869 Damasi
569 810 662 866 Vitem
680 817 707 865 ει
726 818 799 881 gesta
816 816 932 865 contro-

132 888 204 943 verti
219 888 319 943 solitis.
333 885 466 940 Videatur
480 882 592 937 Daroiiii
617 881 733 949 notatio,
749 881 797 938 ubi
819 880 851 935 ad
868 897 932 937 suos

131 959 254 1015 Annales
265 957 394 1020 remittit,
409 956 437 1009 in
452 953 553 1026 quibus
563 952 782 1025 prestantissimi
792 952 932 1024 pontilicis

132 1029 215 1086 fidem
229 1038 255 1085 et
271 1043 360 1084 mores
374 1027 505 1083 adversus
518 1025 731 1080 obtrectantium
745 1022 931 1079 Luciferiauo·

132 1117 194 1156 runi
206 1102 383 1158 calumniase
403 1097 475 1167 regie
491 1095 655 1151 vindicavit.
670 1094 772 1152 Cetera
786 1103 932 1166 suggerent

131 1172 319 1243 Hieronymus
337 1178 364 1224 ει
383 1114 477 1223 Deiras
490 1167 690 1239 scriptoresque
703 1166 761 1232 alii,
781 1165 931 1236 exquibus

132 1241 328 1297 Tilleniontius
344 1240 416 1296 Vite
436 1255 547 1294 cursum
572 1238 714 1293 contexuit
728 1245 804 1292 tonia
823 1236 895 1301 Vlll,
916 1254 931 1290 a

132 1328 193 1384 pag.
209 1312 270 1375 386,
285 1329 333 1384 per
343 1310 500 1391 quindecim
511 1309 652 1364 articulos.
665 1306 846 1364 Wandalhert
861 1308 929 1363 iver·

131 1399 178 1439 siis
207 1384 279 1438 inira
302 1383 457 1453 subnotans.
479 1382 595 1436 Damaso
619 1379 757 1436 subnectit
777 1381 931 1436 Romanuin

131 1470 248 1527 parvum
261 1473 267 1509 :
282 1456 319 1509 iii
330 1461 479 1524 martyrum
489 1452 627 1519 Pontiani,
643 1451 799 1506 Praetextati
810 1457 834 1504 et
849 1452 930 1506 Thra-

132 1525 226 1592 si‘oni's,
242 1527 288 1596 qui
300 1525 463 1596 martyribus
477 1525 508 1579 dc
517 1523 691 1592 facilitatibus
709 1522 883 1576 ministravit.
900 1521 931 1576 lii

132 1596 255 1653 eamdem
270 1597 434 1652 sententiam
448 1601 475 1650 et
489 1593 584 1650 eodem
599 1593 696 1650 ordine
716 1594 840 1665 loquitur
859 1590 930 1658 hdo,

986 383 1071 437 rieam
1085 389 1109 436 it
1120 382 1290 451 Fuscianum,
1307 397 1371 437 cuin
1387 379 1439 435 hoc
1454 380 1561 452 elogio:
1576 382 1630 448 Qui
1644 381 1787 452 gloriosis-

985 455 1080 509 simam
1099 454 1159 525 fidei
1176 469 1230 508 suoe
1251 452 1440 522 confessionem
1454 455 1580 522 sanquine
1590 453 1729 523 passionis
1740 454 1787 508 de-

985 533 1161 581 coraverunt:
1178 541 1238 597 que
1253 536 1326 599 patet
1336 522 1505 595 martyribus
1539 524 1784 596 nibuslihetappli·

985 597 1041 653 cari
1058 613 1145 669 posse.
1157 598 1207 653 Ast
1227 597 1382 653 Usuardnm
1396 595 1509 666 prelata
1519 542 1594 653 Data
1608 595 1717 652 vidisse
1736 612 1785 651 ina·

986 668 1118 723 niiestum
1142 676 1192 724 est.
1213 670 1256 724 An
1283 676 1365 740 prout
1379 683 1454 723 nunc
1473 668 1579 725 alicubi
1594 675 1720 733 exstant,
1735 684 1785 724 nan

985 740 1074 794 ausim
1092 755 1229 808 asserere;
1246 757 1308 796 nam
1324 740 1348 795 si
1362 755 1428 793 vera
1442 747 1482 794 εει
1501 739 1679 796 Tillemontii
1693 738 1785 819 conje-

985 818 1073 878 ctura,
1089 811 1139 866 viii
1157 828 1188 867 ea
1203 829 1242 866 xri
1257 813 1387 867 seculum
1409 819 1550 877 superant.
1567 810 1725 867 Fatendum
1740 820 1785 866 ita·

985 897 1038 953 qne
1058 883 1112 937 alia
1138 890 1165 938 ct
1188 883 1297 938 diversa
1319 891 1347 938 et
1368 881 1457 937 multa
1477 882 1639 956 antiquiora
1655 881 1751 949 luisse,
1764 884 1782 939 si

985 968 1048 1008 vere
1063 969 1079 1009 a
1093 955 1175 1009 Floro
1192 955 1294 1026 scripte
1308 961 1382 1021 snrit,
1398 953 1498 1025 quein
1515 962 1612 1009 nostra
1631 952 1714 1009 Dede
1727 953 1781 1009 edi-

984 1025 1060 1080 tione
1074 1027 1097 1080 ci
1111 1027 1284 1094 tribuuntur,
1300 1025 1347 1081 irbi
1362 1041 1411 1097 pro
1427 1026 1544 1080 tarincas
1554 1024 1738 1082 substituitur
1746 1042 1781 1079 sii·

985 1095 1039 1162 des,
1054 1112 1085 1152 ac
1099 1098 1126 1152 iii
1144 1098 1198 1152 line
1212 1099 1346 1153 astruitur
1359 1097 1455 1152 multis
1468 1097 1729 1152 sanctiscommunc
1739 1097 1780 1150 mi·

985 1167 1110 1222 raculnni
1126 1168 1159 1223 de
1175 1168 1286 1239 proprio
1297 1168 1387 1239 capite
1407 1168 1534 1224 manibus
1559 1166 1716 1249 deportato,
1734 1176 1778 1223 eti.

985 1238 1024 1294 De
1039 1238 1162 1294 Usuardo
1173 1239 1288 1294 dubium
1311 1256 1366 1294 non
1381 1247 1422 1295 est
1460 1239 1508 1295 uin
1523 1239 1663 1312 passionis
1675 1237 1780 1294 moduni

986 1324 1021 1364 ex
1035 1309 1103 1380 ipsis
1116 1311 1204 1378 Actis,
1215 1318 1270 1366 uta
1281 1311 1428 1438 bosqueto,
1440 1257 1477 1365 ie
1490 1309 1625 1368 Ecclesiis
1638 1309 1780 1366 Gallicanis

1005 1388 1063 1436 arte
1083 1400 1113 1450 ιι,
1131 1398 1221 1454 apag.
1239 1383 1300 1450 157,
1316 1399 1330 1438 e

986 1396 1291 1559 Dorumcompendium
1298 1453 1402 1509 Gallice
1411 1453 1496 1508 tradit

986 1522 1034 1589 lV,
1047 1540 1106 1595 pag.
1121 1524 1157 1580 itt

986 1592 1127 1664 describit,
1144 1612 1204 1667 que
1224 1603 1313 1651 exstat
1327 1596 1400 1667 apud
1414 1596 1595 1652 blabilionem
1611 1611 1675 1651 saec.
1691 1611 1720 1650 iv
1734 1593 1781 1649 De-

1352 1383 1389 1438 ita
1412 1389 1487 1450 sunt,
1503 1382 1586 1508 yqlane
1602 1381 1777 1462 descripserit.

1163 1543 1175 1579 i
1189 1532 1216 1580 et
1230 1524 1292 1591 iss,
1310 1523 1357 1580 ubi
1373 1532 1400 1579 et
1413 1454 1780 1595 corporuilthetiqqlqstliqqqqquq

132 1683 166 1723 ex
182 1684 237 1739 quo
252 1668 349 1723 Noster
363 1674 447 1723 totam
463 1665 545 1737 elogii
556 1666 598 1722 sui
609 1665 750 1744 materiam
766 1662 929 1745 desumpsit,
946 1682 970 1742 Β
987 1666 1128 1723 nedictino
1142 1675 1218 1739 parte
1233 1685 1264 1734 ii,
1275 1683 1335 1739 pag.
1352 1667 1413 1733 187,
1429 1666 1477 1723 nbi
1493 1667 1618 1723 videnda
1629 1663 1780 1738 previaad·

131 1748 237 1794 mutata
249 1748 340 1795 tamen
351 1739 497 1794 nominum
513 1737 593 1804 serie,
609 1751 691 1808 quam
704 1736 822 1792 dicerem
841 1750 929 1815 ipsunt
986 1739 1104 1795 monitio
1118 1757 1123 1794 :
1140 1738 1185 1796 cui
1198 1737 1263 1819 addi
1276 1745 1366 1810 potest
1375 1738 1462 1793 nostri
1473 1736 1604 1794 hlotharii
1622 1738 1729 1792 notula.
1739 1737 1778 1792 lle

131 1810 454 1880 exllieronymianornm
469 1822 551 1863 sensu
563 1815 646 1863 attem
668 1822 743 1862 erare
753 1806 885 1872 voluisse,
899 1821 928 1860 in

131 1880 232 1952 quibus
259 1881 403 1936 Thraeciis
418 1894 518 1934 nomen
539 1879 629 1951 primo
650 1824 711 1933 foco
735 1878 858 1949 ponitur,
874 1875 929 1931 nisi

131 1951 244 2005 omsiset
268 1950 469 2020 Capituiiaam,
493 1950 541 2021 qui
563 1952 636 2004 inter
653 1948 781 2003 Pontiani
802 1955 829 2002 ει
856 1949 929 2003 Pra-

132 2021 226 2074 teatati
240 2022 368 2075 retertur.
385 2020 442 2074 lloc
455 2020 551 2087 niircr,
563 2021 601 2076 ita
608 2019 846 2074 annuntiationem
858 2019 930 2075 hanc

131 2091 287 2160 cumprime
310 2090 457 2156 coherere,
479 2107 510 2146 ac
533 2090 557 2145 si
572 2098 707 2162 martyres
726 2090 769 2145 illi
786 2090 819 2146 ad
834 2089 928 2146 eadem

130 2159 241 2216 Damasi
254 2169 378 2233 tempora
391 2160 570 2233 pertinerent.
581 2162 644 2232 Legi
658 2168 747 2232 potest
761 2160 928 2217 Florentinii

130 2233 251 2288 notatio.
265 2234 304 2288 De
319 2232 417 2287 horum
434 2241 591 2289 sanctorum
601 2233 679 2288 Actis
694 2232 788 2288 eadem
803 2231 929 2288 habenda

130 2304 256 2359 estratio
270 2319 330 2376 que
349 2302 382 2358 de
403 2304 465 2359 aliis
489 2313 642 2375 martyrum
663 2304 756 2376 gestis,
784 2321 818 2359 ex
841 2303 928 2358 sancti

129 2373 252 2501 garcelli
269 2390 344 2447 pape
360 2375 423 2431 Vita
433 2376 562 2448 acceptis,
577 2392 632 2432 non
647 2377 730 2431 semel
746 2376 872 2447 superius
888 2375 927 2429 iii-

161 2454 221 2503 cata
231 2453 282 2504 esi.

165 2527 197 2581 ln
208 2524 441 2582 Ambianensihus
459 2527 567 2583 variant
588 2529 689 2584 iterum
700 2544 751 2600 apo
771 2527 855 2654 raqha
866 2526 929 2582 llic·

129 2598 305 2668 ronymiana,
330 2597 403 2653 inter
426 2613 486 2669 quai
509 2601 634 2657 exactius
662 2601 728 2671 legit
753 2545 807 2657 {or
827 2599 928 2665 elense,

130 2665 198 2723 dum
213 2667 270 2723 ait:
297 2669 437 2724 Ambianis
457 2669 571 2740 ciuitate,
593 2672 694 2727 natalis
715 2671 845 2737 Victorini,
870 2671 930 2725 Fu-

130 2737 216 2793 sciani
229 2745 254 2794 at
269 2740 393 2795 Gratiani
402 2747 562 2811 martyrum,
574 2758 642 2814 quos
653 2743 735 2798 modo
743 2758 799 2797 non
809 2741 928 2796 multam

128 2807 261 2866 dissimili
282 2812 366 2866 etiam
383 2811 498 2868 exhibet
511 2814 650 2869 Rabanns.
674 2815 819 2881 Florus,ex
834 2828 929 2867 eorum

128 2879 207 2937 Actis
221 2883 357 2937 nonnulle
368 2883 533 2954 producens,
545 2885 656 2940 scribit:
674 2885 769 2941 Passio
777 2889 929 2939 sanctornm

130 2950 264 3021 Gratiani,
291 2953 412 3010 Victorici
430 2961 455 3007 et
468 2954 604 3011 Prisciani.
625 2957 664 3011 Dc
678 2955 723 3010 his
737 2955 809 3009 nihil
827 2955 856 3008 iii
872 2955 930 3008 llo-

128 3038 210 3079 mano
224 3040 328 3097 parvo;
352 3040 403 3080 nec
421 3024 581 3082 verosimile
599 3033 640 3083 est
655 3026 745 3082 Adoni
775 3024 928 3081 innotuisse

984 1811 1085 1877 quibus
1099 1809 1229 1865 omnibus
1250 1826 1280 1864 in
1304 1809 1400 1881 maiori
1416 1826 1497 1880 opere
1521 1808 1636 1865 anobis
1649 1807 1779 1880 copiosius

983 1882 1119 1950 agendum
1144 1882 1205 1937 erit.
1232 1880 1446 1936 Wandalbertns
1467 1881 1541 1936 solos
1564 1879 1740 1936 Victorinum
1758 1885 1779 1934 et

983 1951 1151 2012 Fuscianum
1163 1951 1198 2008 ab
1212 1952 1310 2008 Adone
1325 1952 1429 2024 positos
1441 1952 1481 2009 sic
1495 1961 1558 2025 post
1567 1953 1722 2008 Damasum
1731 1949 1778 2006 suis

983 2026 1111 2085 versibus
1124 2024 1242 2080 honorat
1256 2041 1262 2078 :

1045 2142 1128 2192 Roma
1140 2140 1196 2188 litat
1213 2138 1318 2188 Damasi
1333 2139 1411 2187 ternis
1425 2138 1544 2186 solennia
1557 2151 1643 2201 papea.

1046 2205 1200 2261 Occurrunt,
1214 2201 1373 2264 parilemque
1386 2199 1631 2259 simulViotoricus,
1646 2207 1725 2263 atque

1046 2267 1189 2316 Fascianus
1206 2264 1301 2313 habent
1317 2264 1375 2312 sesti
1389 2265 1494 2326 votique
1513 2265 1646 2312 nitorem:

1046 2327 1175 2378 Ainblaaa
1191 2328 1276 2375 vireat
1288 2340 1398 2389 quornm
1412 2339 1480 2375 nnuc
1492 2340 1554 2375 rura
1566 2339 1671 2374 cruore.

1020 2450 1165 2522 Eutychiae
1180 2465 1215 2504 eii
1236 2448 1461 2520 hieronymianis
1487 2448 1521 2502 ab
1546 2447 1648 2504 Adone
1662 2454 1782 2518 acceptus

983 2532 1034 2591 est,
1049 2521 1166 2578 totidem
1186 2520 1301 2575 omnino
1315 2519 1439 2575 verbisa
1462 2519 1563 2575 Nostro
1584 2526 1779 2589 transumptus.

983 2594 1049 2662 Quae
1067 2600 1142 2666 gesta
1156 2591 1222 2647 olim
1235 2591 1329 2647 habita
1348 2591 1461 2657 fuerint,
1472 2598 1504 2646 at
1516 2591 1621 2646 Hieron
1646 2589 1732 2646 miani
1742 2606 1781 2645 co-

984 2667 1059 2722 dices
1069 2671 1214 2731 testantur,
1231 2663 1322 2719 doceri
1333 2663 1470 2743 cupimus.
1483 2663 1523 2717 Ea
1536 2678 1615 2720 neca
1650 2660 1779 2726 Adonem,

984 2736 1078 2794 necad
1093 2733 1246 2792 Usuardnm
1263 2749 1429 2806 pervenisse,
1450 2733 1625 2790 demonstrat
1644 2749 1738 2789 earnm
1751 2731 1781 2788 de

984 2809 1067 2880 gestis
1076 2807 1229 2863 silentium.
1241 2806 1354 2861 Notabis
1363 2805 1453 2860 obiter
1467 2805 1606 2861 Danielem
1617 2805 1780 2877 prophetam,

984 2896 1000 2934 a
1014 2881 1137 2936 Romano
1148 2885 1266 2950 parvoet
1276 2878 1373 2933 Adone
1382 2892 1432 2932 iiiii
1446 2876 1513 2932 iulii
1523 2877 1679 2948 signatum,
1689 2875 1779 2931 iisdem

985 2951 1077 3006 verbis
1091 2949 1125 3004 ah
1140 2957 1267 3021 utroque,
1284 2948 1376 3003 nescio
1393 2949 1428 3004 ob
1445 2964 1526 3020 quam
1538 2963 1664 3015 causam,
1678 2947 1730 3004 hoc
1740 2946 1781 3003 dic

985 3021 1082 3093 repeti,
1099 3020 1172 3076 nude
1185 3021 1214 3075 iri
1226 3019 1358 3076 unciaria
1371 3028 1464 3076 nostra
1481 3019 1641 3076 transfusus
1651 3025 1701 3076 cst.

857 3157 1048 3216 ancianis.

164 3260 612 3321 Turnacumdehmbienensibns
622 3263 766 3321 sichibet:
787 3264 926 3323 «Ciuitate
941 3271 962 3331 c
981 3261 1130 3336 prophete.
1147 3263 1240 3318 Rome
1250 3262 1296 3317 via
1309 3261 1468 3330 ardeatina,
1484 3263 1572 3320 sancti
1585 3228 1699 3319 Damasi
1706 3277 1779 3344 pape

128 3334 284 3402 Ambianis,
303 3344 460 3392 sanctorum
481 3343 634 3409 martyrum
657 3336 786 3394 Gentiani
806 3345 833 3392 et
856 3337 927 3392 Ful-

128 3407 214 3463 ciani.
232 3432 240 3454 ι
259 3408 366 3463 Desunt
381 3407 497 3480 reliqna.
514 3408 545 3463 lii
560 3408 667 3464 ceteris
680 3425 765 3481 purus
779 3416 829 3464 est.

163 3480 389 3535 evaunen-liiii.
406 3480 435 3534 iii
446 3479 679 3536 Ambianensihns
693 3481 793 3537 similis
808 3488 848 3536 est
857 3480 926 3534 Pni-

128 3565 204 3617 rari,
220 3566 307 3622 purus
321 3551 350 3605 iii
363 3551 488 3621 reliquis,
509 3549 556 3606 sed
570 3560 644 3606 caret
659 3553 768 3607 ultima.

164 3622 314 3676 lloswavo.
331 3627 392 3690 post
400 3620 513 3674 Damasi
523 3620 563 3676 sic
572 3622 811 3678 annuntiationem
828 3620 927 3676 distin·

129 3690 204 3760 gnit:
230 3712 239 3734 ι
257 3690 324 3743 [ιειιι
341 3689 430 3760 passio
442 3691 582 3758 Trasonis,
596 3692 644 3763 qui
658 3709 721 3747 cum
733 3699 836 3747 esset...
850 3707 926 3746 coro·

129 3766 274 3824 natusest,
294 3766 321 3813 ει
335 3759 453 3813 alioruin
467 3762 527 3815 sirie
542 3777 668 3828 nurnero,
680 3778 798 3833 quornm
813 3762 927 3816 nomina

128 3831 203 3886 Dens
217 3828 279 3885 scit.
297 3855 306 3877 ι
327 3828 398 3885 Vide
409 3830 635 3902 Hieronymiana.
645 3830 928 3888 DeAmbianensibus

128 3909 161 3958 nt
173 3901 296 3956 Pitanen.
316 3900 405 3955 Purus
418 3908 459 3956 est
473 3902 503 3955 iii
514 3901 623 3956 ultima.

165 3972 321 4027 Paisiiiraiv.
335 3971 377 4051 sic
389 3969 484 4027 habet:
508 3972 650 4027 «Danielis
661 3972 810 4055 prophete.
822 3975 926 4043 lloine,

128 4043 216 4098 sancti
232 4042 342 4097 Damasi
376 4056 443 4112 apae,
477 4042 506 4097 ui
522 4043 595 4099 rexit
618 4045 770 4101 Ecclesiam
794 4061 881 4101 annos
896 4062 926 4114 x,

129 4127 237 4169 menses
253 4121 326 4168 ιιιει
365 4112 405 4167 ies
416 4129 456 4168 iii.
497 4113 637 4171 ademdie
654 4124 810 4173 sanctorum
825 4125 928 4173 mart·

129 4200 190 4239 runi
206 4182 344 4251 Pontiani,
360 4183 520 4242 Preteirtati
539 4193 566 4242 ει
587 4187 725 4244 Trasanis.
758 4215 766 4238 ι
791 4188 868 4244 Nihil
894 4135 928 4244 iic

128 4254 371 4311 Ambianensibus.
389 4256 421 4310 ln
440 4258 540 4314 ultima
554 4258 639 4315 ferme
672 4275 738 4315 urus
753 4268 803 4317 εει.

163 4326 417 4396 Ameria-liis,
426 4327 595 4387 Uirnnincr.
608 4340 635 4388 ει
650 4277 773 4388 Davana.
785 4349 819 4387 eia
831 4330 928 4388 Adone

127 4404 236 4478 textum
251 4398 392 4470 incipiunt
400 4399 675 4474 Danulmproplietoe.
688 4403 757 4458 Tnm
770 4423 776 4460 ;
799 4427 808 4451 ‹
825 4404 926 4472 lloiiie,

128 4468 347 4551 vianhrdeatina
363 4472 455 4527 natale
465 4474 552 4529 sancti
566 4474 674 4531 Damasi
692 4492 766 4547 papae
780 4484 806 4531 et
822 4475 927 4531 confes·

127 4555 208 4596 soris.
224 4540 276 4598 llic
290 4549 387 4613 rogatu
406 4544 437 4598 B.
449 4543 604 4601 iheronimi
621 4546 743 4602 instituit
757 4546 812 4602 dici
829 4548 857 4602 in
873 4546 927 4602 line

981 3344 1008 3392 ει
1022 3333 1186 3390 confessoris
1201 3352 1207 3399 ;
1224 3333 1271 3405 qni
1282 3334 1475 3389 exhortatione
1484 3333 1559 3389 beati
1574 3334 1724 3401 leronimi,
1741 3349 1777 3388 iii·

981 3407 1073 3462 stituit
1084 3404 1140 3460 dici
1155 3405 1183 3460 iri
1194 3404 1249 3460 fine
1259 3406 1436 3475 psalmorum,
1450 3406 1545 3461 Gloria
1556 3406 1649 3475 Patri,
1660 3414 1714 3463 etc.
1723 3406 1779 3477 ipsi

981 3477 1037 3546 die,
1053 3476 1142 3549 passio
1164 3476 1252 3532 sancti
1278 3475 1417 3544 Trasanis,
1441 3501 1450 3522 ·
1482 3484 1548 3544 etc,
1573 3478 1643 3533 satis
1661 3493 1738 3549 pure,
1753 3483 1780 3531 ut

981 3552 1064 3605 etiarn
1081 3549 1111 3604 iii
1130 3547 1373 3603 Ambianeasibus.
1393 3547 1595 3619 «lallispania,
1608 3552 1698 3606 sancti
1709 3548 1780 3604 Enii·

981 3619 1049 3675 chii.
1066 3644 1075 3665 ι
1097 3618 1219 3675 Additur
1232 3619 1342 3674 diverso
1357 3627 1520 3686 atramento,
1542 3619 1621 3690 ciijus
1647 3627 1717 3690 qesta
1731 3620 1781 3673 ha-

982 3692 1075 3745 beatnr
1099 3692 1231 3745 Demum:
1256 3691 1347 3746 ‹ltern
1372 3691 1505 3746 transitus
1529 3692 1700 3748 venerabilis
1720 3690 1779 3746 l'dai

981 3761 1015 3817 de
1028 3761 1051 3815 N
1054 3761 1155 3841 pvelle,
1168 3762 1297 3818 monialis
1306 3762 1424 3818 cenobii
1435 3764 1468 3819 de
1479 3765 1613 3835 Rameya,
1625 3763 1732 3819 ordinis
1741 3761 1779 3819 Ci-

982 3839 1148 3887 sterciensis.
1167 3857 1177 3880 ι

1018 3903 1198 3958 Hiaanovnn.
1214 3904 1314 3976 incipit
1323 3904 1358 3960 ab
1370 3904 1615 3974 Ambianensibus,
1632 3923 1690 3963 nori
1703 3907 1777 3962 male.

981 3975 1042 4030 Nan
1064 3981 1119 4028 tarn
1144 3991 1228 4046 purus
1252 3983 1293 4032 cst
1312 3976 1342 4031 iri
1360 3976 1499 4033 Thrasone
1523 3986 1550 4032 et
1562 3979 1648 4034 sociis
1664 3987 1745 4052 atque
1754 3977 1778 4033 in

981 4044 1130 4117 Eutychio.
1150 4047 1297 4118 Sequitur:
1320 4072 1329 4095 ι
1344 4047 1447 4117 Rome,
1463 4049 1684 4118 viaArdeatina,
1696 4050 1778 4105 natale

981 4115 1053 4172 beati
1069 4118 1178 4172 Damasi
1195 4134 1270 4190 papae
1286 4127 1312 4174 et
1326 4120 1501 4188 confessoris,
1518 4121 1565 4193 qui
1589 4122 1665 4177 rexit
1685 4123 1778 4178 Eccle-

982 4188 1050 4243 siam
1066 4188 1146 4242 annis
1161 4189 1292 4245 decernet
1306 4199 1379 4258 octo,
1397 4192 1537 4247 mensibus
1552 4191 1655 4248 tribus.
1667 4192 1721 4250 llic
1732 4193 1776 4247 ele

982 4275 1048 4330 gans
1056 4259 1196 4331 ingenium
1208 4259 1237 4314 in
1248 4262 1446 4332 componendis
1456 4262 1584 4319 versibus
1591 4263 1703 4333 habuit,
1716 4263 1778 4320 miil-

983 4337 1063 4403 taque
1079 4331 1173 4386 brevia
1186 4333 1319 4403 opuscula
1333 4349 1433 4405 eroyco
1449 4341 1537 4390 metra
1546 4334 1648 4390 edidit.
1659 4336 1712 4392 Hic
1721 4350 1777 4392 oon·

982 4403 1073 4458 stituit
1087 4410 1118 4457 ut
1133 4401 1229 4472 psalmi
1246 4403 1291 4458 dic
1304 4411 1442 4476 noctuque
1457 4405 1485 4460 in
1501 4406 1628 4462 Ecclesia
1641 4416 1777 4463 materen·

982 4480 1037 4539 tur,
1054 4481 1080 4529 et
1099 4481 1129 4528 ut
1143 4474 1244 4529 chorus
1257 4476 1287 4530 iri
1306 4475 1374 4530 duas
1393 4483 1482 4547 partes
1496 4476 1683 4544 divideretur,
1698 4487 1725 4536 ει
1738 4478 1778 4533 al-

982 4546 1112 4599 ternatim
1139 4555 1277 4602 canerent.
1304 4547 1356 4602 llic
1379 4549 1465 4602 multa
1488 4564 1606 4620 corpora
1625 4558 1776 4607 sanctornm

126 4611 307 4691 psalmorum,
325 4612 588 4672 cresanciacum
604 4633 685 4673 versu
699 4618 834 4690 sequenti.
850 4642 859 4664 ·
882 4618 926 4673 Sc·
943 4627 967 4684 ι)
982 4618 1094 4686 reperit,
1110 4633 1226 4687 quorum
1242 4619 1350 4675 tumbas
1370 4619 1495 4675 versibus
1514 4618 1670 4677 decoravit.
1688 4620 1776 4677 Gloria

128 4688 242 4753 quitur:
262 4684 348 4753 ‹lpso
362 4683 417 4750 die,
441 4687 531 4756 passio
559 4690 646 4744 sancti
669 4690 832 4758 Trasonis,»
857 4700 922 4756 etc,
981 4687 1060 4742 Patri
1072 4688 1177 4743 cantari
1193 4689 1347 4745 constitnit.
1362 4690 1554 4746 blacedoniuin
1576 4691 1736 4748 hereticum
1750 4692 1776 4744 in

127 4765 197 4830 pure
206 4766 254 4821 per
262 4759 352 4833 totuin
363 4762 480 4811 tentum.
493 4757 595 4813 Eadem
607 4758 687 4815 liahet
699 4759 863 4828 Loviiviiiu,
875 4762 923 4817 sed

127 4820 247 4947 equinm
261 4822 491 4904 Ambianensiiim
507 4829 649 4884 rescindit.

189 4908 286 4949 inane.
301 4892 413 4950 brevius
423 4898 548 4954 orditur:
570 4924 579 4946 ι
596 4901 688 4956 llome
703 4901 747 4955 via
762 4901 920 4970 Ardeatina,

126 4964 217 5019 natale
237 4965 325 5021 sancti
345 4968 453 5023 Damasi
471 4985 546 5040 pape
559 4980 586 5028 et
604 4971 778 5027 contessoris.
800 4999 808 5020 ›
830 4974 919 5029 Tum:

132 5035 262 5091 «Eodem
278 5037 332 5104 die,
349 5040 436 5095 sancti
452 5041 574 5096 Danielis
589 5043 739 5114 prophete.
757 5069 765 5090 ι
792 5045 923 5118 Sequitur

125 5113 230 5188 textus,
241 5115 373 5180 utsupra.
384 5110 415 5166 lii
426 5111 509 5167 inodo
522 5115 653 5171 convenit
663 5117 762 5171 Diuic.
775 5117 877 5172 Veruin
888 5119 922 5175 de

124 5178 238 5235 Daniele
252 5179 334 5237 habet
348 5190 379 5238 ut
394 5184 627 5241 harusam-liiii.

162 5249 337 5310 Carrucam:
352 5254 473 5311 Danielis
480 5258 622 5328 prophetia.
644 5260 771 5329 «Rome,
786 5263 922 5334 depositio

125 5319 233 5401 Damasi
246 5340 329 5404 pape
356 5333 384 5381 ει
403 5326 577 5384 confessoris.
602 5331 664 5402 lpso
683 5331 738 5401 die,
762 5343 921 5390 sanctorum

126 5387 264 5481 Pontiani,
281 5396 437 5476 Praetextati
448 5407 530 5471 atque
540 5400 668 5457 Traronis
682 5403 803 5471 diaconi,
819 5415 920 5477 marty·

127 5461 920 5545 iiim.ln(3alliiscivitateAnibianissanctorumFusciani,

126 5527 271 5598 Victorini,
283 5537 443 5616 etGentiani
460 5551 622 5614 iiiartyrniii,
639 5546 687 5616 qiii
699 5547 844 5613 gloriosam
857 5550 920 5604 ndei

125 5601 914 5686 sueconiessionem,sangninepassionisdecoraveruiit.·

124 5670 165 5724 De
179 5670 319 5742 Eutychio
337 5680 418 5736 nihil.

160 5740 361 5803 Basienisa:
382 5752 507 5809 «Octava
527 5764 626 5812 sancia
641 5758 778 5817 Birbarai.
798 5762 923 5822 Danielis

977 4758 1097 4814 concilio
1108 4760 1534 4833 Constantinopolitanocenturn
1545 4763 1775 4836 etqninquaginta

977 4829 1089 4885 Patrum
1110 4829 1172 4885 dani
1194 4831 1280 4900 navit,
1305 4840 1333 4888 ει
1348 4833 1376 4887 in
1390 4850 1454 4905 pace
1467 4833 1549 4901 obiit,
1563 4842 1592 4889 et
1606 4835 1641 4890 ad
1656 4841 1776 4890 sanctum

976 4900 1089 4980 Petrum
1110 4848 1249 4982 sepelitur.
1276 4904 1306 4958 ln
1322 4904 1482 4972 ierusalem,
1508 4912 1612 4961 sancte
1627 4904 1775 4971 Elisabeth,

978 4978 1074 5026 matris
1089 4980 1176 5028 sancti
1191 4972 1305 5029 loannis
1318 4975 1356 5030 Ba
1376 4976 1457 5031 tiste.
1474 4978 1544 5031 lteiii
1559 4976 1634 5047 apud
1648 4975 1775 5042 iaderam,

976 5043 1063 5124 sancti
1073 5043 1159 5098 Naum
1171 5044 1319 5115 prophete.
1331 5071 1339 5093 ·
1355 4992 1406 5103 iiic
1416 5047 1499 5102 hodie
1510 5048 1626 5118 ponitur
1636 5064 1688 5119 pro
1699 5047 1777 5119 hujus

975 5113 1245 5241 qodicisbvoluntate.
1263 5117 1333 5174 Vide
1348 5118 1578 5190 blartyrologium
1605 5120 1776 5176 Romanumi

1000 5201 1074 5242 ecem
1096 5203 1142 5242 ris.

1005 5259 1172 5338 ¹iiouicincr.
1189 5269 1249 5331 post
1265 5262 1375 5317 Damasi
1386 5279 1474 5334 papia,
1487 5263 1602 5319 subdit:
1627 5289 1636 5312 ι
1651 5264 1705 5320 llic
1717 5276 1777 5319 can·

975 5330 1068 5385 stituit
1083 5338 1113 5385 ιιι
1128 5332 1224 5402 psalmi
1234 5332 1278 5388 die
1293 5341 1431 5407 noctuque
1444 5344 1622 5403 canerentur,
1638 5360 1648 5383 ι
1669 5342 1735 5402 etc,
1749 5342 1777 5388 nt

976 5409 1040 5465 vide
1056 5408 1128 5466 inira
1139 5411 1168 5466 in
1183 5413 1373 5469 additionibus
1385 5416 1506 5472 Maniai.
1519 5418 1555 5471 lit
1565 5425 1629 5488 post
1643 5415 1675 5470 vt
1684 5416 1776 5487 judea,

975 5481 1088 5536 additur
1103 5499 1201 5539 noincn
1217 5486 1397 5542 Rictioiiariis.

1014 5553 1214 5635 durinnands
1228 5556 1285 5612 suis
1295 5557 1336 5613 sic
1348 5557 1457 5613 scribit:
1481 5559 1533 5614 «la
1545 5557 1657 5628 Galliis,
1668 5559 1778 5615 civitate

975 5624 1132 5704 Ambianis,
1151 5628 1251 5685 natalis
1271 5635 1428 5685 sanctorum
1453 5637 1611 5702 martyrum
1636 5628 1777 5695 Fusciani,

976 5694 1123 5767 Victoria,
1138 5704 1168 5756 et
1181 5696 1322 5756 Ganuani.
1340 5725 1350 5748 ι

1010 5764 1082 5823 itin
1150 5766 1475 5830 s'iiiiirrsilliniuntur.:
1497 5794 1507 5820 ‹
1528 5771 1642 5832 Damasi
1663 5778 1779 5847 papeet
