3834 6136
57 224 128 283 tout
654 225 836 290 (teusetae
856 233 900 290 tn
920 232 1112 292 tenetote.
1639 240 1708 298 tone

53 392 174 449 quorunr
199 375 381 432 delectatione
406 380 621 451 aequiescamus,
643 398 692 452 per
712 381 855 439 charitatis
871 387 895 445 Α
910 392 987 452 strat,
1004 383 1051 439 uhi
1067 383 1105 441 ait
1122 385 1222 457 (lr'p'al.
1236 386 1271 443 113
1281 386 1316 441 nd
1329 386 1407 458 episc.
1421 405 1498 458 prou.
1516 389 1599 461 Virta.)
1614 409 1620 447 :
1638 391 1709 449 ·0r-

53 463 231 521 tolerantiam
258 465 449 537 perducamur.
475 466 521 524 nit
543 468 636 526 enim:
661 470 721 526 Non
744 477 859 544 artoptas
913 471 1084 528 dicationem
1100 472 1153 529 sibi
1169 474 1273 546 singuli
1297 475 1504 549 metropolitam
1520 493 1630 533 suarum
1651 496 1711 551 pro·

53 555 130 610 sanis
144 554 271 624 medicus,
287 557 332 610 secl
347 559 534 628 aegrotantibus
549 560 655 630 (11111111.
673 564 725 633 ut).
742 560 859 632 Ideoque
914 561 1069 618 vinciarum
1079 561 1196 619 curubis
1206 564 1254 635 qui
1268 573 1381 622 11111111
1391 564 1537 622 sacerdotii
1548 565 1711 638 antiquitate

54 643 78 700 si
95 649 211 716 propter
224 641 329 700 Christi
344 645 519 717 claritatem,
536 649 618 705 etiam
643 667 705 707 eum
720 651 768 725 qui
783 653 858 707 omni
915 647 1097 717 praeveniunt,
1119 649 1247 706 restituto
1270 650 1322 706 sibi
1346 666 1394 722 per
1411 668 1462 708 nos
1473 648 1536 723 jure
1552 651 1712 709 defendant.

53 748 91 789 ex
117 739 194 805 parte
218 731 346 789 fortassis
367 743 480 807 aegrotat
503 736 635 808 repellere
649 738 684 794 ab
697 738 790 796 animo
803 757 859 796 uon
915 733 1045 791 Alienum
1067 735 1113 808 jus
1135 738 1617 798 1111111111111111111111111111111
1634 760 1640 799 :
1656 741 1712 797 suis

53 820 202 887 dehemus,
226 822 358 895 quoniam
382 824 474 879 sanari
496 832 585 897 potest
608 843 655 899 per
669 826 784 884 verbum
798 829 859 897 Det,
916 820 1062 894 limitibus,
1079 826 1136 882 suis
1151 825 1279 882 terminis
1291 826 1327 882 sit
1342 828 1532 901 uuusquisque
1551 837 1707 888 contentus.

54 919 162 985 quanto
188 908 281 966 minus
302 927 377 979 eum,
402 913 450 984 qui
477 922 587 986 propter
601 931 651 971 nos
665 914 754 972 videri
769 923 858 988 potest
914 910 984 966 Nam
1004 914 1129 970 omnium
1153 915 1341 973 Ecclesiarum
1366 923 1468 974 stattun
1488 924 1515 973 et
1536 918 1711 975 concordiam

56 1009 133 1058 totus
154 1006 283 1072 aegrotus,
308 998 373 1071 quia
397 1000 521 1072 quadam
548 1000 606 1072 ejus
621 1002 713 1059 saucia
727 1003 756 1059 in
770 1005 860 1077 primo
914 1002 1048 1058 custodiri
1063 1004 1386 1076 cupimussaeerdotum,
1398 1006 1432 1063 ad
1444 1006 1579 1064 unitatem
1589 1024 1639 1065 vos
1653 1008 1713 1064 uin·

55 1089 184 1163 ingressu
209 1087 338 1144 amicitiae
354 1105 410 1144 non
432 1090 860 1167 111111111111111111,11111111
914 1091 977 1147 culo
992 1091 1136 1150 charitatis
1153 1093 1306 1163 hortantes,
1322 1103 1353 1150 ut
1380 1112 1486 1168 eaquae
1510 1112 1527 1153 a
1550 1095 1641 1166 nobis,
1658 1100 1714 1154 Deo

55 1188 99 1237 est
109 1178 232 1253 grauius,
242 1177 464 1235 cumollensiono
475 1181 561 1239 animi
571 1181 604 1238 dc
614 1191 671 1240 1111
681 1183 859 1242 homineausi
915 1180 1066 1252 inspirante
1083 1188 1110 1238 et
1129 1181 1289 1240 beatissimo
1313 1184 1393 1240 Petro
1414 1185 1559 1257 apostolo,
1581 1185 1714 1243 discussis

56 1285 155 1326 sumus
171 1267 347 1326 temerariam
360 1267 514 1340 praejudicii
526 1271 861 1329 1111111111111111111111
915 1268 1094 1343 probatisque
1110 1288 1184 1329 nunc
1199 1272 1329 1329 omnibus
1343 1272 1443 1343 causis,
1455 1274 1564 1332 decreta
1576 1283 1651 1346 sunt,
1664 1293 1714 1350 pro

56 1358 190 1416 timentes
204 1356 279 1431 quod
293 1357 399 1414 dictum
415 1366 473 1416 est:
490 1361 578 1417 lllolite
590 1360 724 1432 judicare,
739 1361 862 1433 11111111-
917 1367 1007 1417 uestra
1019 1378 1084 1435 paee
1096 1369 1122 1418 et
1136 1362 1270 1434 dignitate
1283 1366 1409 1422 servetis.
1426 1365 1506 1424 Certe
1517 1383 1573 1423 non
1588 1374 1644 1424 11111
1660 1382 1707 1424 uo·

55 1448 153 1506 remini
162 1466 173 1515 ;
186 1454 224 1517 et,
242 1448 300 1514 Quo
315 1464 438 1505 nrerrsuro
452 1450 534 1505 mereri
553 1449 669 1521 fueritis,
691 1451 718 1506 in
733 1469 862 1508 1111111-
916 1457 972 1505 stro
986 1466 1067 1522 qttam
1083 1460 1176 1508 vestro
1192 1451 1291 1509 honori
1307 1454 1438 1527 prolicere
1463 1472 1512 1511 ros
1526 1456 1593 1512 talia
1606 1456 1715 1513 consti-

57 1539 142 1594 tirtur
154 1536 227 1593 eolis
242 1536 348 1610 (1111111.
365 1537 428 1611 vn).
448 1537 524 1612 Saepe
540 1547 631 1596 autem
647 1541 696 1597 illa
712 1557 772 1614 quae
789 1542 862 1599 bona
918 1541 1002 1599 tuisse
1026 1544 1228 1617 cognoscimus.
1245 1546 1306 1602 Non
1325 1546 1400 1604 euim
1420 1546 1500 1605 nobis
1524 1548 1713 1609 ordinationes

56 1636 136 1697 sunt,
152 1626 229 1700 prius
253 1635 403 1699 apparent:
420 1627 450 1683 in
474 1627 575 1701 quibus
589 1630 670 1686 etiam
686 1631 860 1687 temerarium
916 1637 1071 1689 vestrarum
1088 1633 1299 1706 provinciarum
1314 1633 1499 1708 defendimus,
1511 1638 1559 1695 sed
1573 1638 1652 1697 vobis
1667 1655 1715 1712 per

56 1716 261 1775 benevolentiae
268 1715 406 1789 judicium
417 1718 570 1774 cauendum
580 1727 630 1789 est,
644 1735 678 1776 ne
693 1736 755 1778 cum
772 1727 859 1776 tetum
876 1753 899 1812 B
916 1734 1034 1783 rostram
1045 1728 1267 1787 sollicitudinem
1278 1730 1462 1803 vindicamus,
1473 1750 1507 1791 ne
1518 1734 1714 1808 quidulterius

57 1807 333 1882 bonumpntaueris‚
350 1824 458 1882 eaque
480 1817 574 1882 postea
588 1812 660 1866 mala
674 1811 860 1884 apparuerint,
917 1815 999 1872 liceat
1020 1817 1149 1888 novitati,
1177 1834 1228 1877 nec
1250 1822 1443 1895 presumptori
1468 1823 1546 1880 locus
1570 1824 1643 1880 ultra
1657 1822 1715 1896 jaru

58 1916 192 1958 securum
202 1906 228 1955 et
239 1897 404 1971 imparatum
416 1906 442 1955 te
451 1898 608 1968 inueniant,
619 1909 647 1956 et
657 1901 768 1973 gravius
778 1900 863 1956 olien-
917 1911 1006 1977 pateat
1020 1907 1167 1981 privilegia
1182 1919 1272 1967 vestra
1286 1911 1422 1969 cassandi.
1439 1911 1544 1970 Nostrae
1558 1914 1633 1971 euim
1647 1932 1713 1988 gra-

59 1991 179 2060 dant,ut
189 2005 251 2046 eum
263 2004 344 2062 quern
360 1996 463 2045 temere
473 1988 610 2047 dilexeras
622 1990 750 2047 acerbius
759 1991 861 2059 oderis,
918 1997 1047 2053 tulationi
1062 1998 1117 2056 hoc
1135 2000 1225 2056 soluru
1240 2017 1361 2058 crescere
1378 2001 1550 2074 profitemur,
1573 2005 1596 2060 si
1612 2013 1639 2061 et
1654 2022 1717 2078 apo·

60 2081 136 2155 qnod
148 2079 225 2137 nesae
235 2088 275 2136 est
287 2098 292 2136 :
305 2078 369 2152 quia
384 2078 492 2136 etiarnsi
505 2079 583 2136 111111
596 2079 655 2152 ejus
669 2081 743 2137 bona
756 2095 863 2153 praece-
918 2084 1022 2141 stolicau
1038 2086 1111 2144 sedis
1125 2089 1281 2146 reuerentia
1294 2090 1368 2162 apud
1383 2108 1432 2148 vos
1447 2090 1558 2149 illibata
1577 2102 1714 2164 servetur,

60 2175 182 2244 deronl;
207 2184 234 2234 et
258 2177 316 2233 haec
339 2193 400 2250 quae
423 2182 485 2248 post
508 2175 685 2248 apparuerint
700 2177 772 2232 mala
786 2177 862 2249 prius
918 2179 944 2228 et
959 2188 1007 2244 per
1020 2175 1199 2233 sacerdotalis
1218 2177 1372 2251 discipliuae
1387 2180 1541 2236 custodiam
1557 2180 1717 2239 111111111-

60 2266 229 2335 eminerent,
240 2263 381 2322 toleranda
396 2271 583 2333 tamenerant,
593 2264 682 2321 donec
696 2265 862 2321 omniacum
918 2268 975 2318 stro
990 2263 1079 2335 perire
1103 2265 1179 2338 quod
1197 2283 1278 2323 suum
1294 2276 1334 2325 est
1347 2268 1480 2341 improbis
1494 2270 1718 2343 usurpationibus

61 2356 113 2412 illo
128 2370 230 2430 ageres,
245 2353 422 2428 qtribustalia
432 2353 522 2410 sanari
539 2354 629 2410 solent
641 2371 646 2409 :
660 2362 762 2427 quanto
777 2354 864 2427 magis
918 2366 975 2406 non
991 2349 1145 2408 sinamus.»

60 2461 127 2503 cnm
151 2461 182 2503 ea
205 2444 277 2502 bona
304 2451 511 2517 praecesserunt,
528 2460 588 2517 quae
603 2451 735 2517 tanquam
749 2443 864 2518 pignora
954 2469 1026 2527 130oe

387 2534 393 2545 .
713 2535 718 2545 ,
1040 2470 1107 2543 quia
1121 2470 1208 2544 magis
1225 2472 1325 2529 honori
1341 2473 1618 2546 metropolitanorum
1634 2475 1716 2550 proli·

62 2552 115 2591 nos
129 2534 231 2591 debent
246 2535 279 2591 ad
293 2542 445 2607 posteriora
461 2534 602 2612 toleranda
616 2542 802 2606 constringere
815 2535 828 2591 1
1707 2541 1716 2563 ·

919 2557 997 2616 ciunt
1022 2576 1054 2616 ea
1075 2577 1135 2634 qnos
1159 2560 1213 2619 1111
1236 2562 1318 2618 modo
1338 2563 1434 2620 statuit
1449 2564 1527 2620 aedos
1540 2566 1713 2637 apostolica,

100 2645 162 2719 Ipsa
176 2652 217 2702 est
231 2662 295 2717 ergo
311 2648 356 2701 lex
370 2643 473 2703 Christi
489 2652 520 2701 ut
535 2644 656 2702 inuicem
674 2659 757 2701 onera
771 2651 865 2701 nostra
920 2665 1002 2721 quam
1017 2649 1071 2706 sibi
1087 2652 1239 2707 conterant.
1258 2652 1335 2709 Unde
1348 2659 1375 2708 et
1389 2667 1499 2708 omnem
1521 2669 1570 2710 cor
1585 2669 1716 2712 cerneum

63 2745 216 2811 portemus.
229 2737 370 2795 Christum
387 2743 477 2793 autern
492 2735 632 2810 diligendo
647 2737 727 2792 facile
741 2736 865 2792 sustine·
921 2737 1067 2794 habentem
1082 2739 1152 2796 illud
1167 2750 1278 2812 tangere
1294 2739 1384 2810 debet,
1400 2741 1579 2815 quodeodem
1594 2742 1717 2815 ejusdem

65 2845 131 2885 mus
141 2827 331 2885 infirmitatem
343 2827 466 2896 alterins,
476 2826 558 2883 etianr
569 2843 649 2899 quern
665 2826 787 2882 nondum
797 2840 865 2897 pro·
921 2843 996 2899 papae
1012 2835 1089 2883 tomo
1103 2828 1250 2885 disseritur
1262 2828 1297 2884 do
1317 2844 1480 2903 quocunque
1495 2830 1543 2902 qui
1558 2829 1617 2903 ejus
1636 2839 1720 2906 pote-

64 2927 129 2992 pter
152 2936 202 2975 sua
215 2920 288 2975 bona
302 2917 454 2989 diligimus.
470 2916 627 2990 Cogitamus
641 2918 726 2981 enirn,
742 2916 806 2989 quia
820 2917 866 2972 ille
921 2924 1018 2972 statem
1036 2925 1122 2974 tentat
1136 2918 1296 2992 infringere.
1313 2920 1445 2977 1111111111
1457 2919 1536 2993 (ibid.
1554 2920 1582 2975 in
1591 2921 1695 2993 princ.)
1710 2940 1716 2981 :

65 3025 149 3082 quem
168 3009 320 3082 diligimus,
329 3008 466 3064 Dominus
479 3013 591 3080 propter·
600 3023 662 3063 euru
678 3014 804 3063 mortuus
814 3012 864 3062 est.
929 3005 1060 3063 «Divinae
1075 3006 1183 3064 cultum
1198 3009 1352 3080 religionis,
1365 3024 1445 3080 quem
1462 3009 1491 3064 in
1506 3025 1601 3066 omnes
1615 3010 1717 3081 genios,

66 3096 156 3165 Quam
180 3096 344 3155 charitatem·
368 3097 448 3153 nobis
475 3096 615 3168 apostolus
634 3094 734 3150 Paulus
753 3093 865 3165 ingessit
882 3109 905 3172 G
923 3110 1071 3169 omnesque
1085 3097 1211 3154 nationes
1233 3097 1282 3153 Dei
1299 3097 1388 3153 voluit
1403 3098 1489 3169 gratia
1508 3113 1663 3166 coruscare,
1679 3099 1719 3154 ita

66 3206 132 3248 cum
150 3189 270 3248 diceret:
286 3195 324 3247 Et
335 3192 434 3263 peribit
455 3191 578 3263 leprosus
596 3188 624 3243 in
641 3194 685 3242 tuo
700 3185 866 3253 conscientia,
923 3184 1058 3241 Dominus
1078 3194 1171 3241 noster
1199 3187 1277 3242 Jesus
1303 3186 1440 3254 Christus,
1467 3185 1582 3242 humani
1610 3187 1719 3258 generis

66 3281 165 3351 frater,
175 3288 285 3353 propter
293 3298 368 3352 quem
384 3282 506 3338 Christus
516 3285 636 3335 mortuas
646 3284 683 3332 est
694 3277 723 3348 (l
737 3275 800 3331 Cor.
813 3273 866 3345 xi).
923 3273 1058 3344 Salvator,
1074 3275 1108 3331 ad
1118 3274 1243 3330 omniurn
1254 3275 1441 3348 apostolorum
1453 3273 1573 3331 officinm
1585 3275 1720 3348 pertinere

67 3369 114 3439 Ut,
133 3369 155 3424 si
171 3369 250 3425 illum
267 3370 409 3427 infirmum
424 3378 536 3441 propter
555 3366 655 3422 vitium
671 3379 725 3437 quo
741 3362 869 3418 infirmus
923 3363 1022 3430 voluit,
1039 3364 1108 3419 utin
1122 3363 1280 3420 beatissimo
1291 3365 1372 3420 Petro
1388 3364 1581 3435 ‘apostolorum
1595 3364 1720 3420 omnium

66 3465 110 3514 est
128 3458 221 3514 miuus
235 3457 389 3530 diligimus,
409 3457 489 3511 illum
506 3455 534 3510 in
549 3470 582 3508 eo
601 3452 805 3508 consideremus
821 3452 868 3524 qni
923 3469 1032 3509 summo
1047 3452 1237 3524 principaliter
1260 3454 1419 3519 collocaret,
1446 3461 1478 3509 ct
1499 3452 1533 3509 ab
1559 3453 1619 3525 ipso
1643 3455 1722 3527 quasi

68 3556 198 3603 mortuus
213 3554 254 3602 cst
281 3553 393 3617 propter
415 3544 516 3614 ipsum.
545 3541 686 3599 Christum
707 3548 797 3597 autem
812 3557 868 3598 non
924 3541 1042 3615 quodam
1056 3542 1149 3612 capite
1164 3542 1237 3598 dona
1251 3559 1300 3599 sua
1314 3543 1398 3600 vellet
1409 3542 1438 3597 iu
1448 3557 1549 3614 eorpus
1561 3556 1644 3599 omne
1658 3557 1722 3599 nra-

67 3634 197 3708 diligere‚
215 3649 271 3687 non
296 3630 452 3698 infirmitas,
469 3631 517 3687 sed
536 3647 609 3687 mors
632 3638 682 3689 est.
699 3630 870 3704 Quapropter
924 3646 999 3698 nare,
1012 3638 1042 3685 ut
1050 3637 1189 3688 exsortem
1198 3647 1227 3688 se
1238 3630 1363 3705 mysterii
1376 3630 1542 3704 intelligeret
1551 3646 1610 3687 esse
1619 3629 1721 3700 divini,

68 3722 180 3796 ingenti
194 3737 271 3789 cura,
285 3728 312 3777 et
327 3720 473 3791 implorata
486 3719 536 3776 Dei
550 3719 738 3777 misericordia
748 3719 869 3792 eogitari·
924 3720 971 3794 qui
985 3736 1068 3776 ausus
1082 3720 1178 3780 luisset
1197 3737 1213 3779 a
1228 3731 1311 3794 petre
1325 3719 1466 3777 soliditate
1490 3719 1626 3778 recedere.
1643 3719 1723 3779 Hnnc

66 3812 137 3871 dum
155 3817 243 3867 estne
258 3808 400 3867 Christum
415 3807 867 3882 negligamuspropterinfirmnm,
924 3809 1042 3877 enimin
1058 3811 1227 3867 consortium
1243 3809 1397 3867 individue
1408 3809 1525 3866 unitatis
1538 3817 1721 3882 assumptum,

68 3917 134 3960 eum
151 3898 294 3955 infirmum
305 3898 453 3955 debeamus
464 3898 578 3970 diligere
592 3907 703 3971 propter
716 3896 867 3955 Christum.
925 3898 952 3954 id
967 3899 1039 3973 quod
1048 3899 1107 3973 ipse
1118 3908 1176 3958 erat
1187 3900 1276 3959 uoluit
1286 3900 1425 3957 nominari
1437 3898 1572 3956 dicendo:
1588 3901 1626 3957 Tu
1640 3916 1666 3955 es
1675 3901 1723 3956 Pe·

105 3991 212 4064 Itaque,
237 3989 349 4046 domine
371 3996 457 4060 pater,
480 3986 563 4043 hahet
576 3986 622 4044 1111
637 3987 758 4043 1111111111
775 3995 870 4059 pater·
925 3993 992 4058 trus,
1006 3996 1030 4045 et
1042 3990 1197 4060 superhaec
1210 3998 1313 4061 petrem
1323 3989 1458 4062 edificabo
1475 3988 1622 4045 Ecclesiam
1636 4005 1724 4045 111111

69 4079 146 4138 nitas
160 4086 253 4134 restra
269 4077 406 4133 virtutum
422 4077 510 4148 copiis
524 4074 655 4148 perlecta,
669 4074 736 4149 quid
752 4075 870 4148 perfecte
925 4079 1030 4145 (11111111.
1043 4078 1255 4148 1111111111τηί
1267 4076 1362 4149 templi
1372 4077 1519 4133 aedisrcatio
1528 4076 1649 4134 mirabili
1661 4094 1719 4136 mu·

70 4168 216 4227 comedat:
239 4167 347 4224 invenit
371 4174 397 4222 et
412 4165 457 4222 hic
471 4166 592 4238 parvitas
617 4180 684 4233 mea,
701 4163 786 4221 nullis
801 4164 871 4221 tutta
924 4181 989 4221 nere
1003 4165 1095 4237 gratiae
1109 4163 1169 4232 Dei,
1182 4164 1211 4218 in
1225 4164 1298 4218 Petri
1315 4162 1456 4217 soliditate
1471 4163 1643 4219 consisteret.
1664 4164 1716 4220 Ve-

71 4256 242 4332 probitatum
267 4254 412 4327 praesidiis,
435 4254 501 4326 quid
516 4253 675 4324 imperfecta
701 4261 789 4326 sugat.
806 4253 871 4310 Haeo
925 4271 986 4310 rum
1009 4254 1081 4311 banc
1104 4262 1187 4325 petrae
1211 4248 1518 4308 istiussacratissimam
1533 4248 1717 4319 firmitatem,

68 4356 112 4405 est
127 4346 201 4404 enim
216 4346 340 4419 apposita
355 4344 454 4412 forma,
465 4343 509 4401 cui
526 4359 640 4415 maguus
655 4351 683 4400 et
695 4360 796 4416 parvus
807 4342 871 4416 jure
924 4345 981 4400 Deo
994 4336 1724 4409 11111111111111111111111,1111111111111,111111111111

68 4437 194 4508 imprimi
209 4437 332 4509 possint:
349 4451 400 4491 nec
423 4444 464 4489 est
481 4433 620 4489 invidiosa
635 4432 718 4504 hujus
731 4434 786 4490 uiri
802 4451 868 4506 per·
924 4432 985 4488 vult
1000 4431 1214 4506 praesumptione
1227 4429 1341 4497 violare,
1354 4427 1480 4500 quisquis
1489 4425 1549 4498 ejus
1561 4434 1723 4499 potestatem

68 4542 150 4595 sona,
164 4542 246 4598 quam
257 4542 307 4597 pro
323 4539 365 4579 me
380 4522 513 4596 agendam
523 4520 712 4578 mediatricem
723 4521 868 4579 introduxi
925 4529 1012 4578 tentat
1031 4521 1193 4594 infringere,
1209 4517 1328 4575 favendo
1341 4515 1543 4589 cupiditatibus
1566 4514 1635 4584 suis,
1652 4522 1679 4572 et
1694 4513 1724 4571 id

68 4615 271 4689 qualiscunque
283 4615 375 4669 trater.
388 4611 556 4669 Filiusenim
568 4611 698 4683 indignus
708 4628 768 4668 sum
780 4612 867 4668 uomi-
925 4613 998 4686 quod
1012 4613 1117 4686 accepit
1133 4628 1149 4668 a
1164 4607 1303 4666 ueteribus
1318 4623 1374 4664 uon
1394 4606 1545 4680 sequendo,
1572 4622 1635 4663 curn
1650 4605 1723 4661 nulli

69 4704 144 4770 nari,
162 4719 196 4759 ne
224 4711 315 4759 vestra
339 4718 447 4775 peream
463 4701 587 4758 scientia.
604 4703 701 4758 Fateor
715 4702 789 4757 euim
804 4700 869 4773 quia
925 4702 1066 4759 subditum
1082 4701 1146 4774 legi,
1172 4700 1258 4756 nullis
1273 4698 1459 4757 institutionis
1472 4696 1626 4756 Dominicse
1636 4695 1724 4756 credit

69 4810 103 4851 ea
127 4809 188 4866 quae
212 4792 304 4848 taliter
323 4791 455 4860 scribitis,
480 4807 536 4848 non
560 4808 595 4848 ex
608 4790 699 4848 radice
727 4789 869 4849 charitatis
926 4791 1028 4862 regulis
1040 4788 1187 4858 contineri,
1205 4797 1327 4845 auestro
1337 4796 1485 4861 nostroque
1495 4803 1544 4861 per
1553 4803 1636 4844 novae
1647 4803 1723 4844 usur·

69 4878 198 4951 intelligo
213 4877 333 4950 prodire,
349 4894 400 4933 nec
416 4895 431 4933 a
446 4878 522 4934 fonte
535 4876 659 4949 genuine
683 4877 792 4949 pietatis
806 4890 870 4930 ma·
926 4878 1047 4950 parionis
1060 4875 1649 4950 1111111111111111111111111111,11111111ηά1
1661 4873 1724 4929 illi-

69 4985 149 5026 1111,
166 4967 228 5024 Non
243 4967 323 5024 debet
339 4985 387 5041 pro
401 4985 461 5024 mea
476 4968 595 5025 stultitia
616 4975 705 5023 vestra
720 4965 870 5022 11111111-
926 4967 991 5036 cita,
1007 4977 1034 5025 11
1043 4986 1103 5043 qne
1113 4965 1357 5026 custodiredebuit
1367 4965 1540 5038 negligendo.
1552 4964 1655 5020 Verum
1665 4961 1724 5019 lraee

69 5056 697 5135 11111111111111111111111111111,11111111
710 5063 870 5111 estnecesse
927 5075 988 5127 nos,
1005 5061 1061 5115 Deo
1076 5067 1107 5115 ut
1119 5059 1258 5117 credimus
1282 5059 1429 5131 aspirante,
1456 5063 1564 5113 servata
1585 5055 1660 5112 circa
1672 5069 1723 5110 vos

74 5140 870 5222 responderi:secundumsenemelliciaturrespondensei
929 5157 1028 5204 nostrae
1052 5148 1193 5206 chariratis
1221 5149 1317 5221 gratia,
1342 5162 1424 5219 quam
1455 5143 1595 5202 sanctitati
1625 5150 1724 5199 svestra

70 5238 183 5305 similis,
196 5238 326 5311 quoniam
342 5237 413 5294 sicut
423 5236 548 5308 intelligo
559 5237 598 5292 sic
609 5233 869 5307 loquor.Nunquam
928 5235 1079 5308 apostoliea
1089 5236 1290 5308 sempersedes,
1300 5243 1331 5291 ut
1341 5233 1517 5302 meministis,
1529 5230 1674 5303 impendit,
1684 5230 1725 5287 ni·

70 5335 146 5386 certe
161 5327 196 5383 ad
211 5328 264 5385 hoc
279 5329 312 5384 de
326 5327 561 5401 apostolicasedis
576 5325 720 5398 privilegio
734 5323 871 5380 efferendo
929 5327 1016 5382 timur
1029 5325 1147 5383 consilio
1158 5326 1308 5382 maturiore
1318 5325 1464 5396 corrigere,
1476 5331 1664 5380 elvestrarum
1673 5322 1724 5379 Ec·

70 5417 607 5491 11111111111111111111,11111111111
625 5415 873 5473 lrocminoraretur
929 5416 1074 5473 elesiarum
1102 5422 1206 5471 statum
1233 5413 1439 5472 communicato
1470 5411 1614 5470 vobiscum
1632 5411 1724 5468 labore

71 5509 228 5584 quantitas,
242 5511 289 5567 sed
310 5511 367 5567 imo
381 5520 412 5567 ut
427 5520 517 5567 vestra
530 5526 593 5582 erga
608 5525 658 5565 nos
672 5516 804 5564 cresceret
819 5523 872 5562 au·
929 5523 1095 5580 componere
1111 5524 1117 5562 z
1134 5520 1189 5563 non
1200 5520 1272 5561 nova
1286 5503 1473 5571 instituentes,
1489 5501 1723 5559 sedveterareno·

70 5601 188 5661 ctoritas
197 5619 203 5658 :
212 5599 286 5674 quod
295 5601 363 5657 illud
376 5618 450 5675 papae
464 5600 562 5658 Leonis
571 5597 873 5658 enucleanterderuon-
930 5607 1038 5665 ventes,
1052 5605 1083 5655 ut
1099 5596 1128 5653 in
1143 5603 1230 5654 status
1244 5591 1454 5664 consuetudine,
1470 5609 1530 5668 quae
1544 5591 1624 5650 uobis
1639 5607 1655 5649 a
1668 5606 1725 5647 no-

219 5700 340 5764 Parnou.
360 5699 486 5759 CXXIV.
1564 5687 1601 5748 et
