3834 6136
68 200 127 257 857

66 326 165 384 Piidie
179 323 247 382 irai.

608 198 926 258 MARTYROLOGIUM.
946 232 980 243 —-
994 201 1089 258 lllENS
1109 200 1191 258 oud.

1670 210 1723 268 858

1611 333 1661 390 Die
1677 335 1721 394 ai.

104 418 211 483 Romae,
229 414 329 470 natalis
344 415 432 470 sancti
456 414 584 471 Silvestri
601 432 688 488 papae,
704 415 783 487 cujus
806 425 884 474 actas
906 418 974 476 clari
989 419 1135 477 habentur.
1153 420 1235 493 ilpnd
1256 420 1388 489 Senones,
1413 419 1557 477 beatorum
1581 422 1722 482 Sabiniani

66 506 192 581 episcopi
208 515 236 561 et
255 503 424 573 Potentiani,
440 505 486 577 qui
502 504 659 577 apontifice
674 507 797 563 Romano
811 509 845 563 ad
861 509 1066 582 predicandum
1082 510 1190 579 directi,
1204 510 1330 567 eamdem
1346 511 1522 585 metropolim
1539 515 1665 584 martyrii
1679 515 1722 572 sui

65 596 244 655 confessione
265 595 405 650 illustrem
420 595 555 651 iecerunt.
572 601 582 626 ¹
597 596 632 652 Et
647 596 676 650 in
690 596 785 652 eadem
801 597 878 666 urbe,
895 609 997 658 sanctas
1013 597 1155 658 Columbae
1170 598 1305 670 virginis:
1323 615 1384 672 qua
1403 605 1532 670 superato
1547 599 1619 672 igne,
1633 601 1723 672 gladio

64 704 137 745 caesa
150 693 192 743 est
208 683 310 758 [Addit
324 685 469 741 Boaittart.
487 703 492 741 :
508 684 588 757 jussu
601 686 743 742 Aureliani
757 686 900 759 principis.
915 688 1052 758 Ratiaria,
1068 688 1156 746 sancti
1171 687 1483 759 Hermetiscxorcistae.

822 863 938 922 NOTAE.

99 1021 186 1077 Plane
213 1015 276 1088 puri
296 1021 361 1070 sunt
384 1013 532 1081 herinias„
559 1016 717 1110 tornacen,
733 1016 864 1087 Antaarp.
888 1024 916 1076 et
943 1019 1145 1088 liae-Labeo„
1167 1021 1314 1092 Munerat,
1336 1025 1428 1095 prima
1451 1025 1539 1081 Batiai
1552 1027 1640 1097 editio,
1663 1029 1725 1085 Gre-

64 1126 123 1165 oen.
139 1115 167 1163 et
181 1107 286 1163 Malaia.

100 1323 202 1378 “Prat
219 1317 341 1376 codicem
357 1335 420 1374 cnm
437 1317 658 1390 antuerp-Mai
675 1328 702 1376 et
717 1317 862 1390 llosweyd.

64 1394 200 1453 excedere
213 1390 357 1448 contendit
375 1388 507 1444 Sollerius
521 1405 553 1444 eo
567 1390 641 1461 quod
666 1399 726 1462 post
748 1408 814 1447 casa
828 1396 867 1445 est

63 1467 170 1523 addant
185 1479 265 1533 jassa
288 1460 431 1516 Aureliani
448 1459 589 1543 principis.
614 1461 682 1529 Quis
704 1478 758 1518 non
774 1463 866 1519 videat

64 1537 128 1595 haec
140 1537 175 1592 ab
190 1536 249 1607 ipso
263 1540 374 1589 auctore
389 1547 447 1587 esse
461 1531 606 1613 descripta,
630 1541 661 1588 ut
674 1542 782 1604 tempus
797 1550 865 1589 san-

66 1618 120 1665 ctae
143 1605 280 1664 Columbae
296 1603 421 1674 martyrii
437 1611 592 1659 accuratius
606 1604 865 1662 demonstraretur?

63 1680 133 1737 irae
156 1677 246 1744 verba,
258 1675 339 1744 jassa
356 1673 499 1730 Aureliani
517 1674 659 1745 principis,
676 1677 736 1732 loco
752 1677 865 1749 quidem

60 1767 152 1816 eraso,
175 1747 222 1805 sed
244 1747 333 1819 prima
360 1746 462 1816 scripta
487 1753 552 1800 sunt
580 1762 672 1802 manu.
707 1747 865 1803 Lectionum

58 1821 189 1878 eamdem
204 1817 306 1875 habent
319 1817 428 1874 codices
453 1817 595 1873 Pratenses
612 1817 633 1871 B
648 1820 723 1884 etl),
740 1817 863 1875 Colbcrt.

921 1322 951 1390 B,
968 1322 1106 1379 Victorin.
1139 1325 1170 1392 B,
1194 1323 1373 1394 conchensis,
1395 1327 1542 1396 Pontisar.,
1558 1327 1723 1402 Sandionys.

920 1401 948 1448 et
973 1393 1231 1467 Montisburgensis.
1249 1397 1406 1454 Notandum
1432 1399 1461 1453 in
1475 1399 1571 1456 eodem
1587 1399 1640 1457 hoc
1654 1401 1727 1456 arti-

920 1467 984 1545 culo
1013 1466 1072 1523 hec
1090 1467 1184 1535 verba,
1215 1468 1262 1537 pai
1291 1469 1451 1541 apontifica
1472 1472 1589 1527 Romano
1607 1473 1644 1527 ad
1670 1480 1724 1530 etc.

924 1551 952 1590 in
970 1537 1057 1592 litura
1078 1539 1193 1606 versari,
1209 1539 1288 1610 cujus
1304 1541 1412 1596 nullum
1436 1541 1464 1595 in
1476 1542 1609 1598 Dervensi
1631 1543 1726 1601 codice

923 1608 1084 1680 vestigium,
1101 1625 1216 1683 quaque
1230 1609 1298 1666 adeo
1319 1619 1382 1667 ante
1396 1610 1520 1668 oblatum
1536 1613 1634 1670 Carolo
1649 1615 1725 1671 hiar-

922 1680 1091 1759 tyrologium
1111 1681 1184 1736 facta
1208 1681 1304 1738 iuerat.
1332 1683 1399 1738 Dua
1422 1690 1486 1738 sunt
1511 1684 1596 1766 igitur
1618 1684 1647 1741 in
1670 1685 1723 1742 isto

920 1751 1041 1805 articulo
1057 1751 1147 1806 liturae
1163 1751 1266 1808 diversi
1281 1754 1424 1825 temporis.
1446 1754 1578 1812 Eruditos
1592 1771 1659 1828 rogo
1674 1756 1723 1812 in-

920 1822 1166 1892 spectumveniant
1179 1837 1214 1877 an
1224 1822 1475 1896 diversascriptura
1488 1827 1535 1884 sit.
1551 1827 1720 1892 Bouiauaiir.

672 1994 875 2052 viulandus
895 1996 1101 2055 LECTIONES.

97 2148 177 2217 Dixi,
200 2150 298 2204 citatos
312 2146 421 2204 codices
437 2147 518 2218 plane
533 2163 617 2219 puros
637 2163 706 2213 esse,
730 2165 785 2221 quo
799 2149 865 2205 satis

60 2219 168 2285 indico,
189 2219 259 2275 alios
283 2218 407 2290 proxime
422 2234 516 2289 puros,
538 2219 572 2273 ad
600 2220 747 2290 puritatem
774 2228 864 2276 tamen

60 2291 252 2348 omnimodam
267 2307 323 2346 non
338 2289 475 2346 accedere.
493 2289 571 2345 Tales
586 2297 651 2345 sunt
664 2291 786 2358 Praten.,
802 2293 866 2347 An-

60 2363 232 2435 werp-Mai.
248 2372 276 2418 et
290 2360 437 2433 lloswcyd.
462 2361 491 2415 in
507 2378 538 2416 eo
553 2361 727 2428 excedentes,
744 2361 817 2432 quod
832 2362 865 2418 de

59 2433 208 2500 Columba,
236 2442 297 2506 post
323 2450 388 2487 casa
414 2439 460 2501 est,
482 2432 596 2500 addant,
621 2432 701 2501 jassa
722 2433 866 2489 Aureliani

57 2505 215 2633 ὒιιιιιριις
242 2522 304 2578 quae
329 2503 413 2559 verba
436 2519 486 2559 nec
501 2503 657 2571 Adoniana,
674 2520 724 2560 nec
749 2503 865 2578 proinde

87 2575 228 2644 suardina,
245 2593 280 2631 ex
295 2575 374 2631 Bedae
381 2574 578 2647 Martyrologio
592 2574 621 2630 in
632 2574 731 2632 citatos
745 2576 864 2644 codices,

60 2648 107 2704 uti
131 2647 203 2703 etin
222 2646 453 2722 Aquicinctiniim
468 2646 595 2703 traducta
617 2647 767 2705 existimo:
791 2655 865 2704 certe

920 2164 955 2205 ex
969 2151 1099 2208 omnibus
1108 2152 1171 2209 aliis
1183 2152 1387 2225 probatioribus
1397 2154 1542 2213 codicibus
1555 2156 1623 2212 satis
1637 2164 1724 2228 patet,

919 2220 953 2276 ad
975 2229 1082 2278 textum
1106 2223 1270 2280 hodiernum
1286 2224 1429 2281 referenda
1448 2241 1504 2282 non
1518 2242 1586 2282 esse.
1614 2226 1723 2284 Ceterae

919 2293 1047 2349 codicum
1083 2310 1112 2349 ro
1127 2301 1205 2349 textu
1221 2295 1368 2351 citatorum
1384 2296 1552 2352 variationes
1566 2298 1722 2370 perexiguae

919 2372 994 2444 sun-t,
1015 2372 1042 2419 et
1057 2311 1113 2420 ihre
1127 2365 1275 2436 scriptoria
1290 2366 1455 2437 sphalmata,
1472 2374 1503 2422 ut
1520 2368 1658 2438 Sptuestri,
1675 2369 1723 2424 Sa·

919 2435 1032 2502 viniani,
1047 2442 1123 2504 apat,
1141 2437 1260 2501 eandem,
1276 2438 1403 2492 Pontiani
1416 2437 1446 2491 in
1461 2438 1577 2505 Melan,
1598 2454 1648 2508 pro
1663 2440 1723 2492 Po-

920 2506 1041 2574 tentiaiii,
1056 2507 1197 2575 ιιιιιαιιιι,
1212 2509 1347 2574 denaria,
1362 2516 1428 2575 etc,
1442 2508 1562 2564 Greven.
1579 2516 1607 2564 et
1618 2507 1721 2565 blolan.

919 2583 1105 2648 transponunt
1118 2578 1254 2635 vocabula
1272 2578 1314 2649 in,
1337 2585 1434 2634 sancta
1447 2579 1560 2650 uirginis
1577 2579 1720 2636 Columba.

743 2821 1046 2880 OBSERVA'I'IONES.

99 2988 194 3045 Prima
208 2993 236 3041 et
252 2983 437 3040 vetustissima
452 2981 564 3062 gloriosi
580 2982 720 3062 pontilicis
739 2983 903 3047 SilvestriB
953 2985 1116 3041 Sabinianus
1138 2993 1165 3041 et
1178 2987 1352 3042 Potentiaiias
1375 3004 1426 3044 nec
1440 2987 1469 3043 iri
1485 2987 1723 3058 Hieronyinianis,

61 3058 211 3121 mensoria,
236 3054 384 3110 clarissime
409 3053 577 3125 exprimitur
600 3070 629 3109 in
651 3071 721 3127 saepc
741 3071 757 3110 a
779 3055 859 3111 nobis

60 3131 181 3186 laudato
206 3125 333 3182 Bucherii
359 3125 540 3181 Kalendario:
577 3125 671 3182 Pridie
698 3126 763 3182 Kal.
794 3128 858 3183 lan.

63 3199 196 3271 Syloestri
219 3198 247 3250 iia
270 3196 407 3252 Priscillae.
428 3196 611 3253 Subscriliunt
626 3197 732 3269 reliqua
755 3198 858 3264 omnia,

60 3288 127 3344 quai
143 3275 297 3340 supersunt,
325 3276 503 3323 monumenta
518 3264 808 3324 sacra‘ecclesiastica.
826 3270 861 3324 Ut

59 3341 98 3398 ad
112 3349 207 3396 nostra
221 3340 331 3410 propius
345 3339 515 3405 accedamus,
534 3347 702 3394 memoratur
717 3341 745 3394 in
763 3340 860 3395 omni-

58 3413 115 3470 bus
144 3410 366 3482 llieroiiymianis
394 3409 578 3482 apographis:
610 3409 745 3480 Depositis
773 3412 859 3466 saiicti

60 3484 185 3542 Silvestri
199 3482 320 3553 episcopi.
338 3481 440 3536 Eadem
455 3480 537 3535 verba
550 3479 655 3535 suntin
666 3481 748 3547 Beda,
765 3481 859 3538 eadeiii

61 3557 93 3612 in
116 3554 236 3620 lichene,
253 3553 300 3624 qui
324 3555 414 3607 solum
428 3550 546 3618 addidit,
562 3557 586 3606 et
607 3549 772 3619 confessoris.
794 3551 860 3619 Qua

61 3626 146 3683 Floro
161 3625 331 3689 tribuuntur,
355 3622 401 3677 hic
422 3620 592 3677 observanda
607 3636 663 3676 non
682 3630 758 3678 suut.
774 3623 859 3679 Seriei

60 3705 162 3756 nostrae
176 3695 274 3752 ductor
290 3695 442 3750 Romanuin
462 3709 576 3765 parvum
592 3692 633 3748 sic
647 3693 745 3749 babet:
761 3696 857 3764 Rasna,

62 3769 186 3825 Silvestre
200 3783 276 3837 papia
297 3772 322 3819 et
336 3763 502 3833 corisessor-is.
527 3764 592 3819 Tale
606 3772 647 3821 est
672 3764 778 3821 ildonis
797 3768 860 3822 elo-

60 3838 137 3911 gium
153 3854 188 3894 ex
209 3837 362 3893 Pontifioal.
387 3836 574 3908 desumptum,
591 3843 623 3891 ut
645 3837 787 3894 latendum
813 3838 859 3903 sit,

60 3911 107 3968 rel
123 3909 227 3965 famosa
247 3912 324 3975 Acta,
348 3907 448 3962 Gelasii
470 3914 592 3978 tempore
606 3915 681 3974 nota,
699 3908 788 3978 ipsuiii
804 3925 860 3965 noii

61 3981 177 4048 vidisse,
201 3981 256 4047 vel,
276 3987 373 4050 preter
397 3993 512 4042 moreni,
529 3976 652 4032 studiose
676 3994 707 4031 ea
731 3980 858 4048 evitasse,

61 4069 124 4127 quae
136 4068 200 4107 cuin
216 4051 346 4106 historica
361 4049 476 4103 veritate
485 4047 629 4103 conciliari
645 4063 700 4102 non
715 4065 793 4120 posse
808 4050 862 4106 ad·

59 4132 191 4180 verterat.
206 4123 304 4177 Noster
318 4138 353 4175 ex
373 4119 469 4175 Adone
493 4119 564 4174 nihil
589 4118 724 4190 accepisse
741 4120 860 4188 videtur,

61 4197 155 4251 solum
171 4193 305 4259 indicans,
321 4194 408 4247 claros
428 4190 487 4262 ejus
506 4193 589 4245 Aetas
604 4190 705 4255 baberi,
722 4208 790 4262 quos
805 4209 860 4249 non

61 4265 225 4322 omnimode
240 4264 376 4336 probasse,
392 4279 427 4318 eir
447 4261 579 4333 jejuniori
595 4260 654 4341 ejus
670 4266 793 4318 oratione
816 4265 861 4319 ia-

60 4337 117 4393 cile
140 4335 291 4407 colligitur.
309 4335 444 4390 Habemus
468 4333 709 4405 praeclarissimum
724 4343 863 4404 sanctum,
881 4342 902 4402 c

60 4408 240 4479 primumque
254 4406 403 4478 pacificatae
417 4422 432 4460 a
447 4404 629 4461 Constantino
643 4405 772 4460 Ecclesiae
787 4422 862 4477 pon-

60 4478 179 4545 tificem,
199 4478 305 4548 magnis
320 4477 401 4531 rebus
416 4476 498 4547 gestis
513 4483 539 4529 et
562 4474 706 4529 sanctitate
722 4492 860 4531 veneran-

62 4549 133 4606 duui
148 4568 153 4605 :
167 4550 272 4604 utinain
288 4557 344 4602 tain
358 4563 422 4603 vera
436 4555 506 4602 esset
520 4544 579 4617 ejus
594 4544 719 4613 historia,
733 4554 773 4603 tot
788 4549 862 4604 scri-

62 4620 119 4692 ptis
142 4620 216 4675 ultro
230 4621 354 4691 citroque
368 4619 479 4689 agitata,
495 4624 523 4672 et
547 4632 602 4671 ιιι
619 4614 657 4670 ιιι
671 4617 776 4688 pridem
821 4628 863 4677 ost

62 4693 168 4747 multos
191 4691 260 4746 alios
275 4690 398 4745 eruditos
412 4692 498 4756 viros,
514 4705 530 4743 a
545 4686 731 4760 Papebrochio
748 4696 774 4744 et
792 4635 863 4746 fan-

62 4763 150 4844 niugo
185 4780 215 4818 ro
230 4777 286 4817 non
298 4761 398 4833 exigua
409 4769 498 4832 parte,
511 4759 573 4815 lalsi
583 4759 729 4826 convicta;
746 4777 806 4833 quai
822 4770 864 4818 est

62 4833 148 4890 hodie
162 4778 347 4890 fitteratorum
363 4833 448 4888 ferme
461 4832 586 4887 omnium
602 4831 789 4913 receptissima
804 4833 862 4906 opi·

61 4906 124 4973 nio,
140 4904 211 4960 nihil
228 4903 389 4977 proficiente
408 4911 508 4960 conatu
525 4901 694 4973 Combelisii,
709 4904 776 4960 dum
791 4904 864 4961 inter

59 4976 163 5032 Lectos
178 4975 334 5057 triumphos
349 4977 415 5030 novi
432 4974 537 5047 aliquid
551 4990 578 5029 se
595 4974 757 5044 produxisse
769 4976 863 5034 existi·

59 5047 132 5103 mati
150 5047 252 5105 Versor
266 5064 295 5102 in
312 5063 350 5114 re,
365 5046 416 5101 hoc
434 5055 556 5116 tempore
570 5047 740 5116 pervulgata,
756 5046 790 5103 de
808 5065 864 5120 qua

59 5118 129 5174 vide
152 5119 313 5190 Apologiam
337 5117 549 5188 praeliininarein
564 5123 627 5171 ante
648 5119 776 5173 tomuml
799 5119 863 5174 iuni

58 5206 77 5245 a
92 5205 154 5262 pag.
173 5191 215 5257 ld,
232 5189 469 5260 etllespoiisiones
483 5187 518 5243 ad
532 5188 681 5243 articulum
697 5187 713 5242 ι
729 5194 756 5242 ιι
767 5189 793 5243 3.
810 5190 864 5245 Ob·

58 5269 175 5317 servatu
190 5263 269 5334 plane
284 5261 399 5330 dignum
415 5267 466 5326 est,
480 5257 554 5339 quod
576 5258 648 5314 inter
669 5274 765 5313 omnes
785 5261 863 5316 anti-

59 5348 133 5405 quos
147 5332 349 5405 martyrologos
364 5331 458 5386 nullus
474 5329 617 5385 historiam
630 5329 769 5455 baptismi.
786 5329 864 5388 Con-

57 5404 180 5461 stantini
195 5404 329 5475 attigerit,
344 5410 442 5473 prater
457 5402 545 5456 solum
562 5400 669 5456 Wanda
682 5400 803 5468 bertum,
816 5420 864 5458 cu·

55 5481 109 5555 jus
130 5475 184 5534 huc
199 5485 241 5532 est
255 5474 401 5531 metricum
414 5473 448 5529 de
462 5480 557 5528 sancto
577 5472 710 5528 Silvestre
725 5472 863 5542 elogium:

143 5582 278 5646 Sylvester
290 5582 372 5644 pridie
384 5583 526 5634 Romanam
541 5594 605 5642 papa
624 5594 668 5652 per
685 5579 773 5652 urbani

144 5647 275 5696 Laetantes
289 5646 396 5707 populos
414 5643 480 5693 votis
494 5645 543 5691 sibi
557 5641 643 5691 subdit
658 5641 757 5697 amicis,

916 3072 967 3112 nec
982 3056 1010 3111 in
1023 3057 1093 3113 serie
1107 3057 1197 3126 Beda,
1213 3073 1264 3114 nec
1279 3057 1308 3113 in
1324 3060 1447 3116 Romano
1482 3074 1550 3114 arvo
1564 3057 1624 3114 noti
1636 3065 1721 3125 sunt;

914 3127 1035 3198 signavit
1048 3144 1095 3184 eos
1109 3128 1180 3196 Ado,
1193 3129 1240 3184 sed
1248 3136 1398 3202 utrumque
1414 3075 1495 3185 modo
1510 3129 1642 3210 simplici,
1657 3145 1721 3184 cuni

916 3198 1027 3254 interlin
1053 3198 1193 3254 Usuardus
1216 3199 1306 3270 primo
1329 3199 1444 3256 titulum
1458 3199 1573 3279 episcopi
1592 3198 1720 3254 ascribat.

915 3270 1019 3326 Rursus
1035 3269 1062 3323 iii
1082 3285 1113 3324 eo
1128 3268 1271 3335 differunt,
1290 3270 1363 3341 quod
1379 3271 1478 3326 Noster
1492 3270 1607 3337 scribat,
1624 3287 1642 3324 a
1655 3287 1721 3340 pon·

915 3339 982 3411 tifice
993 3341 1113 3395 Roniaao
1129 3341 1251 3407 directos,
1276 3341 1391 3396 eamdem
1409 3341 1576 3411 metropolim
1596 3341 1722 3410 inartprii

914 3411 957 3465 siti
970 3409 1132 3480 confessione
1148 3411 1281 3466 illustrem
1296 3411 1406 3479 secisse:
1425 3411 1487 3467 Ado
1501 3419 1593 3467 autem
1607 3418 1720 3480 asserat,

914 3481 947 3536 ab
959 3482 1085 3551 apostolis
1097 3483 1134 3536 ad
1148 3481 1351 3563 piicdi'raiidiim
1367 3482 1490 3550 directos,
1506 3481 1649 3563 praefatam
1672 3498 1722 3535 ur-

914 3551 979 3619 bem,
995 3559 1047 3608 etc.
1064 3555 1101 3607 At
1117 3552 1276 3609 missionem
1293 3552 1370 3609 illam
1387 3554 1576 3624 apostolicam
1589 3552 1661 3610 iorte
1677 3570 1721 3608 su·

914 3629 1035 3704 spectem
1062 3623 1162 3680 hahuit
1177 3623 1336 3691 Usuardus;
1364 3633 1437 3680 certe
1460 3640 1495 3680 ex
1519 3639 1614 3679 eorum
1632 3623 1720 3693 Actis,

915 3710 974 3750 sive
988 3711 1004 3749 a
1018 3694 1177 3751 llombritio
1190 3695 1250 3751 sive
1262 3694 1367 3751 aSurio
1383 3695 1477 3765 editis,
1493 3711 1548 3752 non
1560 3696 1648 3767 magis
1661 3712 1721 3768 pro·

915 3765 975 3821 bari
992 3766 1114 3835 videtur,
1132 3767 1202 3824 duos
1215 3767 1281 3822 illos
1294 3776 1405 3823 sanctos
1426 3766 1601 3824 immediatos
1615 3773 1721 3838 aposto·

915 3837 1006 3892 lorum
1017 3837 1171 3910 discipulos
1183 3838 1278 3906 fuisse,
1313 3855 1376 3893 uam
1387 3838 1491 3894 inerint
1502 3838 1585 3910 primi
1602 3837 1648 3894 isti
1659 3837 1721 3894 Gal-

916 3907 1016 3988 liarum
1038 3911 1170 4036 episcopi,
1195 3910 1228 3966 de
1247 3854 1349 3991 quihus
1372 3909 1440 3966 alibi
1458 3910 1568 3968 abunde
1585 3909 1719 3966 diximus.

915 3980 980 4050 Agit
994 3981 1028 4035 de
1044 3982 1051 4035 i
1066 3981 1100 4036 lis
1116 3982 1301 4038 Tilemontius
1313 3981 1340 4037 iri
1356 3982 1428 4037 Dion
1449 3982 1492 4039 sio
1503 3979 1673 4047 Parisiensi;
1690 3988 1721 4036 tu

916 4050 980 4129 vide¹
996 4050 1055 4121 ejus
1071 4059 1177 4108 tornum
1194 4054 1240 4120 iv,
1258 4069 1317 4124 pag.
1337 4053 1400 4109 727.
1446 4055 1506 4110 ulta
1520 4068 1602 4125 penes
1616 4068 1666 4108 nos
1680 4050 1722 4107 iii·

916 4128 1068 4175 veniuntur
1090 4122 1256 4178 documenta
1277 4140 1373 4177 mssa
1398 4124 1483 4179 variis
1497 4124 1643 4189 submissa,
1661 4138 1721 4194 qum

916 4191 951 4245 ad
978 4191 1119 4262 proprium
1155 4194 1244 4248 locum
1273 4192 1459 4248 examinanda
1484 4196 1663 4249 remittimus.
1696 4194 1721 4248 A

919 4261 1116 4318 Wandalberto
1131 4269 1193 4335 post
1208 4261 1371 4318 Columbam
1386 4263 1563 4318 celebrantur
1578 4281 1586 4331 ;
1608 4263 1721 4319 metrica

919 4332 1008 4404 elogia
1018 4332 1091 4388 inter
1105 4350 1134 4390 se
1147 4341 1288 4400 contexta,
1306 4331 1379 4385 inira
1392 4331 1527 4388 dabimus.

954 4405 1039 4459 Porro
1072 4403 1251 4460 celeberrima
1285 4403 1364 4474 virgo
1394 4403 1521 4459 Gotaiiilia
1550 4399 1721 4474 apertissime

920 4482 1089 4532 memoratur
1113 4475 1141 4530 in
1168 4474 1312 4532 codicibus
1341 4473 1566 4600 hieronymianis
1592 4471 1721 4528 omnibus

919 4546 991 4620 apud
1012 4546 1237 4602 Florentinium:
1265 4547 1393 4612 Senonas,
1409 4561 1443 4600 ve
1478 4543 1719 4610 Seaooasaioitate,

917 4617 1007 4690 passio
1027 4624 1125 4673 saitctir
1148 4619 1282 4675 Columbae
1295 4615 1418 4688 uirginis.
1439 4617 1512 4672 Beda
1531 4615 1659 4689 plenius:
1685 4616 1722 4669 iet

916 4689 1008 4762 passio
1032 4697 1128 4745 sanctie
1145 4691 1279 4747 Columba
1300 4688 1419 4758 uirginis,
1437 4689 1559 4757 Sationes,
1575 4687 1622 4742 suh
1637 4687 1720 4741 dare·

921 4762 992 4817 liano
1007 4761 1174 4832 imperatore,
1190 4779 1248 4832 qaae
1267 4766 1390 4832 superata
1407 4760 1412 4770 ’
1431 4777 1461 4815 ιιι
1474 4777 1540 4816 casa
1554 4765 1600 4816 est.
1619 4756 1721 4815 Bedaiu

920 4833 1056 4889 verbatim
1089 4833 1215 4906 sequitur
1243 4832 1382 4889 llabanus.
1442 4848 1572 4889 ornanum
1606 4843 1720 4902 parvum

919 4904 1065 4961 strictius:
1084 4907 1121 4961 Et
1138 4912 1237 4960 cariata
1255 4903 1388 4961 Columba
1402 4903 1524 4975 uirginis.
1550 4905 1587 4958 At
1600 4899 1720 4970 elogium

920 4983 1046 5032 nostrum
1061 4977 1142 5048 plane
1156 4974 1335 5032 ildonianum
1350 4982 1401 5042 est,
1417 4975 1519 5030 omisso
1534 4971 1645 5046 tyranni
1664 4984 1721 5048 no-

921 5048 1005 5115 mine,
1020 5048 1094 5120 qnod
1109 5064 1144 5102 ex
1159 5046 1232 5103 Reda
1252 5047 1279 5102 in
1305 5046 1411 5119 aliquot
1428 5044 1596 5101 Usuardinos
1613 5038 1722 5114 codices

921 5117 1071 5189 irrepsisse,
1096 5134 1178 5189 supra
1202 5119 1229 5174 in
1259 5116 1439 5176 Variantibus
1466 5113 1633 5170 notavimus.
1654 5110 1720 5190 bate

921 5198 993 5261 patet
1006 5189 1118 5260 inclyia
1128 5188 1245 5260 virginis
1259 5188 1360 5253 cultus,
1376 5202 1426 5242 nec
1440 5186 1540 5242 desunt
1550 5185 1619 5238 Acta
1631 5195 1719 5261 varia,

921 5277 981 5333 que
996 5259 1069 5330 apud
1093 5275 1143 5315 nos
1166 5261 1249 5316 etiam
1272 5266 1392 5324 exstant,
1408 5264 1469 5311 tuiii
1484 5271 1549 5311 mss.
1568 5261 1630 5333 tuin
1645 5259 1722 5333 typis

921 5331 1005 5396 edita,
1021 5331 1049 5385 in
1076 5330 1187 5402 quibus,
1217 5338 1247 5385 ut
1263 5329 1409 5385 mitissime
1431 5327 1532 5393 dicam,
1552 5330 1720 5380 sinceritatis

922 5410 993 5457 note
1007 5400 1200 5457 desiderantur
1211 5420 1218 5467 ;
1231 5417 1281 5456 nec
1291 5400 1353 5472 quis
1374 5415 1436 5453 uam
1447 5397 1513 5453 satis
1527 5395 1632 5468 digeret
1642 5393 1718 5450 obla·

922 5481 981 5528 tuiu
997 5472 1040 5528 vir
1058 5472 1098 5526 ini
1117 5470 1151 5526 ab
1174 5472 1335 5538 Aureliano,
1355 5416 1473 5527 ilaesaris
1493 5467 1543 5522 lilii
1568 5466 1623 5531 sui,
1638 5480 1720 5546 quein

922 5544 1030 5616 ignorat
1041 5489 1171 5610 historia,
1187 5541 1357 5614 conjugium.
1374 5543 1418 5596 An
1433 5547 1529 5596 cetera
1544 5539 1638 5595 oninia
1652 5545 1719 5593 satis

922 5615 1048 5671 excusari
1074 5613 1191 5684 possint,
1215 5630 1265 5668 suo
1287 5614 1347 5669 loco
1371 5611 1585 5668 examinabitur.
1613 5611 1721 5665 Hermes

143 5705 298 5757 Pontificum
323 5706 423 5769 pamm
440 5705 602 5769 tranquillam
615 5717 720 5752 eernere
736 5718 823 5765 pacem
886 5694 910 5752 Ι)
925 5685 1192 5741 ιιοιιιιιιιΝοιιιιι
1202 5683 1320 5741 ducibus
1330 5700 1386 5740 non
1401 5691 1522 5750 notatus,
1534 5697 1601 5754 pure
1615 5682 1721 5737 Usuar-

145 5767 197 5830 Qui
209 5771 309 5829 meruit,
323 5769 494 5832 dominosque
506 5768 577 5817 orbis
593 5780 702 5831 purgare
712 5766 823 5818 lavacro.

925 5755 1008 5811 dinus
1023 5754 1079 5813 dici
1090 5763 1189 5828 potest,
1201 5756 1293 5815 sodex
1311 5754 1537 5842 llierongmianis
1550 5749 1721 5819 educimus
