3834 6136
62 215 133 276 {253

539 218 587 279 DE
606 219 794 283 Minturnis
814 222 841 282 S.
863 220 1040 295 GERMANI.
1055 259 1089 270 -
1109 228 1175 286 LIB.
1197 225 1232 287 ΙΙ.

1653 232 1725 295 libb

60 367 172 441 ingenti
194 365 389 442 obsequiorum
404 386 502 443 genere
516 374 679 430 translatum
703 381 744 430 est
756 382 776 431 ⁸.
801 375 859 431 Jam
875 383 899 442 A
914 393 985 448 sepe
1000 376 1068 433 dicti
1084 378 1237 452 sepiusque
1251 379 1362 435 dicendi
1373 379 1461 437 Patris
1476 383 1563 438 nostri
1577 385 1719 443 sanctissi-

60 461 168 518 dudum
187 463 298 535 quidem
314 473 377 522 auto
391 483 478 524 annos
492 467 599 541 aliquot
613 466 623 495 ⁸
635 467 714 540 jussu
724 469 862 528 Caesarum

61 550 155 607 Caroli
170 568 202 609 ac
218 553 353 611 Ludovioi
366 564 374 584 ⁰
388 556 422 613 ab
439 558 589 615 lleriboldo
599 557 619 629 ⁴,
634 560 785 617 verrerabili
796 577 862 633 pon·

59 640 145 708 titice,
173 640 264 697 iuerat
288 650 519 716 transmutatum;
551 664 614 706 cum
638 667 654 706 a
676 656 799 722 tempore
818 648 860 705 sui

59 729 209 798 transitus,
226 747 261 786 ex
286 750 340 806 quo
362 736 493 793 Ravenna
510 738 627 794 relatum
643 747 693 807 est,
715 755 761 811 per
775 757 862 796 annos

59 817 173 875 circiter
186 835 250 876 cccc
264 821 294 876 in
313 825 408 881 eadem
423 828 555 897 ecclesia,
576 844 631 901 quo
647 829 706 886 loco
724 829 862 901 primarias

59 910 210 982 sepultura
237 911 369 970 traditum
400 915 497 987 iuerat,
522 917 681 990 quievisset.
700 918 862 975 Adiuerunt

58 1009 129 1058 tunc
152 1017 262 1075 quoque
281 1005 445 1064 meritorum
461 1008 519 1080 ejus
534 1018 694 1082 argumenta
708 1011 858 1084 praecipua,

58 1109 116 1150 non
127 1091 230 1165 absque
246 1092 443 1153 miraculorum
459 1098 612 1172 privilegiis
622 1100 771 1156 solemnius
780 1117 862 1157 com-

59 1181 198 1239 mendata.
210 1182 326 1239 Pretiosi
334 1183 452 1258 denique
462 1187 581 1258 sepulcri
590 1187 697 1244 intimis
708 1189 859 1261 patefactis,

60 1270 219 1326 itademum
229 1286 328 1343 corpus
336 1274 493 1330 venerabile
503 1291 565 1332 cum
573 1277 861 1333 omnicultuvestium

59 1357 209 1430 integrum,
225 1359 432 1428 intemeratum,
448 1370 529 1436 atque
543 1364 619 1419 omui
637 1364 861 1438 incorruptionis

60 1462 158 1520 genere
169 1446 323 1520 speciosum
334 1451 462 1522 apparuit
473 1470 480 1519 ;
493 1461 523 1508 ut
534 1453 648 1509 cuilibet
664 1455 758 1526 ignaro
769 1470 861 1510 rerum

59 1535 141 1592 facile
156 1536 313 1607 persuaderi
325 1540 458 1610 potuerit,
475 1557 570 1598 recens
583 1541 756 1611 defunctum,
769 1558 862 1599 recens

60 1626 172 1682 tumulo
186 1624 324 1694 abditum,
340 1629 498 1687 recentibus
512 1631 739 1689 indumentorum
751 1649 862 1706 appara·

920 488 995 528 mum
1011 477 1180 531 mausoleum
1190 478 1274 533 aloco
1285 476 1421 548 primariae
1432 478 1619 537 translationis
1630 481 1720 539 denuo

919 561 1076 619 submotum
1092 570 1143 632 est,
1159 564 1193 621 ad
1208 565 1393 621 conditorium
1407 567 1634 639 suprascriptum,
1649 586 1721 629 nova

918 669 1085 727 operosaque
1097 661 1277 727 preparatum
1293 654 1446 727 diligentia,
1464 654 1582 727 publicis
1598 656 1721 714 cultibus

918 744 1151 801 transferendum.
1167 744 1207 799 Ea
1221 761 1264 799 res
1279 745 1322 816 (ut
1340 744 1448 802 cunctis
1460 761 1529 817 peue
1542 745 1720 802 notissimum

919 836 970 904 est)
985 833 1038 890 hoc
1052 832 1149 889 ordine
1160 832 1330 903 decucurrit.

953 941 997 998 99.
1024 941 1181 997 ludovicus
1198 939 1351 997 Germania
1379 955 1437 1009 rex,
1456 941 1721 1000 atram-Rhenanis

918 1029 1043 1101 partibus
1060 1029 1357 1099 violentusemergens,
1368 1028 1496 1085 fraterna
1505 1029 1719 1102 sortisregnum‚

918 1118 1093 1174 sanctissimo
1101 1116 1284 1189 jurisjurandi
1295 1117 1465 1182 interventu,
1475 1118 1543 1172 olim
1553 1120 1721 1176 Francorum

916 1205 1024 1279 judicio
1039 1205 1232 1282 confirmatum
1248 1206 1257 1240 ¹
1270 1205 1372 1278 absque
1391 1205 1449 1260 ullo
1464 1215 1588 1277 respectu
1603 1207 1652 1263 icti
1665 1208 1678 1262 i
1707 1236 1722 1249 -

918 1295 1001 1364 deris,
1025 1294 1189 1351 temerarius
1202 1294 1322 1350 inhiavit
1332 1303 1355 1350 ⁸.
1366 1295 1485 1366 Egerant
1500 1293 1552 1350 hoc
1563 1293 1721 1366 infidaeper·

919 1385 1053 1441 duellium
1067 1385 1210 1456 factiones,
1226 1385 1327 1459 quihus
1337 1401 1412 1441 mens
1427 1385 1539 1458 quidem
1554 1384 1655 1457 quietis
1672 1382 1721 1440 im·

918 1475 1036 1547 patiens,
1056 1474 1147 1531 ferina
1175 1492 1241 1532 vero
1256 1475 1346 1531 rabies
1371 1482 1397 1530 et
1423 1473 1585 1548 inquietudo
1599 1472 1722 1530 bestialis

918 1561 1051 1618 audiendi
1062 1561 1209 1634 quidlibet,
1219 1561 1346 1636 quamvis
1360 1560 1602 1629 immanissimum,
1613 1560 1686 1616 vires
1695 1567 1722 1615 et

919 1653 1043 1708 animum
1060 1650 1257 1725 suggerebant:
1275 1649 1348 1723 quod
1363 1666 1449 1722 genus
1464 1648 1610 1706 hominum
1624 1647 1657 1704 ad
1672 1665 1721 1704 cae·

59 1713 137 1770 tibus
151 1714 377 1787 circumseptum.
394 1720 519 1776 Accessit
544 1720 598 1777 ΜΟ
613 1719 717 1794 publici
734 1722 864 1794 Sllessdffi
878 1757 900 1816 B
919 1740 981 1796 dem
999 1751 1025 1799 ct
1039 1742 1188 1798 amentiam
1203 1740 1277 1796 ultro
1292 1737 1479 1812 proficiscens,
1494 1737 1607 1810 impiam
1621 1737 1723 1794 dexte·

60 1805 201 1872 miraculi,
214 1823 264 1879 pro
279 1808 323 1864 sui
336 1808 528 1881 magnitudine
544 1826 600 1866 uon
612 1811 733 1867 tacendi.

97 1895 141 1951 97.
168 1896 311 1955 lnielicem
336 1900 494 1970 quemdam,
511 1901 555 1957 cui
572 1902 676 1957 Heleno
694 1901 860 1959 vocabulum

61 1983 126 2053 fuit,
139 1985 206 2042 adeo
216 1987 260 2043 vis
274 1988 411 2045 horrenda
427 1990 591 2057 coniecerat,
605 1997 635 2043 ut
651 2000 749 2060 prater
760 1991 861 2060 lingum

60 2068 91 2128 ei
103 2074 213 2129 aurium
229 2077 351 2132 infausta
365 2077 521 2150 dispendia,
535 2079 588 2133 atri
603 2094 713 2152 quoque
727 2078 862 2134 daemonis

60 2163 195 2220 violentia
209 2181 258 2237 per
272 2164 437 2221 diuturnum
453 2167 668 2237 tempnsmisere
677 2177 860 2240 torqueretur.

59 2251 176 2324 lamque
200 2251 260 2322 ejus
281 2251 464 2309 calamitatem
489 2253 616 2310 Creatorc
637 2255 759 2327 propitio
774 2257 863 2312 mise-

61 2346 149 2407 rante,
167 2340 294 2411 contigit,
312 2357 375 2396 eum
398 2339 588 2397 translationis
615 2333 781 2414 supradicte
804 2360 862 2416 spe·

61 2429 170 2485 ctaculo
188 2429 328 2486 interesse.
341 2431 366 2485 ls
378 2429 512 2487 referebat
524 2440 627 2503 postea,
639 2432 863 2505 quodecclesiam

63 2526 105 2574 ter
124 2529 239 2575 conatus
254 2517 357 2589 egredi,
374 2534 497 2589 personae
516 2519 660 2590 cujusdam
675 2522 766 2594 gravis
782 2531 864 2579 etve-

62 2604 194 2662 nerahilis
209 2621 327 2663 occursu
341 2614 383 2663 ter
397 2608 483 2664 inerit
497 2609 526 2665 in
541 2610 684 2666 ecclesiam
705 2620 860 2670 revocatus.

63 2693 223 2752 Verisimile
238 2706 289 2764 est,
306 2696 379 2753 inter
395 2698 547 2770 malignum
562 2698 768 2774 benignumque
778 2702 865 2773 spiri-

64 2792 123 2840 tum
147 2785 180 2840 de
212 2785 346 2841 salvando
374 2787 418 2842 vel
443 2803 499 2842 non
526 2788 660 2844 salvando
686 2788 808 2859 homine,
831 2789 865 2847 iis

64 2888 188 2945 egressus
204 2891 397 2949 regressusque
407 2877 527 2947 vicibus,
541 2866 704 2952 aliquandiu
718 2889 866 2938 concerta-

64 2971 140 3030 tum;
157 2963 222 3019 dum
239 2973 265 3019 et
281 2965 347 3022 huic
360 2982 409 3022 vas
424 2967 492 3023 olim
513 2984 666 3040 possessum
682 2969 818 3043 linquere,
840 2978 866 3026 ot

64 3055 107 3111 illi
118 3055 230 3126 superni
244 3055 378 3113 iacturam
394 3058 561 3114 Artificisah
571 3059 686 3118 inimico
696 3061 783 3117 teneri
798 3060 867 3117 diu-

66 3144 122 3217 gius
144 3144 407 3203 inhumanissimum
424 3149 582 3221 putabatur.
599 3150 732 3221 Regressu
755 3149 867 3205 taudem

64 3233 156 3302 tortio,
173 3243 302 3310 tanquam
319 3238 440 3311 impulsu
451 3239 569 3313 quodam
580 3239 692 3296 adactus
703 3239 867 3308 violentius,

64 3323 93 3378 in
107 3324 295 3394 pavimentum
313 3326 386 3393 ruit;
405 3345 524 3401 moxque
542 3344 600 3396 ore,
612 3326 737 3394 auribus,
754 3344 785 3385 ac
796 3329 867 3384 nari·

63 3411 113 3468 bus
131 3414 279 3484 praevalida
294 3418 402 3473 cruoris
421 3418 556 3471 effusione
576 3416 707 3488 perlluxit
724 3416 787 3490 [ol.,
805 3435 866 3491 pro-

63 3503 160 3575 luxitl.
174 3505 215 3559 lta
230 3520 278 3574 per
292 3506 439 3560 obtentum
453 3505 522 3577 ejus,
534 3505 614 3577 cujus
627 3523 703 3563 sacra
716 3510 864 3566 transiere·

62 3591 166 3648 bantur
181 3592 306 3662 pignora,
322 3594 448 3664 sospitati
466 3592 600 3662 redditus,
621 3604 648 3652 et
668 3605 744 3669 peste
759 3598 867 3654 daemo-

64 3682 111 3737 nis
125 3682 226 3750 caruit,
242 3690 269 3738 et
285 3684 504 3741 necessariorum
526 3703 657 3744 sensuum
670 3688 796 3746 rediviva
808 3691 866 3747 mi-

66 3769 218 3824 nisteriain
231 3769 366 3842 pristinos
378 3774 481 3846 recepit
500 3791 576 3832 usus.

100 3857 144 3914 98.
160 3857 202 3912 nd
217 3857 300 3915 tidem
325 3861 467 3930 miraculi,
489 3863 586 3921 diebus
611 3874 704 3938 postea
728 3881 865 3941 superstes

62 3947 286 4021 quamplurimis,
314 3950 442 4008 beneficii
463 3954 583 4025 percepti
599 3970 655 4009 non
674 3956 865 4016 immemorem

62 4043 261 4101 conscientiam
278 4044 418 4118 obsequiis
433 4060 488 4100 suu
504 4045 634 4100 tenuitati
644 4049 866 4118 competentibus

64 4131 138 4203 apud
165 4131 238 4189 beati
253 4134 382 4191 Germani
408 4133 571 4191 memoriam
588 4132 748 4192 declaravit.
764 4138 865 4195 Actum

65 4225 106 4273 est
121 4219 174 4278 hcc
186 4238 261 4279 auno
274 4225 326 4280 Dei
345 4224 468 4281 hominis
491 4224 558 4297 facti
576 4224 639 4294 stt,
665 4233 795 4297 regnante
807 4226 865 4300 jam

65 4306 191 4378 piissimo
205 4311 315 4380 Carolo,
328 4314 442 4371 Caesaris
458 4314 592 4371 Ludoviei
606 4314 679 4382 fili0;
696 4322 866 4389 postquama

65 4396 144 4453 civili
159 4402 254 4471 praelio
269 4412 279 4432 ⁴
294 4420 432 4477 regressus
445 4406 545 4475 victor,
562 4415 641 4461 extra
658 4422 754 4462 omnes
768 4406 866 4465 iratres

917 1846 975 1886 ram
993 1832 1027 1888 ad
1048 1847 1142 1887 necem
1163 1829 1269 1888 civium
1292 1829 1502 1885 transtulerunt.
1523 1828 1637 1900 lamque
1654 1826 1723 1882 uni-

918 1920 990 1977 versi
1008 1937 1075 1993 pene
1090 1919 1167 1992 regni
1182 1936 1310 1992 proceres
1323 1919 1357 1975 ab
1381 1920 1434 1975 isto
1458 1919 1492 1976 ad
1513 1919 1592 1975 illurn
1612 1916 1723 1974 deiece-

918 2015 997 2073 rant;
1013 2007 1141 2078 aequitate
1159 2006 1241 2073 nihil,
1268 2007 1375 2063 viribus
1388 2005 1518 2063 univorsa
1542 2005 1721 2082 constabant;

918 2092 1002 2162 caede,
1018 2093 1132 2165 rapinis,
1145 2092 1283 2150 incendiis
1292 2103 1392 2151 cuncta
1406 2094 1580 2162 terebantur;
1594 2111 1648 2150 non
1660 2094 1723 2150 illos

918 2181 1041 2253 acmptis
1056 2181 1557 2240 immanibusChristianitatistitulus
1567 2183 1723 2256 revocabat,

919 2288 976 2328 non
989 2271 1104 2328 lrumani
1118 2273 1316 2346 contemplatio
1332 2273 1453 2337 lauderis,
1470 2290 1526 2329 non
1539 2272 1641 2348 ubique
1651 2275 1722 2331 loco·

920 2378 980 2418 ruur
992 2361 1204 2434 praesentialiter
1217 2362 1316 2434 plenus
1330 2370 1356 2417 et
1371 2362 1489 2434 pleniter
1503 2378 1621 2436 praesens
1633 2379 1664 2419 ac
1675 2374 1723 2436 per

920 2451 973 2508 hoc
988 2451 1082 2506 omnia
1097 2451 1214 2524 desuper
1229 2451 1385 2524 inspectans
1410 2453 1492 2520 Deus,
1521 2467 1577 2507 non
1605 2451 1722 2524 donique
1791 2498 1793 2505 ,

920 2539 1106 2597 consideratio
1122 2539 1221 2609 iuturi,
1238 2548 1428 2597 consummato
1444 2540 1520 2609 orbo,
1536 2537 1635 2611 judicii
1651 2540 1724 2597 inter

921 2627 990 2684 hene
1005 2627 1119 2684 meritos
1143 2635 1170 2683 et
1193 2628 1266 2685 male
1289 2629 1414 2688 conscios
1429 2626 1514 2703 aequis
1530 2628 1655 2686 lancibus
1670 2646 1724 2686 ex-

921 2718 1068 2791 pendendi.
1560 2716 1564 2738 '

959 2841 1018 2898 100.
1035 2843 1111 2899 luter
1124 2841 1183 2900 hmo
1196 2844 1434 2900 mansuetissimus
1448 2860 1497 2900 rex
1515 2844 1639 2912 Carolus,
1656 2837 1723 2900 belli

921 2929 1051 3004 pacisque
1065 2931 1171 2988 artibus
1186 2932 1325 2990 Dauidica
1341 2949 1448 3005 semper
1462 2935 1603 2991 modestiae
1616 2950 1724 3006 coropa-

922 3021 1034 3090 randus,
1050 3038 1112 3078 curu
1124 3038 1152 3077 se
1166 3011 1294 3078 fraternae
1304 3022 1427 3089 saevitias,
1439 3022 1468 3076 in
1478 3022 1537 3077 dies
1547 3022 1724 3094 pertinaciter

883 3117 904 3178 C
922 3110 1105 3178 crudescenti,
1122 3111 1251 3165 humanis
1265 3109 1352 3180 copiis
1366 3126 1401 3164 ex
1413 3127 1491 3181 aequo
1509 3126 1565 3166 nun
1585 3128 1662 3183 posse
1676 3130 1724 3169 re-

923 3198 1019 3253 sistere
1033 3198 1197 3271 pervidisset
1210 3216 1217 3266 ;
1233 3197 1341 3254 vicibus
1349 3197 1443 3253 omnia
1456 3198 1532 3254 volvi
1543 3214 1599 3254 nou
1608 3199 1722 3270 inscius,

923 3289 1097 3362 ferendisque
1110 3290 1220 3345 fortiter
1231 3290 1350 3360 casibus,
1366 3307 1407 3360 uc,
1420 3292 1477 3346 Deo
1494 3292 1624 3364 propitio,
1638 3309 1670 3349 su
1705 3324 1724 3336 -

923 3379 1017 3436 randis
1031 3397 1046 3435 a
1058 3397 1142 3453 puero
1159 3390 1294 3450 assuetus,
1310 3380 1462 3438 cedendum
1478 3383 1594 3455 tempori
1610 3309 1724 3440 urbibet-

922 3479 966 3528 tus
981 3481 1022 3528 est
1037 3471 1167 3544 (potius),
1185 3488 1266 3544 quam
1280 3487 1339 3539 suo,
1351 3488 1383 3527 ac
1401 3470 1721 3545 reipublicardispondio,

922 3563 1002 3619 caecis
1018 3563 1237 3620 extraordinarie
1257 3563 1724 3638 periculisincurnbenduur.ltaque

922 3652 1084 3721 salubriore,
1101 3660 1128 3708 et
1143 3653 1217 3726 quod
1231 3660 1339 3709 tanturn
1350 3652 1462 3710 decebat
1476 3653 1641 3726 principem,
1654 3669 1720 3711 con·

922 3741 985 3796 silio
1001 3742 1148 3810 animatus,
1164 3740 1321 3814 posthabita
1338 3757 1385 3813 spe
1410 3741 1569 3813 temporalis
1582 3741 1724 3814 adjutorii,

921 3831 956 3886 ad
966 3831 1095 3889 divinum
1108 3848 1137 3888 se
1146 3831 1305 3903 presidium
1313 3830 1433 3887 contulit
1446 3831 1528 3898 ;satis
1537 3831 1723 3903 perniciosum

921 3921 1021 3990 sciens,
1038 3930 1068 3977 ut
1081 3922 1186 3979 divinis
1196 3921 1330 3991 diffidere,
1347 3922 1386 3977 ita
1400 3937 1508 3994 quoquo
1517 3921 1647 3979 humanis
1657 3922 1725 3978 viri·

920 4007 974 4063 bus
987 4010 1174 4067 inconsultius
1189 4013 1252 4067 niti.
1275 4013 1366 4083 Atque
1386 4011 1460 4067 inter
1473 4027 1550 4083 spem
1565 4019 1725 4085 metumque

920 4101 1048 4170 confinis,
1064 4102 1240 4173 expeditione
1260 4111 1411 4158 memorata
1433 4103 1506 4159 beati
1521 4103 1651 4160 Germani
1664 4120 1728 4162 εω-

920 4188 1035 4245 nobiurn
1050 4191 1107 4245 Deo
1121 4197 1209 4244 tactus
1222 4186 1303 4245 adiit.

958 4313 1018 4369 tot.
1034 4313 1121 4385 lgitur
1135 4311 1189 4368 loci
1205 4328 1236 4368 ao
1245 4309 1376 4384 temporis
1390 4311 1597 4383 opportunitate
1608 4320 1715 4386 captata

923 4402 993 4459 sacri
1007 4402 1215 4458 translationem
1228 4399 1353 4472 corporis
1371 4400 1473 4473 absque
1496 4400 1630 4458 dilatione
1645 4403 1724 4474 perii.

66 4501 131 4543 suos
145 4489 225 4560 regia
247 4493 352 4565 apicem
367 4495 468 4551 extulit
482 4494 633 4567 potestatis.
655 4495 691 4550 At
705 4510 778 4551 anno
789 4493 868 4566 ejus·
882 4483 907 4542 D
922 4490 1047 4547 ciendam
1063 4489 1185 4548 decrevit
1199 4507 1205 4557 ;
1222 4488 1296 4561 quod
1311 4496 1338 4545 et
1352 4505 1407 4545 suaa
1420 4489 1588 4546 reversionis
1601 4491 1724 4549 incertus

67 4573 129 4631 dem
145 4577 229 4635 Verbi
245 4581 381 4639 incarnati
398 4585 461 4654 859,
473 4584 519 4657 qui
531 4592 571 4641 est
585 4583 656 4655 regis
670 4583 761 4641 Caroli
775 4599 866 4641 nonus

68 4673 95 4721 et
115 4666 248 4741 decimus,
265 4674 432 4746 amplificata
450 4675 544 4730 eadem
565 4673 692 4742 basilica,
707 4681 865 4747 cryptarum

71 4770 135 4825 que,
151 4765 182 4813 ut
195 4777 277 4833 supra
292 4762 426 4834 digestum
443 4770 493 4831 est,
510 4763 719 4836 pulchritudine
729 4762 866 4834 decorata,

108 4851 116 4871 ¹
135 4845 217 4905 Anno
231 4850 337 4909 scilicet
351 4851 456 4910 Christi
471 4853 533 4920 859,
550 4861 580 4910 ut
595 4869 661 4908 mox
676 4852 794 4910 dicetur.

106 4914 117 4942 ⁵
135 4917 237 4992 Nempe
254 4938 327 4979 anno
341 4923 445 4980 Christi
459 4924 521 4993 stt,
541 4932 572 4980 ut
587 4933 724 4996 sequetur.

105 4993 114 5014 ²
133 4989 262 5048 Ludoeicr'
275 4994 428 5051 Germania
444 4996 525 5066 regis,
538 4997 584 5068 qui
596 4995 687 5053 Caroli
699 4995 774 5051 Calvi
785 4996 868 5052 irater

71 5065 140 5126 erat,
157 5063 205 5117 sed
220 5065 309 5135 major
323 5074 398 5123 natu.
415 5075 446 5121 ut
463 5075 526 5137 pote
539 5083 574 5122 ex
588 5066 772 5136 Errrrengarde
787 5067 869 5139 geui-

72 5136 116 5184 tus
131 5147 137 5186 2
150 5134 239 5211 ,ambo
256 5144 346 5192 autern
367 5139 483 5194 Caesarea
496 5138 678 5210 appellantur,
695 5138 768 5209 quod
783 5139 868 5210 impe·

70 5207 182 5271 ratorrs,
198 5205 331 5263 Ludovici
347 5208 387 5263 Pii
406 5207 522 5276 scilicet,
538 5217 627 5264 essunt
640 5206 703 5263 filii.

106 5270 117 5299 ⁴
138 5274 178 5330 De
193 5277 220 5332 S.
244 5279 396 5346 heriboldo,
411 5280 479 5336 alias
492 5280 637 5336 heriboldo
656 5295 698 5350 ep.
714 5279 866 5336 Autissiod.

76 5350 168 5423 actum
180 5356 221 5403 est
235 5348 280 5405 die
297 5350 331 5405 ta
347 5352 461 5432 Aprilis,
474 5368 535 5424 pag.
552 5352 614 5419 378,
628 5360 773 5423 antequam
784 5350 869 5407 histo·

75 5429 146 5469 rram
163 5418 352 5493 episcoporum
375 5424 455 5479 istius
468 5423 599 5491 ecclesia,
616 5422 663 5478 ubi
678 5423 799 5494 amplum
815 5421 869 5477 ha-

74 5482 121 5539 bet
135 5489 266 5562 elogium,
287 5492 404 5564 majores
423 5494 511 5550 nostri
526 5495 670 5550 vidissent.

113 5568 122 5588 ·
142 5563 324 5620 Fontanetico
339 5565 444 5621 scilicet
460 5567 508 5621 illo
522 5573 576 5621 um
594 5564 767 5621 memorabili
785 5579 866 5636 quam

71 5639 188 5691 cruento
205 5652 211 5689 :
229 5650 291 5691 nam
305 5636 376 5692 illud
390 5637 486 5694 eodem
495 5653 568 5696 anuo
583 5645 688 5711 gestum
702 5643 760 5693 erat
775 5651 867 5692 mense

922 4580 1062 4648 existeret,
1079 4587 1105 4635 et
1116 4586 1255 4650 concepta·
1268 4579 1295 4635 iu
1312 4588 1438 4637 sanctum
1457 4579 1616 4638 devotionis
1626 4583 1726 4641 officiis

923 4670 1073 4743 plurimum
1090 4670 1143 4726 sibi
1159 4669 1266 4726 roboris
1279 4670 1385 4743 acquiri
1400 4686 1488 4743 posse,
1504 4686 1560 4726 non
1574 4671 1723 4735 dubitaret.

922 4759 1022 4816 Sancto
1032 4759 1117 4832 igitur
1124 4759 1346 4832 Epiphaniorurn
1355 4760 1400 4816 die
1412 4759 1725 4819 ''solemniteromnibus

922 4851 1022 4917 Junio;
1068 4865 1131 4906 curn
1161 4847 1219 4905 haro
1247 4848 1392 4904 translatio
1426 4850 1559 4906 acciderit
1592 4849 1726 4906 Kalendis
1780 4889 1783 4897 .

923 4921 1101 4993 Septembris,
1114 4920 1196 4992 juxta
1211 4921 1282 4977 Hist.
1306 4936 1368 4992 epp.
1393 4921 1547 4980 Autissiod.
1563 4937 1594 4977 ca
1617 4965 1622 4976 .
1636 4920 1680 4988 36,
1697 4927 1726 4975 et

923 4993 1071 5050 liebertum
1090 4992 1256 5048 monachum
1271 4991 1539 5049 antissiodorensem
1555 4991 1584 5046 in
1594 4938 1725 5049 Ehrono-

923 5065 996 5170 logia
1009 5063 1043 5119 ad
1059 5063 1224 5189 anifflChristi
1239 5063 1303 5119 bril.
1486 5132 1503 5188 d
1532 5132 1550 5189 d

943 5134 1724 5285 ..allati..albttlttlftiltttnt‘ttlttl}

923 5223 1059 5333 [udovici
1073 5276 1113 5332 Pii
1130 5276 1212 5344 filios,
1228 5276 1368 5333 Verodunr
1381 5282 1556 5331 convenerat.

961 5358 973 5392 ⁸
989 5349 1047 5403 lloc
1061 5346 1164 5402 facturn
1179 5363 1251 5402 auno
1265 5346 1328 5413 858,
1345 5362 1392 5427 per
1403 5346 1549 5402 rebellium
1566 5345 1724 5415 lactionum,

924 5435 984 5546 qua
999 5419 1128 5475 Carolum
1143 5417 1677 5485 exosa,hudov1cumadversusiratrem
1695 5417 1725 5475 in

948 5490 1027 5546 allias
1042 5489 1218 5544 invitaverat.

961 5563 973 5598 ¹¹
988 5560 1061 5616 Anni
1078 5559 1219 5630 videlicet,
1233 5566 1263 5614 ut
1277 5558 1358 5631 paulo
1375 5568 1439 5617 ante
1460 5558 1622 5622 dicebatur:
1650 5560 1728 5625 teret

924 5632 1058 5690 irrcurncti
1071 5630 1134 5689 859.
