3834 6136
550 227 596 284 DE
616 225 805 285 ulututtuls
824 225 852 283 S.
871 224 1041 284 GERMANI.
1062 255 1097 268 -
1116 225 1184 284 LlB.
1205 224 1229 286 1.
1652 225 1726 291 last

66 379 194 456 opusculi
207 379 327 438 brevitas
340 380 480 454 explicare
496 396 552 438 non
566 380 688 454 patitur:
705 395 791 452 pauca
803 396 872 454 per·
885 382 909 441 Α
925 377 1078 450 presbyteri
1099 378 1257 452 vespertina
1270 375 1331 434 loco
1349 376 1475 434 deessent
1487 377 1586 435 officia.
1601 377 1724 457 Sumptis

66 473 201 543 stringere
218 472 326 527 animus
341 471 469 546 suggerit,
486 487 545 543 qrras
564 486 612 543 per
625 469 793 526 sacerdotem
810 469 869 542 ejus
923 469 1014 541 itaque
1028 469 1136 542 aliquot
1150 469 1290 538 fratribus,
1307 469 1389 525 anxie
1406 467 1594 542 properabam.
1610 468 1724 544 Jamque

65 559 318 617 basilieaeudelirer
332 570 474 632 comperta
492 567 625 616 tenemus.
645 559 695 617 llic
709 559 766 632 ipse
780 559 814 614 ad
827 575 867 616 ro·
921 557 1002 613 nobis
1028 557 1150 614 ecelesia
1175 558 1276 614 atrium
1299 556 1494 626 subeuntibus,
1510 557 1588 630 signa
1609 557 1722 615 solitum

65 649 197 708 visendos
212 665 290 721 agros
308 650 429 708 eeclesia
444 649 488 706 die
503 649 621 722 quadam
642 666 670 705 se
684 648 789 705 ferebat
809 664 867 706 essa
921 646 1019 702 dedere
1034 646 1200 718 clangorem.
1212 646 1355 704 Concitato
1369 647 1463 717 acrius
1470 662 1564 716 cursu,
1575 645 1609 703 ad
1620 645 1722 702 ostium

69 224 138 287 taut

65 738 237 814 profectum:
254 739 318 795 dolo
333 740 419 798 vicini
433 739 575 812 cujusdam
590 755 718 812 agrorum
733 738 866 796 terminos

65 830 237 896 immutatos,
252 844 284 884 ac
310 844 364 884 non
390 829 491 902 absque
510 845 565 884 suaa
588 828 674 900 partis
698 827 865 884 detrimento

64 917 166 990 reperit
187 932 244 973 esse
267 916 412 985 confusos3
437 917 614 991 adhibitaque
630 916 721 972 denuo
737 916 862 989 legitima

63 1024 126 1066 cum
143 1004 259 1063 testibus
276 1006 424 1074 mentione,
439 1005 558 1078 lapidem
574 1007 601 1061 in
611 1005 739 1061 terminis
753 1021 864 1077 conspo-

62 1096 135 1164 suit,
151 1104 232 1168 atque
243 1110 383 1168 procausa
396 1095 547 1151 sollicitus:
565 1095 672 1163 Sancte,
689 1095 737 1163 ait,
754 1095 863 1150 Germa·

63 1200 108 1255 ue,
124 1185 147 1241 si
163 1202 215 1258 qua
228 1185 269 1241 tui
285 1184 433 1241 sacerdotis
445 1193 470 1242 te
485 1185 591 1242 detinet
601 1201 676 1252 cura,
690 1184 740 1240 bos
755 1184 811 1256 agri
822 1184 861 1240 tui

62 1275 196 1331 maurinos
205 1291 220 1330 a
230 1273 439 1346 pervadentium
451 1282 528 1331 tuere
542 1274 692 1332 calumnia.
705 1273 753 1329 liis
767 1273 859 1342 dictis,

62 1362 175 1420 domum
200 1362 309 1434 repetit.

98 1456 142 1512 ut.
159 1455 276 1512 Vicinus
291 1455 404 1524 interea,
425 1453 586 1528 cupiditatis
599 1453 751 1511 acrimonia
765 1469 859 1526 perur-

61 1551 152 1616 gente,
179 1551 264 1599 noctu
290 1543 325 1599 ad
350 1558 478 1615 campum
497 1541 641 1611 accedens,
657 1543 824 1598 convulsum
845 1557 860 1596 a

60 1635 187 1692 terminis
208 1634 326 1708 lapidem
353 1636 434 1709 longe
458 1636 585 1705 semovit,
602 1652 652 1691 sua
674 1634 857 1708 ampliticans,

919 734 1098 801 accessimus;
1115 733 1188 809 quod
1202 735 1325 790 clausum
1340 734 1462 808 quidem,
1475 734 1524 794 sed
1538 733 1654 792 minime
1667 731 1722 790 ob-

918 830 1039 881 seratum
1054 823 1224 880 invenimus.
1241 823 1297 881 Vix
1312 841 1362 881 nos
1385 827 1482 897 pedem
1497 841 1676 899 posueramus
1691 824 1721 881 in

919 913 1025 984 limine,
1042 913 1138 986 etjam
1152 914 1230 986 signa
1248 914 1350 988 pulsari
1366 913 1514 970 desierant.
1529 916 1589 972 Huc
1598 915 1721 986 illucque

918 1004 1012 1061 oculos
1022 1003 1256 1072 circumferentes,
1268 1003 1406 1060 neminem
1418 1003 1448 1058 in
1458 1002 1573 1061 ecclesia
1582 1004 1717 1065 vidimus.

918 1091 1037 1161 Ostium,
1053 1109 1101 1166 per
1116 1091 1189 1166 quod
1203 1092 1274 1149 elabi
1289 1101 1380 1166 posset
1394 1093 1504 1166 aliquis,
1521 1093 1632 1150 nullum
1648 1103 1716 1153 erat.

916 1186 1034 1240 Domum
1060 1171 1209 1241 sacerdotis
1224 1200 1331 1240 summa
1350 1181 1489 1240 celeritate
1503 1182 1629 1255 ingressi,
1646 1184 1717 1241 dili-

916 1282 1010 1344 genter
1020 1280 1221 1347 perscrutantes
1232 1273 1335 1340 omuia,
1348 1287 1491 1346 personam
1502 1271 1608 1327 nullam
1618 1287 1714 1343 vacua,

915 1373 1015 1420 cuncta
1038 1364 1245 1437 conspeximus.
1260 1362 1407 1436 Presbyter
1423 1379 1486 1420 cum
1502 1362 1559 1420 suis
1574 1363 1713 1433 omnibus,

915 1461 946 1508 ut
957 1463 1050 1527 postea
1064 1456 1202 1528 professus
1217 1462 1267 1521 est,
1284 1451 1379 1509 relicta
1394 1450 1477 1507 domo
1490 1467 1585 1521 vacua,
1599 1450 1715 1524 jamdu-

915 1543 981 1599 dum
997 1543 1027 1598 in
1041 1544 1137 1600 urbem
1156 1559 1306 1617 pransurus
1323 1541 1497 1598 abscesserat.
1515 1541 1639 1616 Cumque
1655 1557 1714 1597 rem

915 1651 1021 1691 mecum
1036 1635 1135 1693 tacitus
1149 1635 1301 1701 volverem,
1312 1632 1467 1705 conjectum
1479 1640 1519 1689 est
1529 1632 1563 1689 ab
1574 1632 1713 1703 omnibus,

60 1724 149 1780 aliena
168 1740 312 1796 perperam
326 1732 519 1797 coangustans.
536 1725 586 1781 Die
601 1725 720 1793 reddito,
740 1723 859 1796 presby·
875 1749 896 1808 B
912 1722 992 1780 beato
1003 1724 1140 1780 Germano
1151 1723 1246 1781 divina
1257 1739 1369 1796 vespere
1380 1740 1434 1780 non
1443 1722 1564 1779 defuisse
1571 1721 1713 1797 obsequia,

60 1821 102 1870 ter
117 1813 282 1883 revertitur,
302 1815 420 1873 violatos
434 1815 567 1872 terminos
586 1814 699 1888 aspicit;
716 1822 797 1887 atque
812 1813 861 1869 ite·
915 1829 975 1885 quae
990 1811 1024 1868 ab
1043 1813 1205 1870 bominibus
1219 1814 1307 1885 palam
1327 1812 1492 1869 videbantur
1510 1828 1568 1868 esse
1580 1813 1713 1884 neglecta.

61 1913 126 1963 ratae
141 1906 303 1962 temeritatis
318 1906 476 1978 impatiens,
493 1906 557 1962 felle
576 1912 734 1961 commoto:
751 1903 858 1970 Nonne,
915 1901 1112 1958 Consummatc
1126 1903 1228 1972 cilicio,
1244 1904 1348 1961 alacres
1362 1903 1549 1972 discessimus,
1563 1903 1715 1959 luminari-

59 1995 108 2064 ait,
124 2002 215 2051 sancte
242 1996 386 2063 Germane,
404 2002 458 2050 tuae
478 1993 543 2049 fidei
567 1993 620 2048 ista
638 1990 859 2048 commiseram?
915 1990 966 2046 bus
981 1991 1010 2045 in
1025 1998 1134 2047 noctem
1153 1992 1323 2063 compositis,
1338 2001 1365 2048 et
1379 1992 1458 2048 ostiis
1469 1992 1714 2065 ecclesiaediligen-

59 2082 115 2140 Vix
130 2084 181 2139 iste
200 2084 230 2137 in
245 2099 342 2154 campo
357 2083 441 2137 verba
456 2083 652 2152 compleverat,
667 2086 694 2135 et
703 2077 761 2150 jam
776 2075 858 2133 sacri·
915 2079 969 2136 tius
984 2080 1173 2136 communitis.
1190 2081 1226 2135 m
1241 2096 1396 2153 quanquam
1413 2096 1490 2136 mens
1509 2081 1635 2137 miraculi
1650 2097 1713 2138 con·

58 2172 151 2244 legum
165 2172 238 2226 intra
254 2169 418 2225 domesticus
433 2169 549 2240 parietes
563 2168 651 2225 ultrix
665 2183 745 2240 poena
760 2166 858 2238 plecte·
913 2168 970 2223 scia
985 2167 1014 2222 in
1039 2167 1180 2223 interioris
1198 2167 1320 2223 bominis
1343 2167 1528 2239 penetralibus
1552 2167 1712 2241 plauderel;

57 2260 124 2326 bat,
141 2258 240 2314 subitis
251 2257 392 2313 doloribus
402 2256 567 2328 corripitur3
585 2264 612 2312 et
626 2256 859 2313 totiscoutractus
914 2257 998 2313 malui
1016 2265 1107 2312 tamen
1122 2258 1231 2313 caeleste
1245 2264 1402 2328 portentum
1418 2257 1480 2314 aliis
1499 2257 1713 2329 praedicantibus

58 2355 200 2424 membris,
216 2356 319 2412 virium
338 2354 510 2413 adminiculo
535 2353 705 2412 destituitur.
732 2353 797 2410 Mox
820 2359 858 2407 te·
914 2347 1068 2420 publicari,
1093 2363 1128 2403 nc
1152 2346 1197 2402 cui
1222 2346 1293 2401 forte
1316 2353 1459 2418 suspectus
1479 2346 1609 2416 efficerer,
1626 2347 1711 2420 quod,

58 2444 194 2501 merituris
218 2445 408 2514 reminiscens,
423 2445 527 2501 amicos
545 2442 679 2511 advocat,
705 2441 855 2499 eonsilium
913 2453 976 2492 cunr
992 2436 1042 2490 sim
1058 2434 1131 2491 beati
1147 2433 1276 2491 Germani
1292 2434 1429 2506 peculiare
1445 2433 1623 2506 mancipium,
1642 2436 1712 2491 mul·

58 2535 176 2591 salutare
191 2535 337 2607 implorat;
353 2534 388 2590 ad
402 2533 765 2607 presbyterumperarnicos
777 2548 858 2590 causa
913 2524 1057 2599 tiplicaudi
1074 2522 1176 2580 favoris
1197 2522 1283 2596 gratia
1297 2520 1432 2578 voluerim
1449 2520 1552 2594 majora
1566 2537 1601 2578 ex
1615 2523 1713 2579 mino-

58 2622 198 2692 defertur;
216 2631 246 2680 ut
261 2625 360 2680 misero
374 2626 418 2696 pie
432 2624 568 2693 consulat,
583 2623 728 2679 humiliter
746 2622 858 2696 ssagila-
913 2615 989 2670 tibus
1005 2613 1141 2671 affectare·

58 2721 113 2769 tur.
134 2715 182 2770 llle
197 2715 305 2769 nullum
320 2713 481 2785 praesentius
491 2711 644 2768 remedium
659 2728 686 2768 se
702 2711 771 2768 scire
787 2727 856 2767 asse·
948 2713 991 2769 68.
1010 2714 1096 2785 Pagus
1107 2709 1322 2768 Cinomannicus
1333 2717 1343 2743 ¹
1355 2707 1506 2765 beat-issimi
1517 2706 1647 2764 Germani
1658 2725 1713 2766 me·

58 2801 105 2871 rit,
122 2819 202 2876 quam
225 2810 266 2872 ut,
282 2802 355 2858 votis
374 2805 502 2875 sumptis,
519 2800 553 2856 ad
577 2800 637 2872 ejus
659 2816 687 2856 se
712 2799 856 2858 ecclesiam
913 2804 975 2861 ritis
996 2802 1112 2858 devotus
1136 2799 1301 2873 specialiter,
1319 2798 1428 2855 infinita
1451 2798 1522 2871 apud
1543 2815 1571 2854 se
1596 2797 1713 2855 diversis

57 2892 192 2959 conferat,
210 2890 289 2962 cujus
304 2890 406 2946 oflensa
420 2906 482 2947 eum
499 2890 565 2946 talia
585 2890 729 2963 pertulisse
744 2896 858 2946 consta-
912 2893 981 2949 locis
995 2891 1053 2964 ejus
1069 2890 1202 2947 miracula
1217 2887 1356 2960 praedicat,
1373 2887 1471 2960 quasi
1487 2886 1587 2943 litteris
1602 2887 1713 2945 manda·

57 2979 113 3037 bat.
136 2981 289 3038 Gestatorio
313 2979 430 3049 delatus,
447 2979 579 3047 accessit;
605 2995 706 3052 perque
727 2977 786 3034 dies
800 2977 857 3033 ali-
912 2982 1119 3049 renturomnia
1136 2978 1310 3050 maximiper
1322 2993 1350 3033 se
1364 2985 1474 3048 possent
1487 2993 1588 3049 corpus
1598 2976 1713 3050 implere

58 3079 127 3145 quoa
156 3080 264 3144 peracta
292 3072 331 3127 ihi
357 3072 529 3145 penitencia,
544 3071 718 3128 clementiam
735 3068 854 3135 mereim
875 3072 1072 3166 Csaturninus.
1089 3071 1138 3126 Est
1151 3070 1180 3125 in
1196 3069 1254 3139 ipso
1273 3081 1341 3137 pago
1356 3064 1504 3122 eadrtaeus
1518 3064 1712 3132 relambens

56 3164 183 3238 sospitati
204 3163 303 3220 deinde
327 3165 492 3219 reformatus
515 3162 665 3229 abscessit3
687 3177 742 3216 non
772 3159 858 3230 magis
913 3150 1710 3230 ecclesiamejusvirtutibusgloriosam:islocusquoniam

57 3254 114 3325 ipse
128 3262 275 3320 correctus,
288 3269 369 3326 quam
385 3252 501 3320 caeteris,
511 3267 545 3307 ne
559 3252 614 3307 lale
628 3249 770 3322 quidpiam
779 3248 857 3304 dein·
913 3250 1039 3320 exlongo
1053 3247 1194 3319 signorum
1202 3244 1286 3298 claret
1294 3240 1444 3309 affluentia,
1460 3238 1654 3297 ardentissime
1664 3256 1710 3314 po·

58 3360 121 3418 ceps
136 3343 280 3399 admittere
293 3341 420 3411 audeant,
436 3342 565 3411 exemplo
580 3340 700 3394 futurus.
912 3341 1039 3410 palorum
1052 3339 1186 3395 indefesse
1196 3332 1395 3392 confluentium
1406 3331 1498 3389 studio
1509 3332 1708 3404 frequentatur.

91 3437 135 3493 66.
152 3435 225 3493 Idem
241 3438 298 3508 ipsc
315 3435 468 3507 presbyter,
491 3431 557 3486 dum
571 3430 688 3503 quadam
714 3437 795 3486 nocte
810 3431 856 3487 do·
912 3430 1068 3498 Teslantur,
1085 3427 1132 3501 qui
1147 3424 1241 3481 videre
1256 3420 1405 3493 sepissime
1419 3418 1505 3476 totins
1520 3419 1642 3477 basilicas
1657 3436 1710 3493 pa-

56 3527 159 3583 minica
172 3527 201 3580 in
216 3524 330 3581 ecclesia
344 3522 467 3577 solemne
477 3520 628 3576 celebraret
650 3520 784 3588 officium,
800 3520 856 3577 levi
912 3521 1070 3578 rictcsintra
1080 3504 1211 3592 extraqu'e
1222 3517 1303 3591 pallis
1314 3512 1327 3552 ⁵
1338 3512 1369 3572 aa
1378 3513 1472 3570 linteis
1484 3519 1638 3585 coopertos,
1649 3528 1709 3587 quas

56 3630 154 3687 sopore
180 3610 332 3666 subductus
353 3608 447 3676 sensit,
470 3624 498 3664 se
521 3616 688 3680 superventu
713 3607 856 3681 cujusdam
911 3612 1034 3668 fidelium
1050 3610 1171 3679 devotio,
1187 3607 1222 3665 ob
1236 3613 1363 3681 percepta
1377 3604 1526 3662 sanitatum
1541 3602 1709 3661 donacuale-

54 3717 179 3776 perseum
191 3699 350 3772 impulsum,
366 3705 456 3772 atque,
468 3704 500 3754 ut
513 3697 631 3754 lestines
644 3698 759 3777 domum
777 3715 856 3754 suam
911 3702 1006 3770 stium,
1021 3716 1097 3756 sacro
1120 3697 1263 3771 suspendit
1287 3697 1356 3753 loco.
1374 3695 1423 3763 Ea,
1440 3693 1513 3766 quod
1536 3699 1612 3748 arcto
1637 3708 1709 3749 con-

56 3789 254 3863 ingrederetur,
271 3787 453 3844 admonitum.
479 3788 558 3844 lllico
573 3788 712 3854 surrexit;
730 3795 757 3843 et
779 3796 855 3859 rapto
910 3799 1014 3848 structa
1028 3789 1144 3858 ambitu,
1156 3785 1379 3847 concurrentium
1394 3784 1482 3856 impar
1491 3789 1549 3838 erat
1558 3781 1707 3839 couventui

54 3895 143 3947 cereo,
160 3879 272 3935 domum
291 3877 438 3949 ingressus,
455 3877 575 3932 latrones
596 3877 669 3931 intra
693 3877 854 3932 cubiculum
911 3883 1084 3954 populorum,
1096 3896 1112 3935 a
1125 3879 1176 3937 loci
1189 3876 1288 3935 incolis
1299 3875 1365 3931 binc
1376 3872 1441 3929 inde
1450 3872 1549 3943 ligneis
1559 3878 1599 3926 est
1606 3870 1710 3927 ambita

54 3969 166 4043 reperit,
182 3974 334 4025 stramenta
358 3966 432 4033 lecti,
449 3973 476 4019 et
500 3964 523 4019 si
544 3963 610 4036 quid
625 3965 854 4019 vestimentorum
910 3967 1072 4039 porticibus.
1085 3969 1144 4024 lluc
1157 3968 1217 4024 vice
1227 3965 1344 4039 quadarn
1354 3961 1490 4019 Viviauus
1503 3959 1649 4032 princepsa
1663 3955 1708 4015 de.

54 4064 220 4130 repererant,
241 4055 420 4112 sarcinantes.
437 4052 512 4120 Quos
527 4052 658 4109 custodiae
681 4053 853 4123 mancipans,
909 4055 1034 4121 veniens,
1049 4056 1096 4126 qui
1112 4064 1172 4110 tum
1183 4056 1271 4110 eidem
1287 4052 1481 4109 dominabatur
1495 4049 1591 4116 fundo,
1606 4047 1709 4104 instru-

56 4145 85 4201 in
104 4145 246 4203 ecclesiam
270 4143 363 4211 rediit,
389 4149 416 4198 cl
440 4141 579 4198 residuum
604 4140 688 4196 officii
708 4137 855 4212 diligenter
908 4146 1158 4203 ctumsessurusad
1167 4146 1323 4216 prandium,
1336 4145 1445 4213 eaposf,
1457 4142 1616 4213 quosvulgo
1626 4142 1707 4198 falco·

54 4236 186 4308 explevit.
209 4233 308 4306 Liquet
334 4231 443 4288 beatum
472 4231 639 4287 Germanum
662 4228 783 4285 basilicas
798 4245 854 4286 ³11ae
909 4252 956 4291 nes
979 4240 1149 4304 nuncupant,
1163 4233 1209 4304 qui
1228 4245 1320 4287 secum
1335 4227 1420 4283 delati
1436 4227 1556 4292 fuerant,
1574 4243 1621 4297 per
1636 4228 1708 4282 basi·

54 4324 227 4381 cousuluisse
242 4322 380 4390 ministro,
398 4319 513 4376 nedum
528 4319 632 4375 divinae
649 4317 722 4374 laudi
739 4318 854 4375 insiste·
910 4323 969 4379 lica
981 4324 1106 4395 porticus
1116 4319 1245 4392 componi
1257 4315 1393 4391 pracepit.
1407 4314 1464 4369 Hoc
1478 4313 1560 4379 facto,
1576 4312 1706 4368 convivio

55 4424 107 4481 tet,
122 4413 160 4469 rei
175 4412 319 4467 familiaris
333 4410 433 4466 damna
446 4407 561 4465 tubitet·
907 4429 965 4470 sese
988 4409 1104 4469 indulsit
1118 4428 1124 4466 :
1136 4424 1152 4465 a
1162 4425 1216 4481 quo
1234 4423 1296 4464 cum
1313 4403 1489 4469 surrexisset,
1508 4393 1630 4457 falcones
1644 4399 1706 4455 uni·

91 4503 134 4560 67.
160 4503 250 4559 Minus
269 4509 310 4557 est
331 4499 425 4556 andita
449 4499 619 4570 depromere,
635 4494 689 4552 nisi
711 4503 738 4551 et
762 4469 889 4569 aliquaD
908 4518 1001 4558 versos
1014 4507 1138 4555 mortuos
1152 4493 1388 4568 reposuissem,
1408 4488 1509 4562 quibus
1520 4486 1634 4558 implexi
1648 4487 1705 4543 fue·

55 4591 143 4648 oculis
157 4598 283 4664 percepta
306 4589 468 4645 subdantur.
485 4587 578 4642 Pridie
596 4585 781 4643 Kalendarum
797 4586 851 4642 Au·
906 4599 978 4659 rant,
988 4588 1093 4662 pedicis
1103 4580 1457 4659 deperrdentes.Temeritas
1467 4575 1600 4649 principis
1608 4574 1706 4647 punita

54 4681 127 4753 gusti
144 4680 215 4737 beati
231 4679 361 4736 Germani
378 4678 510 4733 transitus
524 4674 597 4748 apud
611 4677 707 4733 urbem
723 4676 852 4733 Suessio-
907 4678 1007 4734 damno
1018 4675 1180 4749 gratissime
1194 4670 1355 4745 voluptatis,
1367 4667 1419 4741 ipsi
1430 4664 1541 4738 quidem
1550 4662 1703 4732 tristitiam,

54 4771 146 4826 nicam
174 4768 281 4825 fervido
300 4766 490 4824 celebrabatur
504 4765 652 4839 obsequi0;
669 4782 786 4840 cumque
807 4765 851 4822 die
906 4768 1020 4843 reliquis
1028 4758 1510 4824 intulitadmirationem.Germanus
1518 4752 1705 4812 sanctissimus

53 4859 84 4916 in
100 4873 239 4930 vesperam
255 4856 382 4929 proniore
396 4854 499 4911 divinas
518 4854 607 4911 landis
618 4855 771 4924 celebritas,
787 4872 850 4913 cum
906 4876 955 4916 suo
970 4854 1152 4914 reverentiam
1164 4851 1309 4910 vindicans
1320 4849 1391 4918 loeo,
1403 4863 1485 4921 quam
1495 4845 1548 4903 sibi
1559 4845 1705 4918 displicue-

54 4949 85 5005 in
105 4946 226 5014 urbanis,
243 4953 302 5001 tum
325 4945 406 5000 etiam
429 4945 458 5000 iu
482 4945 647 5001 suburbanis
671 4947 795 5003 ecclesiis
820 4962 852 5004 ac
906 4948 943 5004 rit
952 4963 1024 5004 seva
1034 4944 1180 5019 rapacitas,
1190 4941 1334 4997 evidenter
1348 4935 1503 5003 admonuit,
1515 4933 1594 5013 cujus
1603 4933 1702 4989 vitium

54 5034 229 5091 monasteriis
247 5041 317 5089 esset
336 5031 475 5105 explicita,
496 5032 614 5088 sollicita
630 5033 699 5088 mibi
721 5035 852 5106 cogitatio
906 5031 988 5086 etiam
1010 5030 1040 5085 in
1063 5029 1162 5085 avibus
1184 5035 1264 5100 raptu
1285 5023 1478 5082 victitantibus
1501 5029 1557 5076 tam
1578 5015 1704 5074 districte

55 5124 166 5192 incidit,
182 5124 281 5179 Axona
294 5129 471 5190 transmeato,
492 5122 526 5178 ad
546 5123 687 5195 praefatam
708 5141 852 5198 properare
906 5128 1063 5191 persecutus
1075 5124 1126 5174 est.

53 5212 250 5280 basilicam,ne
260 5213 329 5267 forte
343 5212 428 5285 (quod
438 5210 532 5267 animo
543 5211 713 5284 reputabam)
725 5213 852 5272 abscessu
941 5217 984 5274 69.
999 5217 1031 5272 ln
1046 5214 1170 5288 perjuros
1183 5228 1291 5286 quoque
1309 5217 1403 5266 tantus
1417 5206 1513 5265 existit
1530 5206 1615 5272 ultor,
1632 5201 1703 5259 utin

89 5304 204 5374 ¹¹Papus
229 5301 432 5358 Cinomannicus
450 5311 476 5359 et
500 5303 715 5371 cenomannicas,
731 5304 814 5385 vulgo
829 5305 852 5359 le
905 5305 968 5371 851,
982 5303 1062 5376 juxta
1085 5302 1253 5361 chronicum
1268 5297 1397 5356 aldemari
1417 5295 1489 5369 apud
1508 5292 1657 5359 Labbeum,
1672 5290 1703 5345 in

53 5375 153 5432 Maiae.
165 5374 361 5429 Normanniam
372 5374 660 5448 attingitetminorem
668 5374 849 5431 Britanniam.
906 5375 1078 5431 Bibliotheca
1101 5391 1165 5429 mss.
1179 5373 1313 5429 librorum
1329 5378 1396 5426 tom.
1413 5370 1447 5450 ll,
1464 5381 1524 5438 pag.
1542 5363 1590 5420 161
1602 5368 1630 5419 et
1643 5377 1701 5433 seq.

90 5447 102 5482 ⁶
122 5447 219 5526 Pullis,
236 5445 318 5526 idest
336 5447 439 5501 culeis.
461 5446 531 5526 ¹llirle
546 5445 689 5518 Gangium.
941 5450 952 5485 1
969 5447 1095 5502 Falcoaes
1108 5444 1240 5526 appellari
1250 5459 1328 5524 copes
1342 5456 1358 5496 a
1371 5457 1402 5496 ca
1422 5438 1507 5502 aenda,
1522 5433 1623 5515 docent
1636 5448 1703 5506 pas-

89 5526 101 5552 0
124 5518 250 5575 Vrviaaos
276 5517 323 5571 alle
344 5516 401 5572 dux
427 5518 481 5572 furt
499 5515 589 5574 Caroli
609 5517 698 5584 Calai,
719 5533 804 5574 caesus
823 5517 849 5572 in
906 5518 958 5574 sim
974 5533 1036 5573 cum
1052 5516 1154 5588 Gangre
1169 5457 1615 5643 etpmologubabsseuaaeeslegul
1630 5520 1637 5561 :
1652 5518 1702 5576 ege

53 5587 151 5661 praelio
164 5588 294 5643 adversus
309 5587 500 5663 lierispogium
511 5588 661 5645 Britanniae
671 5588 767 5645 ducem
779 5604 851 5645 anno
905 5589 1014 5647 codices
1029 5594 1138 5645 nostros
1151 5602 1195 5643 ma
1210 5587 1246 5642 im
1261 5599 1349 5661 sequa.
