3834 6136
124 196 176 257 951
619 184 827 245 ADREVALDI
845 182 1096 243 enonlacunsls
1114 183 1275 244 mouscin
1725 181 1775 240 952

126 343 201 404 unde
216 343 251 401 sit
271 342 423 417 seriptum:
442 339 597 411 Quicunque
608 337 808 395 manducaverit
818 353 924 410 panem,
940 339 966 400 h
980 337 1043 396 data
1057 346 1121 396 sunt
1144 338 1319 414 completiva.
1343 337 1482 397 Sacrificia
1498 352 1563 410 ergo
1579 334 1630 393 illa
1647 341 1776 410 unquam

127 437 176 487 aot
189 430 282 486 biberit
296 431 403 486 calicem
417 429 527 486 Domini
540 428 656 499 indigae,
672 443 732 482 rcus
746 427 796 482 crit
810 425 929 498 corporis
983 429 1066 485 verba
1081 428 1246 503 promissiva
1259 428 1349 486 ablata
1360 435 1433 484 sunt.
1450 425 1523 495 Quid
1537 433 1579 483 est
1595 423 1671 499 quod
1685 422 1777 483 datum

129 521 304 594 etsonguiais
319 520 426 578 Domini
447 520 475 588 (l
490 520 553 576 Cor.
575 535 615 587 ιι,
631 517 689 588 27).
715 517 751 572 Et
764 517 798 574 de
814 517 857 573 his
871 522 930 571 erat
984 527 1025 575 est
1039 518 1264 591 completivum?
1286 517 1392 590 Corpus
1416 515 1488 590 quod
1505 516 1607 584 nostis,
1629 512 1707 589 quod
1726 529 1776 573 uon

129 626 231 679 sermo,
244 627 307 666 cum
323 608 377 664 hoc
391 607 540 680 Apostolus
553 605 665 673 diceret,
682 605 729 678 qui
744 604 856 662 Domini
871 620 929 661 cor·

130 716 182 773 pus
197 701 274 756 velut
289 697 443 771 quemlibet
458 695 544 752 alium
559 693 654 751 cibum
671 693 819 750 indiscrete
838 692 931 764 negli-

131 797 282 862 genterque
297 786 453 843 sumebant.
472 785 522 841 llic
534 800 599 856 ergo
611 783 633 839 si
651 782 802 853 corripitur
813 781 860 855 qui
876 796 930 836 non

131 878 279 951 dijudicat,
296 877 349 933 hoc
363 884 413 943 est,
429 892 487 931 non
503 873 636 930 discernit
649 890 664 928 a
678 871 786 928 catenis
797 870 868 928 cibis
879 873 931 927 Do·

133 974 268 1031 mimicum
284 990 401 1045 ccrpns3
423 972 469 1044 qni
486 970 520 1027 ad
534 971 584 1026 Dei
598 985 719 1024 mensam
735 968 841 1040 lingens
858 967 932 1026 ami-

133 1085 208 1136 cum,
231 1065 338 1123 accedit
353 1064 519 1121 inimicus...
546 1064 569 1119 si
586 1061 796 1134 reprehensione
811 1060 934 1133 tangitur

134 1155 302 1227 negligentia
317 1151 503 1220 cornnirantis,
514 1168 569 1224 qna
579 1166 659 1224 poena
674 1149 827 1224 percutitur
839 1149 934 1205 vendi·

135 1253 179 1302 tor
189 1242 358 1300 invitantis?
368 1241 439 1309 Quid
451 1249 540 1297 aulem
552 1249 610 1296 erat
619 1239 697 1312 panis
707 1238 833 1294 traditori
843 1237 933 1304 datus,

138 1334 190 1390 nisi
207 1332 408 1390 demonstratio
422 1331 466 1387 cui
483 1330 575 1404 gratiae
587 1329 683 1385 inisset
695 1327 839 1400 ingratus?
852 1327 937 1382 lutra-

138 1427 180 1482 vit
194 1440 258 1497 ergo
273 1422 422 1496 posthunc
437 1437 535 1493 panem
550 1421 663 1478 Samnas
676 1420 704 1474 in
719 1418 830 1475 Domini
846 1417 937 1473 tradi-

985 625 1080 665 omnes
1094 608 1191 677 nostis,
1214 606 1286 681 quod
1301 607 1409 663 utinam
1423 604 1469 678 qui
1489 604 1589 674 nostis,
1614 618 1714 662 omnes
1728 620 1779 663 nou

985 698 1020 756 ad
1040 697 1176 770 judicium
1199 698 1343 754 noveritis.
1364 722 1374 747 ›
1401 696 1437 754 Et
1457 703 1519 770 post
1542 711 1656 769 pauca:
1686 695 1780 765 ·0uid

986 793 1070 866 ergoi
1089 792 1145 849 Nos
1160 791 1216 864 jem
1232 791 1286 849 hoc
1312 798 1435 863 tempore
1450 788 1509 845 sine
1524 787 1665 846 sacrificio
1677 785 1781 847 dimissi

986 885 1105 942 sumus?
1127 884 1228 941 Absit:
1245 886 1349 957 Corpus
1363 888 1451 939 onmia
1465 880 1603 954 perfecisti
1620 879 1699 936 miti.
1723 878 1782 940 tiso

987 975 1035 1033 illa
1046 975 1159 1032 noluisti
1171 975 1263 1033 uthoc
1277 973 1436 1049 perficeres:
1449 971 1498 1028 ilia
1507 969 1623 1027 voluisti
1640 977 1783 1046 antequam

988 1065 1041 1121 boc
1051 1065 1203 1138 perimeres.
1215 1063 1350 1122 Periectio
1363 1061 1562 1136 promissorum
1575 1059 1693 1117 abstulit
1706 1059 1786 1118 verbs

989 1155 1197 1230 prornittentia;
1213 1170 1276 1210 nam
1293 1154 1316 1210 si
1328 1153 1419 1210 adhuc
1429 1160 1494 1209 snut
1505 1149 1711 1224 promittentia,
1722 1166 1785 1208 nou·

990 1244 1056 1300 dum
1069 1243 1211 1315 impletum
1224 1242 1347 1317 estquod
1362 1240 1528 1314 promissum
1540 1249 1592 1296 est.
1606 1237 1668 1296 Hoc
1679 1239 1786 1311 promit·

990 1334 1099 1389 tebatur
1115 1332 1279 1406 quibusdam
1298 1331 1405 1403 signis:
1427 1330 1517 1388 ablata
1540 1339 1608 1387 sunt
1629 1329 1709 1402 signa
1725 1345 1789 1402 ptu-

992 1422 1141 1490 mittentia,
1155 1421 1221 1495 quia
1231 1420 1357 1478 exhibita
1371 1429 1412 1478 cst
1426 1420 1530 1477 ueritas
1540 1420 1689 1492 promissa.
1699 1418 1789 1478 labec

138 1523 239 1583 torem,
255 1522 287 1570 nt
304 1511 357 1567 sibi
376 1511 434 1583 jam
455 1511 589 1567 traditum
605 1510 703 1583 plenus
722 1508 883 1580 possideret,
908 1508 937 1563 in
976 1529 1106 1587 .ccrpore
1125 1530 1232 1579 santus,
1257 1511 1339 1584 hujus
1362 1510 1486 1584 corporis
1509 1509 1662 1583 participes
1684 1524 1789 1578 snmus;

141 1621 222 1678 quesn
235 1603 312 1675 prius
323 1603 474 1657 intrauerat
484 1609 514 1656 nt
527 1599 675 1673 deciperet.
684 1598 778 1670 Neque
787 1599 861 1654 enirn
875 1614 938 1654 cunt
994 1603 1067 1676 qaod
1078 1603 1229 1676 accipimus
1238 1602 1376 1671 novimus,
1388 1600 1469 1674 etqui
1480 1616 1534 1657 non
1546 1600 1638 1656 nostis
1650 1597 1790 1670 nocentis,

140 1693 191 1750 illo
206 1700 264 1748 erat
279 1691 389 1764 quando
411 1690 444 1746 ad
461 1689 569 1745 ludaeos
593 1687 724 1761 perrexit,
748 1697 775 1744 et
798 1687 832 1744 de
851 1688 939 1761 pretio
955 1702 978 1761 Β
997 1701 1024 1749 et
1044 1710 1106 1749 curn
1129 1692 1294 1760 didiceritis,
1313 1690 1419 1746 utinam
1435 1705 1489 1746 non
1505 1689 1539 1746 ad
1555 1687 1699 1762 judicium
1722 1687 1794 1747 acci·

142 1781 269 1839 tradendi
283 1780 393 1837 Domini
406 1788 503 1852 paetus
513 1787 572 1845 est;
589 1794 651 1835 cum
667 1777 839 1848 apertissime
856 1777 942 1835 Lucas

143 1871 315 1941 enanngelista
331 1877 458 1937 testetur,
478 1875 504 1924 et
518 1868 611 1926 dicat:
634 1868 750 1925 latravit
763 1873 850 1922 anum
866 1866 942 1921 Sato-

142 1977 193 2015 nas
207 1961 234 2014 in
249 1961 359 2024 dudem,
375 1959 421 2028 qai
435 1959 635 2026 cognominatur
653 1959 793 2025 iscarioth,
810 1972 894 2011 unum
912 1955 944 2010 de

145 2048 302 2112 duodecim;
330 2052 354 2101 cl
376 2046 452 2113 obiit,
473 2052 497 2100 ct
520 2048 621 2101 locutus
644 2053 682 2101 est
703 2063 762 2101 cram
779 2045 944 2117 principibus

146 2137 311 2193 sacerdotum
329 2136 404 2207 (Lac.
421 2152 492 2204 xxu,
511 2137 538 2204 3,
555 2135 595 2208 b).
621 2137 692 2194 Ecce
715 2136 762 2192 ubi
778 2135 943 2204 ostenditur,

147 2225 220 2300 qnod
233 2224 290 2298 jann
307 2224 457 2281 intraverat
480 2225 593 2282 Satanas
608 2227 637 2281 in
660 2226 770 2282 ludam.
788 2225 867 2281 Prius
881 2241 945 2297 ergo

148 2316 301 2372 introierat
316 2313 492 2370 immittendo
507 2315 537 2370 in
550 2332 599 2372 cor
612 2331 672 2388 epus
682 2314 875 2386 cogitationem
891 2330 946 2387 que

149 2406 269 2462 traderet
286 2406 426 2466 Christum
447 2426 453 2463 :
471 2408 535 2464 tulis
549 2408 622 2464 eninr
635 2408 692 2480 jam
710 2417 821 2465 verterat
834 2407 868 2464 ad
887 2425 947 2464 cm-

151 2497 285 2554 nandnm.
310 2498 390 2555 Nunc
404 2506 495 2554 antem
512 2475 682 2571 postpanem
699 2497 814 2554 intrarit
829 2500 858 2555 in
872 2515 945 2566 eum,

151 2605 206 2642 non
222 2587 313 2646 adhuc
337 2598 368 2645 ut
388 2591 509 2648 alienum
532 2599 660 2660 tentaret,
686 2592 731 2649 sed
751 2601 781 2648 ut
806 2592 947 2665 proprium

151 2678 312 2750 possideret.
324 2679 384 2735 Non
395 2689 497 2748 autem,
510 2689 541 2736 nt
549 2690 647 2754 putant
657 2681 769 2756 qnidam
781 2681 950 2754 negligenter

153 2765 283 2836 legentes,
299 2775 365 2823 tunc
381 2767 464 2824 ludas
479 2768 583 2826 Christi
597 2787 698 2842 corpus
710 2771 831 2842 accepit:
848 2769 949 2825 intelli·

155 2855 273 2925 gendum
289 2864 329 2912 est
342 2857 416 2913 enim
428 2858 501 2930 qnod
510 2858 567 2929 jam
580 2862 711 2917 caninibus
721 2863 760 2917 cis
774 2861 952 2918 distribuerat

154 2944 291 3002 Dominus
315 2955 516 3004 sacramentnm
544 2950 667 3023 corporis
686 2958 713 3005 et
737 2950 879 3022 sanguinis
898 2949 951 3017 sui,

998 1783 1090 1856 piatis.
1107 1784 1159 1852 Qui
1173 1784 1241 1839 enim
1260 1782 1403 1838 manducat
1423 1786 1447 1836 et
1461 1781 1525 1838 bibit
1538 1779 1658 1853 indigae,
1668 1779 1797 1851 iudicitur

999 1873 1048 1927 sibi
1062 1871 1205 1927 manducat
1218 1878 1244 1926 ct
1255 1871 1319 1926 bibit
1333 1871 1361 1941 (l
1373 1872 1448 1940 dor,
1460 1886 1501 1938 ιιι,
1511 1869 1572 1941 29).
1585 1868 1749 1927 Perfectum
1759 1876 1796 1926 est

998 1960 1079 2016 nobis
1102 1977 1211 2032 carpus,
1235 1959 1413 2034 perficiamur
1436 1960 1640 2034 incorpore.»
1666 1958 1704 2015 Et
1724 1959 1796 2032 longe

999 2057 1078 2122 post:
1101 2049 1213 2106 ‹Judaei
1229 2048 1256 2105 in
1274 2049 1372 2104 umbra
1389 2056 1589 2116 remanserunt,
1607 2046 1694 2103 solem
1712 2047 1798 2120 gloria

1001 2138 1071 2195 ierne
1085 2153 1139 2193 non
1152 2144 1266 2210 possunt
1278 2157 1284 2206 ;
1295 2137 1352 2210 jam
1367 2154 1417 2195 nos
1432 2138 1459 2193 in
1475 2137 1537 2194 luce
1552 2152 1662 2205 snmus,
1680 2143 1799 2195 tenemus

1001 2245 1100 2298 corpus
1112 2227 1226 2298 Christi,
1243 2235 1368 2285 tenemus
1383 2229 1545 2303 sanguinein
1560 2226 1682 2287 Christi.
1704 2252 1714 2277 s

1037 2338 1122 2396 Porro
1136 2338 1164 2396 S.
1181 2339 1328 2413 Gregorius
1343 2340 1372 2397 in
1388 2341 1502 2401 homilis
1515 2340 1574 2397 suis
1588 2356 1737 2414 exponens
1747 2358 1799 2399 sen·

1003 2430 1103 2487 tantiae
1115 2429 1205 2487 Exodi
1216 2431 1250 2487 de
1260 2432 1394 2502 sangnine
1406 2430 1489 2502 Agni,
1505 2439 1585 2506 peste
1600 2448 1634 2488 sc
1647 2431 1798 2507 superlini-

1003 2518 1116 2574 narihus
1139 2519 1180 2576 sic
1203 2519 1272 2577 dicit
1296 2520 1407 2590 (Horruit.
1424 2519 1459 2576 22
1483 2520 1512 2575 in
1536 2521 1659 2592 Beana,
1685 2520 1736 2577 lib.
1750 2523 1798 2592 ul:

1012 2633 1020 2653 ι
1035 2605 1105 2674 Quid
1122 2621 1240 2680 unmqne
1255 2607 1291 2663 sit
1306 2607 1417 2682 sanguis
1429 2606 1499 2679 rigni
1511 2623 1566 2663 non
1581 2605 1641 2680 jam
1658 2606 1798 2665 audiendos

1005 2695 1052 2752 scd
1070 2694 1193 2752 bibendo
1204 2696 1352 2754 didicistis.
1375 2697 1428 2765 Qui
1443 2697 1800 2772 sangnissuperutrumqns

1006 2792 1111 2857 pestem
1123 2770 1245 2858 ponitur,
1263 2787 1373 2862 quando
1387 2787 1541 2843 nonsolum
1553 2801 1603 2843 ore
1616 2786 1752 2861 corporis,
1761 2786 1800 2845 sed

1007 2874 1090 2931 etiam
1108 2893 1155 2932 ore
1169 2875 1261 2933 cordis
1275 2873 1424 2941 hauritur,·
1438 2873 1467 2930 in
1478 2881 1599 2949 utroque
1614 2877 1721 2933 etenim
1736 2880 1801 2950 peste

1009 2965 1072 3037 agni
1092 2965 1202 3038 sanguis
1215 2974 1256 3021 cst
1273 2963 1388 3037 positus,
1405 2964 1516 3037 quaudo
1531 2974 1740 3024 sacramentum
1754 2980 1801 3038 pus

155 3032 203 3088 ΠΜ
225 3042 252 3090 0⁸
271 3033 329 3107 ipse
355 3034 439 3092 Judas
462 3046 530 3106 “ab
559 3047 590 3095 ¹¹²
614 3049 725 3096 Bantius
750 3039 838 3095 1¹⁰0&ss
861 3045 954 3094 ¹¹³fo
973 3053 1096 3122 csiouis
1112 3054 1189 3112 illius
1203 3071 1266 3112 cum
1281 3070 1329 3112 ore
1344 3054 1377 3110 ad
1393 3053 1615 3128 redemptionem
1631 3051 1802 3125 sumilur,ad

158 3123 252 3194 (liic,
278 3124 321 3193 19,
336 3124 394 3195 et).
420 3127 461 3182 Ac
476 3126 576 3185 deinde
595 3128 628 3184 ad
645 3127 697 3186 hoc
719 3137 832 3184 neritum
849 3136 889 3184 est
907 3127 955 3182 ubi

158 3212 309 3272 secundum
324 3217 509 3273 narrationem
521 3219 635 3276 ioannis
648 3220 820 3293 apertissime
830 3235 879 3293 per
892 3219 956 3277 buc·

159 3303 257 3360 cellam
285 3304 402 3362 tinctam
426 3313 507 3379 atque
533 3315 697 3381 porrectam,
722 3325 802 3365 snum
826 3307 959 3382 exprimit

159 3392 332 3451 traditorem.
350 3421 358 3444 .

197 3486 347 3543 llomiliam
363 3503 472 3560 quoque
486 3487 520 3544 de
531 3497 703 3546 sacramento
717 3489 841 3562 corperis
852 3498 881 3546 et
892 3505 960 3546 san-

163 3575 255 3648 guinis
269 3576 382 3632 Domini
398 3577 496 3632 diebns
510 3578 721 3636 resurrectionis
733 3595 843 3651 pernam
859 3577 962 3651 peregit

165 3663 208 3720 his
222 3663 331 3719 verbis:
351 3687 361 3711 ι
380 3664 438 3719 Hoc
452 3665 525 3736 qnod
540 3665 641 3722 ridetis
656 3667 685 3721 in
700 3667 786 3723 altare
802 3667 862 3734 Dei,
877 3667 962 3723 etiam

166 3760 305 3809 transacta
320 3758 401 3808 noete
416 3752 542 3821 vidistis;
563 3755 610 3811 sed
625 3754 692 3827 quid
707 3764 788 3822 esset,
804 3772 885 3829 quam
901 3773 964 3812 me-

167 3859 226 3916 gum
243 3843 282 3899 rei
298 3850 500 3899 sacramentum
517 3843 671 3900 contineret
690 3843 813 3900 nondum
828 3845 962 3902 audistis:

167 3932 202 3988 ad
217 3931 270 3989 boc
285 3931 396 3999 videtis,
413 3930 492 4002 panis
507 3939 549 3987 est
562 3939 591 3987 et
601 3932 685 4000 calix,
702 3933 775 4006 qnod
790 3934 869 3991 nobis
882 3935 965 3991 etiem

169 4019 244 4078 oculi
257 4018 342 4075 vestri
354 4019 533 4089 renuntiant;
549 4021 623 4094 qnod
635 4028 725 4077 autern
738 4021 806 4081 fides
816 4034 906 4080 vestra
920 4041 965 4097 po·

170 4108 255 4165 stulat
268 4108 441 4177 instruenda,
455 4109 533 4180 panis
543 4117 584 4166 est
594 4127 695 4184 corpus
710 4111 826 4180 Christi,
839 4113 912 4171 calix
926 4121 967 4171 est

1011 3142 1192 3198 imitationem
1209 3159 1317 3216 quoque
1333 3143 1439 3199 intenta
1454 3153 1546 3200 mente
1566 3145 1721 3218 cogitatur.
1745 3143 1802 3201 liam

1012 3233 1059 3304 qui
1072 3231 1112 3288 sic
1125 3228 1316 3304 Redemptcris
1325 3232 1366 3287 sui
1378 3232 1539 3304 sangninem
1553 3234 1661 3307 accipit
1671 3242 1703 3290 ut
1713 3230 1803 3290 imitari

1013 3321 1165 3395 passionem
1183 3321 1259 3377 illins
1272 3320 1390 3378 necdum
1404 3323 1482 3390 velit,
1494 3323 1524 3379 in
1540 3338 1600 3380 uno
1615 3332 1696 3397 poste
1708 3321 1803 3396 sangui-

1014 3428 1076 3468 nem
1102 3411 1189 3485 ponit.
1215 3435 1224 3458 ·
1254 3410 1366 3468 Necnon
1391 3411 1497 3485 Dialog.
1524 3411 1588 3481 lib.,
1612 3411 1648 3469 de
1669 3412 1806 3471 virtutssc

1016 3504 1149 3577 mysterio
1163 3503 1285 3563 victima
1300 3502 1427 3559 salutaris
1442 3501 1512 3559 dicit
1529 3502 1588 3573 (lib.
1606 3519 1647 3572 nr,
1669 3518 1731 3576 cap.
1743 3500 1804 3573 sat:

1024 3595 1127 3650 «luter
1154 3592 1213 3649 baec
1238 3599 1330 3648 autem
1358 3590 1529 3665 pensandum
1558 3599 1601 3648 est
1630 3591 1708 3667 quod
1732 3592 1808 3649 tutior

1018 3683 1062 3738 via
1077 3683 1123 3751 sit,
1139 3689 1170 3738 ut
1184 3681 1287 3738 benum
1304 3680 1378 3755 quod
1397 3681 1512 3754 quisque
1527 3689 1590 3753 post
1606 3689 1728 3740 mortem
1741 3697 1807 3738 snam

1018 3778 1110 3843 sperat
1128 3770 1170 3844 agi
1185 3787 1234 3843 per
1252 3770 1333 3841 alios,
1354 3777 1416 3845 agat
1434 3769 1500 3826 dnm
1521 3769 1596 3828 vivit
1615 3769 1678 3844 ipse
1698 3787 1744 3845 per
1760 3785 1807 3826 se:

1019 3859 1124 3917 beatius
1135 3860 1236 3934 qnippe
1251 3867 1292 3916 est
1302 3861 1420 3917 liberum
1435 3859 1521 3926 exire,
1534 3875 1617 3933 quam
1635 3869 1701 3934 post
1712 3857 1811 3917 vinata

1019 3951 1174 4009 libertatem
1189 3967 1320 4026 quaerere.
1335 3949 1472 4008 Debemus
1487 3949 1580 4023 itaque
1596 3966 1720 4024 praesens
1731 3964 1811 4009 secu-

1020 4042 1090 4112 lum,
1099 4042 1142 4098 rel
1154 4040 1282 4115 quiajam
1293 4041 1479 4112 conspicimus
1489 4039 1654 4109 deduxisse,
1664 4048 1724 4099 tota
1733 4046 1812 4098 menn

1021 4142 1206 4203 contemnere,
1221 4132 1385 4206 quotidiana
1399 4135 1456 4190 Deo
1471 4134 1661 4207 lacrymarum
1677 4131 1813 4199 sacrificia,

170 4195 313 4270 sanguinis
324 4196 437 4255 Christi.
450 4223 458 4245 ·
477 4199 508 4254 ln
521 4200 727 4267 Qnaestionibus
741 4202 823 4258 etiam
834 4203 891 4260 suis
901 4219 968 4276 quas
1022 4220 1197 4295 quotidianas
1206 4221 1297 4278 camp,
1310 4219 1370 4293 ejus
1379 4220 1484 4278 hostias
1502 4221 1661 4279 immolare,
1675 4222 1740 4280 ΗΜ
1748 4234 1814 4279 mm.

171 4287 205 4344 de
222 4286 315 4344 Velefi
341 4296 368 4343 θῑ
382 4289 470 4387 .Νοιῦ
495 4288 668 4347 T0⁵i³ffl⁰¹¹¹⁰
678 4293 851 4364 composuit,
872 4293 919 4349 ubi
934 4292 968 4349 de
1023 4327 1075 4383 que
1090 4310 1267 4383 singulariter
1281 4309 1394 4368 victima
1406 4309 1440 4366 ab
1454 4320 1556 4367 aterno
1571 4310 1693 4368 interitu
1704 4310 1815 4368 animaru

172 4377 277 4433 Pascha
302 4384 388 4434 veteri
412 4394 568 4436 sermonem
589 4380 655 4452 egit,
681 4380 720 4436 ita
741 4381 774 4438 de
798 4389 969 4439 sacramento
985 4429 1010 4487 D
1025 4417 1085 4474 qum
1100 4402 1212 4458 mamm
1227 4401 1309 4458 „obis
1328 4409 1444 4457 moriem
1459 4399 1636 4473 congenitam
1651 4416 1702 4474 pes
1717 4404 1818 4473 mym-

171 4476 295 4549 corporis
309 4484 336 4532 et
352 4477 494 4549 sanguinis
512 4478 626 4535 Domini
640 4479 701 4536 sit:
725 4504 735 4528 ι
754 4480 880 4552 Purgatis
894 4480 968 4536 enim
1025 4492 1097 4547 rium
1120 4498 1245 4563 reparat;
1274 4489 1322 4565 qui
1345 4489 1409 4547 licet
1433 4505 1577 4561 resurgens
1596 4504 1611 4544 a
1627 4488 1750 4547 mortuis
1767 4485 1818 4561 jn

174 4566 241 4621 solis
260 4574 288 4622 et
302 4567 411 4623 lavacro
424 4568 603 4641 indulgentia
617 4571 735 4626 ooelestis
754 4571 872 4643 expiatis
887 4571 970 4644 perci·
1026 4595 1082 4636 aaa
1108 4579 1236 4649 maricae,
1260 4587 1287 4635 et
1310 4579 1430 4636 marsei
1456 4578 1527 4635 ultra
1550 4594 1608 4634 non
1635 4577 1821 4636 dominabitur

174 4654 267 4726 piendi
283 4654 387 4712 Christi
406 4657 529 4728 corporis
543 4674 619 4714 sacra
632 4655 709 4734 [tibi]
724 4658 840 4715 incultas
855 4659 970 4733 porrigi·
1028 4669 1114 4740 (nam,
1132 4686 1170 4738 ra,
1188 4670 1232 4739 9);
1251 4677 1344 4725 tamea
1364 4669 1393 4723 in
1410 4667 1499 4741 seipso
1522 4667 1725 4726 immortaliter
1745 4674 1820 4742 atque

174 4753 241 4811 tur;
269 4743 308 4799 ita
331 4760 391 4817 quae
414 4745 530 4818 figurata
553 4748 684 4805 israelitis
706 4749 825 4818 rueram,
847 4750 973 4808 iunonis
1026 4757 1277 4830 incorruptibiliter
1299 4757 1413 4824 scissas,
1432 4772 1481 4829 pro
1500 4755 1582 4813 nobis
1601 4757 1707 4815 iterum
1726 4756 1757 4814 ia
1774 4755 1822 4813 boc

176 4834 352 4893 corroborata
367 4847 442 4906 sunt,
457 4847 485 4895 ct
498 4855 559 4913 qua
576 4840 606 4897 in
620 4841 677 4898 illis
690 4842 833 4913 imagines,
850 4842 877 4897 in
892 4842 972 4899 nobis
1027 4848 1160 4921 mysterio
1176 4862 1258 4902 sacrae
1274 4845 1424 4903 oblationis
1443 4845 1615 4903 immolatur.
1642 4846 1714 4920 Ejus
1727 4844 1823 4921 quippe

176 4935 242 5008 ipse
261 4942 327 4989 sunt
341 4934 473 4991 veritates
489 4953 494 4992 :
514 4935 695 4992 imitabantur
709 4937 750 4994 illi
767 4937 854 4995 iacere
869 4938 973 4996 Pascha
1027 4938 1066 4996 ibi
1081 4953 1180 5009 corpus
1195 4933 1394 5008 sumitur,ejns
1408 4951 1471 4993 caro
1485 4935 1513 4992 in
1525 4934 1621 5010 populi
1638 4935 1759 4993 sulutem
1769 4946 1823 5009 pur

177 5023 243 5079 dum
259 5024 288 5080 in
299 5022 531 5081 similitudinibus
541 5035 744 5096 exercerentur,
753 5028 820 5084 solis
829 5028 974 5102 discipulis

178 5113 282 5172 Christi
297 5131 393 5171 verum
406 5114 509 5172 Pascha
523 5115 648 5173 facturis.
660 5141 670 5166 »
683 5116 735 5174 Sed
749 5126 776 5174 et
791 5120 912 5191 psalmus
926 5121 972 5175 tri·

179 5207 298 5278 gesimus
314 5222 406 5264 nonus
421 5206 450 5262 in
465 5222 499 5264 ec
512 5207 650 5265 versiculo
664 5226 728 5265 cum
742 5208 864 5268 dicitur:
886 5211 973 5269 Sacri-

179 5296 267 5363 ficium
282 5303 306 5351 et
323 5296 481 5353 oblationem
503 5297 624 5366 nolenti,
644 5298 748 5371 optime
762 5307 789 5356 et
805 5300 895 5357 lucide
909 5315 974 5373 qua·

181 5383 243 5439 liter
258 5401 357 5457 corpus
378 5385 556 5445 Dominicum
578 5387 614 5443 sil
628 5389 819 5460 accipiendum
843 5389 973 5456 declarat,

181 5469 220 5523 ita
232 5471 360 5542 inquiens
376 5476 492 5545 (Caere.
509 5477 538 5532 ia
554 5477 667 5550 psalm.)
686 5494 691 5533 :
716 5478 809 5536 ‹Cnm
825 5477 918 5534 datum
935 5484 975 5532 est

182 5557 256 5628 qnod
273 5563 439 5631 promissum
454 5573 505 5634 est,
520 5566 611 5623 ablata
623 5575 687 5623 sunt
702 5567 785 5623 rerba
801 5567 975 5639 promissiva,

1027 5030 1107 5098 titur,
1123 5028 1182 5103 ejus
1193 5026 1306 5103 sangnis
1318 5042 1374 5083 non
1383 5026 1438 5099 jam
1450 5025 1479 5081 in
1490 5041 1590 5084 manus
1599 5020 1822 5098 infidelium&

1029 5118 1058 5174 iu
1070 5134 1119 5174 ora
1130 5116 1256 5174 fidelium
1270 5115 1406 5173 funditur.
1423 5115 1495 5171 Hinc
1508 5129 1574 5188 ergo
1585 5130 1738 5188 pensemus
1750 5110 1824 5190 (ιώ

1028 5209 1065 5264 sit
1079 5224 1129 5280 pro
1144 5206 1224 5264 nobis
1238 5206 1292 5263 hoc
1305 5203 1484 5274 sacrificinm,
1499 5202 1574 5278 quod
1588 5218 1641 5279 pro
1654 5202 1825 5264 amolmic-

1029 5297 1117 5354 nestri
1146 5295 1302 5369 passionem
1316 5293 1453 5368 unigeniti
1468 5291 1535 5351 Filii
1552 5308 1667 5368 semper
1691 5294 1824 5359 insiluit.

1029 5387 1097 5455 Quis
1110 5385 1184 5443 enim
1203 5385 1327 5443 fidelium
1348 5382 1450 5443 hebere
1463 5379 1583 5441 dubium
1601 5380 1703 5458 Νι,
1722 5382 1757 5443 iu
1772 5380 1826 5457 ip

1030 5477 1232 5536 immolationis
1240 5470 1511 5545 concinnabatis
1519 5464 1825 5553 umwiuffl,

1030 5565 1060 5622 in
1085 5566 1134 5623 illo
1159 5565 1223 5622 Jesn
1251 5562 1354 5624 Christi
1380 5560 1518 5638 armaio
1540 5560 1709 5641 nmium
1730 5560 1828 5623 uim
