3834 6136
205 225 255 283 ⁷0³
870 218 1027 278 USUARDI
1046 216 1208 278 nonnulii
1805 205 1863 276 ‘tot

201 352 311 421 tempus
324 345 354 403 in
368 345 462 404 studio
475 345 617 419 religionis
631 346 733 417 exegit.
748 345 817 403 Duae
834 344 916 400 etiam
933 345 1005 417 ipso·
1022 344 1118 404 Allar
1153 351 1217 402 rete
1232 344 1343 428 regine.
1359 366 1368 392 υ
1389 344 1430 402 De
1444 343 1625 402 translatione
1639 343 1823 402 Eualdomm
1837 357 1865 406 et

201 434 264 474 runi
280 417 478 500 filiae,quarum
488 432 543 473 niis
556 417 710 484 consortia,
724 416 810 472 altera
820 415 911 472 Tullia
924 431 1004 472 voca·
1058 361 1166 474 besebah
1182 425 1271 473 sancti
1287 414 1409 489 Georgii,
1421 414 1508 497 ferme
1521 422 1553 497 nt
1567 431 1659 488 snpra.

202 488 295 555 batur,
309 488 478 560 virginitatis
492 489 578 570 qratia
596 497 624 543 et
637 489 778 560 signorum
793 486 880 558 pluria
893 487 1006 543 claine-
1093 487 1204 544 Morsu.
1220 486 1253 543 de
1268 485 1417 554 Eucherio,
1434 485 1496 541 aliis
1512 485 1622 554 litteris,
1634 494 1707 559 post,
1717 489 1864 559 prosumni

201 567 277 616 rnnt.
300 561 403 628 noma,
422 567 510 616 sancti
528 559 639 615 hlartini
660 559 748 630 pueri.
771 557 824 625 Qui
846 573 910 614 cnm
933 565 1005 614 esset
1057 560 1159 628 urhun,
1176 558 1266 615 textui
1281 558 1401 613 inserit:
1426 556 1661 614 «Cumnniversa
1674 559 1805 627 ecclesis,
1818 561 1863 619 de·

200 631 331 688 Romane
345 631 422 687 urbis
437 630 585 703 primarius
603 629 737 685 senatoris
751 627 897 685 en'nsdam
917 628 1003 698 lilius,
1059 629 1155 685 luncto
1169 628 1299 701 pontifice
1316 627 1501 701 lugdunensi,
1515 626 1597 708 Juxta
1619 645 1724 686 morem
1740 632 1862 706 antiqni-

202 701 285 757 idolis
301 701 444 757 immolare
462 717 590 769 renuens,
605 702 749 774 minasque
792 699 893 755 arciani
910 700 1004 771 presi·
1061 707 1105 756 tus
1120 717 1136 754 a
1149 698 1373 767 seobservatum,
1384 698 1519 755 triduanis
1525 697 1642 770 iejuniis
1652 707 1680 755 et
1694 699 1863 761 obsecratio·

202 771 245 829 dis
260 771 472 845 parvipendens,
488 773 517 828 iu
532 770 1004 844 equuleumlevatus‚nugulisdila·
1058 769 1152 836 uibus,
1186 771 1215 827 ni
1241 770 1468 843 gubernationem
1489 767 1614 841 ejusdem
1635 772 1762 828 ecclesias
1776 774 1862 831 susci·

203 843 273 898 niari
287 842 410 914 jubetur.
423 842 527 899 Deinde
541 859 603 898 cnm
614 841 701 898 variis
713 849 913 899 tormentorum
925 856 1004 913 gene·
1057 857 1121 968 pere
1138 841 1172 899 de
1208 849 1259 910 ret,
1275 841 1328 898 sibi
1345 848 1468 913 posceret
1487 856 1503 895 a
1519 841 1639 897 Domino
1655 843 1811 901 revelari.»
1832 845 1862 903 ln

203 913 280 969 ribiis
296 912 358 970 ledi
375 914 489 970 minime
500 913 643 995 potuisset,
654 912 753 984 capitis
766 912 920 968 abscisione
934 928 1003 966 mar·
1079 929 1135 969 ne:
1158 937 1168 962 ι
1190 914 1221 969 In
1246 912 1377 984 Aphrica,
1393 919 1552 968 sanctorum
1576 921 1648 969 mart
1669 929 1732 969 mm
1756 915 1860 983 Rnliui,

202 985 309 1054 tyrium
326 993 538 1041 consummavit.
552 985 631 1041 Hunc
646 983 787 1040 Usuardus
802 982 1001 1039 habetuiiKal.
1057 983 1140 1041 hlarci
1156 992 1184 1040 ct
1197 984 1313 1041 Valerii.
1326 982 1430 1039 Eodem
1443 982 1592 1064 die,sancti
1606 984 1637 1040 Fi
1659 985 1729 1041 entii
1740 986 1861 1071 episcopi

202 1055 325 1110 Junnarii
340 1055 392 1112 sub
407 1056 520 1111 nomine
541 1054 651 1111 blarini.
667 1056 697 1110 ln
722 1054 888 1111 monasterio
911 1054 1003 1110 Ponti·
1058 1062 1085 1110 ct
1096 1054 1273 1120 confessoris,
1290 1055 1364 1110 tertii
1380 1054 1501 1128 episcopi
1518 1053 1652 1110 Paduani.
1672 1056 1704 1112 ln
1719 1057 1863 1115 territorio

202 1126 309 1197 gniacn.
321 1125 459 1197 depositio
473 1127 559 1182 sancti
575 1124 717 1181 Edmnndi
727 1124 923 1197 archiepiscopi
935 1124 1003 1182 Can·
1057 1126 1290 1193 Antisiodorensi,
1306 1125 1473 1182 monasterio
1490 1124 1708 1194 Pontiniacensi,
1722 1126 1863 1200 depositio

203 1197 350 1252 tnariensis
376 1203 403 1251 et
425 1196 599 1253 confessoris.
615 1195 666 1263 Qui
688 1212 704 1252 a
729 1204 816 1252 matre
842 1196 954 1251 blabilia
968 1195 1003 1251 ab
1058 1197 1145 1252 suncti
1161 1196 1314 1252 litbmundi
1330 1195 1562 1253 cantuariensisc
1583 1196 1669 1269 iscopi
1685 1198 1865 1257 etcoulesso·

204 1267 270 1338 ipsis
297 1267 422 1338 pueritie
448 1267 608 1339 primordiis
630 1266 837 1338 religiosissime
859 1266 1002 1334 educatus,
1058 1266 1105 1334 ris,
1116 1274 1143 1322 et
1158 1267 1294 1338 depositio
1308 1266 1380 1323 beati
1395 1265 1521 1323 Otbmari
1533 1213 1650 1324 abbatis.
1666 1294 1676 1315 ·
1700 1268 1800 1327 Tunit
1839 1270 1862 1328 is

203 1337 293 1394 caruis
308 1338 482 1411 castigationi
505 1346 532 1394 et
550 1336 668 1394 assiduis
683 1338 810 1411 precibus
824 1337 958 1405 intentus,
973 1337 1003 1393 in
1057 1337 1214 1395 minoribns
1226 1354 1262 1393 ex
1275 1337 1402 1394 Genusia.
1425 1363 1434 1386 ‹
1449 1338 1480 1392 lu
1496 1337 1660 1407 Hcrvnrdia,
1675 1338 1792 1397 dioecesi
1843 1374 1860 1386 -

202 1409 325 1465 maxima
339 1410 484 1466 sanctitate
498 1410 629 1467 accrevit.
642 1409 763 1466 l'undem
776 1408 865 1465 iactus
877 1409 1001 1476 antistes,
1057 1407 1248 1477 derbornensi,
1263 1408 1349 1465 sancti
1369 1406 1527 1480 Walegberi
1544 1409 1722 1478 confessoris,
1739 1411 1858 1471 ecclesiae

202 1479 301 1551 plenus
315 1479 445 1553 operibus
466 1479 547 1537 bouis
563 1480 680 1554 quievit.
696 1478 822 1537 Otbmari
847 1479 953 1537 abbatis
977 1485 1004 1534 et
1057 1479 1135 1534 illins
1149 1479 1305 1536 fundatoris
1318 1478 1411 1551 primi.
1427 1481 1459 1536 lii
1480 1479 1572 1536 Scotia
1585 1491 1687 1538 sancte
1703 1481 1856 1556 hlsrgareta

201 1549 377 1608 confessoris.
391 1550 444 1618 Qui
459 1552 629 1607 Alcmaeone
641 1551 763 1618 natione,
780 1551 883 1607 sanctis
896 1549 1003 1606 actibus
1057 1549 1168 1622 reginei,
1183 1549 1263 1623 eujus
1280 1551 1365 1606 vitam
1389 1550 1501 1622 scripsit
1517 1550 1654 1623 Turgolus
1667 1553 1825 1625 episcopus.
1843 1579 1850 1603 i

201 1620 305 1689 clarus,
319 1622 486 1678 monasterio
499 1623 586 1679 sancti
610 1622 683 1678 Galli
698 1621 836 1693 prelatus,
852 1621 885 1677 ab
909 1619 1003 1692 impiis
1057 1621 1089 1676 lii
1101 1621 1165 1678 aliis
1175 1621 1246 1678 idem
1257 1628 1298 1677 est
1311 1619 1345 1677 de
1355 1620 1493 1678 Eucherio
1502 1621 1532 1677 in
1542 1623 1713 1687 textn,idem
1727 1623 1763 1681 de
1775 1625 1853 1695 Alris,

201 1690 304 1775 injuste
319 1694 519 1749 condemnatus
533 1701 574 1748 est
587 1691 674 1748 exilio
687 1691 717 1746 iii
737 1691 827 1747 insula
849 1691 936 1748 Rheni
952 1690 1001 1772 lln·
1015 1698 1039 1759 Β
1055 1691 1183 1748 Fidentio
1197 1700 1225 1748 et
1239 1692 1398 1750 Edmnndo.
1412 1692 1482 1748 Tnin
1502 1711 1507 1749 :
1530 1717 1540 1741 ι
1552 1693 1635 1763 Apud
1649 1694 1802 1766 Viennam,
1814 1696 1854 1753 de·

200 1764 285 1820 minis
302 1783 308 1820 :
325 1763 373 1820 ubi
389 1770 450 1835 post
464 1764 576 1830 mnltas,
586 1776 653 1835 quas
668 1761 707 1818 ibi
719 1762 853 1818 sustinuit
867 1761 999 1828 miserias,
1056 1763 1159 1835 positio
1177 1764 1265 1820 sancti
1281 1763 1414 1820 beoniani
1427 1761 1545 1831 abbatis,
1561 1765 1608 1837 qni
1633 1764 1688 1822 fuir
1712 1783 1852 1838 germanus

200 1833 362 1890 inDomino
377 1833 496 1907 quievit.
511 1834 542 1888 ln
556 1832 718 1902 llervordia,
735 1833 837 1890 diocesi
853 1831 1001 1888 Pedeibor·
1055 1833 1157 1889 Anioni
1183 1835 1315 1916 episcopi.
1338 1836 1369 1891 ln
1398 1835 1486 1893 Vuest
1505 1834 1589 1902 balio,
1618 1835 1653 1893 de
1706 1837 1758 1896 itio
1786 1837 1852 1896 beati

200 1905 289 1972 nensi,
312 1904 399 1960 suncti
425 1903 557 1975 Waltgeri
581 1902 757 1971 confessoris,
779 1903 901 1959 ecclesia
925 1902 1002 1958 illins
1055 1904 1207 1977 Vnaldqeri
1231 1906 1408 1974 conlessoris,
1432 1851 1586 1963 iungamus
1605 1908 1730 1966 eccesia
1757 1917 1851 1967 nostre

200 1974 356 2030 fundatoris
384 1974 459 2029 rimi.
477 1997 486 2022 ι
509 1972 591 2045 Apud
602 1973 786 2030 castellanum
798 1973 945 2029 formatum
959 1974 1000 2029 in·
1055 1974 1176 2032 dominas
1191 1976 1219 2032 iii
1235 1976 1441 2034 llervordia.1n
1456 1977 1631 2046 Alemannis,
1645 1978 1788 2052 depositio
1799 1997 1851 2038 ssu·

200 2045 282 2099 venio
308 2045 344 2101 Vn
391 2044 458 2114 peri.
485 2067 494 2092 ι
511 2044 666 2112 Aureliani,
683 2044 805 2101 Marcelli
824 2044 999 2101 contessoris.
1054 2047 1093 2104 cti
1107 2046 1233 2103 Olbmari
1248 2047 1365 2104 abbatis.
1381 2049 1413 2104 ln
1426 2048 1528 2120 Capua,
1541 2049 1642 2105 natalis
1656 2052 1748 2108 sancti
1766 2053 1852 2124 Augu·

198 2113 303 2171 Eodem
314 2113 466 2181 die,sancti
479 2113 632 2171 Secundani
643 2114 817 2171 contessoris.
829 2116 860 2170 ln
871 2115 998 2184 Snestris,
1055 2117 1157 2174 stim.»
1180 2118 1267 2187 Alias,
1285 2120 1455 2191 Auqicrlieui,
1471 2119 1592 2191 ejusdem
1615 2118 1692 2178 band
1713 2121 1809 2190 dubie,
1821 2123 1850 2180 de

198 2184 355 2244 benedicto
369 2192 397 2242 et
410 2184 890 2256 Ceciliaeabbatissarum.1nScotia,
900 2195 1000 2244 sanctae
1055 2205 1109 2261 qno
1124 2205 1205 2261 snpra
1220 2189 1250 2245 in
1259 2190 1394 2247 Viriciu.
1404 2191 1558 2249 llinoribns
1573 2191 1664 2265 typis:
1680 2216 1691 2241 ι
1706 2194 1741 2251 In
1755 2192 1849 2264 sceui,

1054 2267 1156 2316 sancte
1170 2260 1329 2334 Margaretai
1343 2261 1455 2335 reginas.
1471 2287 1480 2310 ι

199 2382 252 2444 XV
264 2386 332 2443 Kal.
1747 2387 1798 2444 nn
1811 2389 1848 2446 ll.

233 2476 314 2548 Apud
326 2476 534 2547 Alexandriam,
549 2478 624 2535 beati
638 2478 758 2535 Dionisii
772 2477 904 2551 episcopi.
915 2477 967 2536 llic
981 2477 1010 2534 in
1030 2476 1128 2533 multis
1142 2493 1213 2549 sepe
1226 2475 1452 2558 confessionibus
1461 2477 1528 2534 satis
1538 2476 1640 2545 clarus,
1652 2484 1681 2535 et
1695 2477 1850 2550 propassio

198 2581 265 2621 num
280 2572 537 2642 tormentorumque
550 2567 710 2624 diversitate
724 2567 887 2640 magnificus
901 2564 1148 2638 existens,qnievit
1158 2565 1299 2622 Valeriani
1310 2564 1452 2621 etGalieni
1462 2565 1661 2638 imperatorum
1671 2565 1847 2639 temporibus.

198 2652 318 2711 Ciuitate
330 2655 468 2726 Corduba,
485 2657 575 2730 passio
593 2667 751 2716 sauctorum
765 2666 919 2732 martyrum
934 2656 1038 2715 Aciscli
1050 2664 1079 2713 et
1092 2655 1235 2724 Victoriae,
1250 2655 1299 2712 ubi
1308 2655 1343 2711 ob
1355 2654 1624 2712 commendationem
1636 2654 1768 2728 pretiosas
1783 2671 1847 2712 mor·

197 2741 233 2799 tis
251 2759 356 2814 eornm,
373 2745 468 2804 eodem
483 2746 528 2804 die
543 2763 612 2804 rose
632 2754 699 2803 ortas
713 2745 850 2803 divinitus
872 2745 1053 2820 colliguntur.
1068 2744 1239 2813 Aurelianis,
1254 2743 1341 2799 sancti
1366 2742 1468 2799 Auiani
1494 2743 1616 2818 episcopi
1635 2751 1664 2801 ot
1687 2741 1846 2800 comesam

195 2831 276 2904 cujus
290 2844 407 2892 mortem
423 2836 452 2893 iu
467 2844 617 2912 conspectu
631 2837 744 2894 Domini
759 2837 907 2909 pretiosam
923 2835 1056 2893 miracula
1069 2833 1166 2892 crebra
1179 2839 1326 2892 testantur.

945 2953 1063 3011 NOTAE.
1159 3010 1161 3015 .

230 3042 355 3100 Sumitur
375 3050 468 3101 textus
481 3060 516 3100 ex
539 3045 661 3112 Protea,
683 3044 821 3112 Hernico,
843 3044 995 3116 Autuerp.·
1049 3043 1139 3100 Beliui
1149 3042 1242 3114 prime
1254 3041 1376 3109 editione,
1394 3048 1422 3097 et
1435 3040 1536 3098 noun.
1555 3042 1672 3099 ltemex
1696 3041 1843 3117 Autuerp.-

192 3113 275 3184 Μαι,
288 3116 439 3187 Roswcud„
455 3116 622 3186 Autuerpet
633 3115 995 3184 Mue.-Lubec.‚bluueret.,
1049 3114 1139 3183 Mae,
1157 3112 1645 3184 ultraject.,1.epees.,iluerqeu.et
1664 3113 1765 3170 Doni.

800 3225 1002 3284 veniamus
1022 3223 1226 3283 LECTIONES.

227 3310 344 3370 Dionisis'
355 3313 487 3373 scribitur
500 3314 529 3370 iii
543 3322 632 3384 textu,
647 3323 679 3372 ut
697 3316 776 3373 solet.
793 3315 873 3373 Solus
890 3313 1027 3375 hinne-G
1044 3312 1162 3369 Greven.
1180 3328 1230 3383 pro
1245 3317 1495 3382 tormentorumque,
1506 3309 1652 3368 substituit
1671 3313 1842 3371 meritorum-

190 3390 243 3440 rat.
257 3387 360 3457 posuit,
375 3385 499 3458 Dyouisii
512 3387 625 3459 episcopi
638 3393 663 3443 ct
676 3387 815 3459 martyris.
834 3385 990 3460 Leqendnm
1045 3400 1094 3466 que
1118 3382 1230 3439 Praetnli
1244 3382 1273 3438 iu
1289 3388 1368 3464 textu
1377 3382 1528 3465 Aurelios
1541 3382 1650 3440 Praten.
1661 3391 1689 3440 et
1699 3385 1839 3458 Rosireyd.

189 3460 231 3509 est
253 3472 260 3510 :
280 3456 331 3512 Hie
352 3457 382 3511 iu
394 3456 488 3513 multis
501 3473 568 3528 seps
582 3457 789 3528 contemtoribus
807 3458 873 3514 setis
889 3459 990 3525 clorio,
1046 3453 1264 3519 imoexAdone;
1277 3454 1713 3535 variantcmteri,qnornmaliqni
1725 3457 1839 3524 Aseiseli,

190 3531 222 3582 ιιι
237 3541 300 3582 cum
315 3526 412 3583 Adone
435 3527 537 3584 babent
575 3527 726 3584 robatiores
745 3527 864 3584 codices.
881 3527 990 3582 Prateu.
1045 3525 1094 3580 alii
1116 3525 1220 3591 Aureli,
1237 3524 1336 3591 Atisdi,
1353 3524 1468 3592 Ascuris,
1489 3532 1542 3580 etc.
1558 3524 1659 3581 Deficit
1681 3526 1792 3584 Praten.
1814 3527 1840 3583 in

189 3595 285 3652 omisit
295 3596 492 3661 iu;hlnnerat.
504 3604 532 3652 et
567 3599 634 3654 elin.
654 3614 730 3668 sepe.
746 3597 860 3664 hialam,
877 3597 991 3652 lortame
1045 3594 1169 3666 epitheto
1180 3595 1303 3666 pretiose
1318 3601 1381 3650 aute
1399 3594 1502 3662 mortis,
1517 3594 1565 3651 sed
1580 3611 1630 3651 iios
1645 3596 1719 3654 illud
1734 3614 1770 3655 ex
1783 3598 1839 3654 eliis

189 3679 224 3720 ex
239 3665 370 3732 Greueu,
381 3666 552 3737 transposuit
565 3683 633 3738 supe
643 3674 703 3739 post
716 3665 947 3734 confessionibus,
959 3674 992 3722 ut
1044 3673 1127 3738 atque
1141 3682 1176 3721 ex
1192 3665 1251 3737 ipso
1266 3666 1362 3721 Adone
1377 3664 1557 3722 restituimus.
1566 3665 1642 3722 Inter
1655 3684 1837 3748 purosiiume·

189 3733 236 3801 sit,
252 3735 417 3804 superetis,
434 3735 463 3790 iu
487 3735 633 3807 hosweyd.
648 3752 714 3792 sero
737 3744 778 3793 est
800 3739 892 3793 clerus
913 3737 989 3792 sutis.
1044 3737 1103 3791 ravi
1123 3735 1348 3808 Autuerp.-itai,
1364 3736 1428 3792 licet
1449 3736 1480 3792 iii
1501 3744 1593 3792 menta
1615 3737 1730 3808 lacinia,
1743 3738 1777 3797 de
1789 3755 1839 3813 qna

188 3803 324 3876 Autuerp.
341 3811 368 3860 et
381 3805 585 3874 usn-nubae,
601 3823 665 3863 cuni
679 3805 778 3862 Boline
801 3815 829 3863 et
846 3805 990 3864 codicibus
1043 3822 1126 3878 supra
1141 3807 1256 3880 egimus,
1272 3823 1329 3865 non
1353 3808 1419 3864 satis
1448 3806 1596 3879 legibiliter
1623 3810 1721 3867 omnia
1744 3810 1837 3884 expri-

188 3872 287 3930 mediai
313 3883 394 3944 notu,
420 3874 532 3944 babent,
555 3875 806 3948 propassionem,
834 3885 861 3934 et
888 3877 988 3934 iterum
1043 3884 1165 3935 mantnr.

188 3944 278 4003 belin.
294 3946 503 4004 diversitatibus.
518 3946 622 4004 blolan.
637 3961 713 4015 vero,
725 3948 833 4022 opinor,
848 3947 939 4006 denno
954 3965 989 4005 ex

867 4050 1169 4110 ossseflvnmoues

223 4141 376 4201 Conlusnm
391 4143 497 4218 aliquid
515 4144 545 4201 iii
567 4145 764 4219 martyrologio
777 4147 902 4204 Romano
914 4155 987 4205 reete
1039 4143 1263 4201 lortissimolldei
1274 4142 1430 4199 confessore
1444 4141 1681 4210 delibavimus,nt
1695 4154 1765 4206 tnnc
1774 4147 1836 4206 tiis

185 4213 310 4271 insinuat
326 4213 507 4284 castellanus,
522 4217 646 4288 apposita
669 4219 766 4275 notula
790 4236 822 4276 iii
846 4217 983 4287 Octobris,
1038 4215 1086 4272 bat
1098 4214 1189 4287 operis
1205 4215 1286 4281 ratio,
1301 4212 1349 4269 sed
1365 4228 1396 4268 ea
1411 4213 1553 4285 operosius
1566 4214 1641 4287 apud
1662 4217 1834 4277 Ruinarlium

185 4301 241 4358 qno
255 4286 301 4343 die
315 4302 350 4344 ex
364 4288 531 4345 enumeratis
542 4288 627 4346 sociis
640 4289 771 4372 colligiti
805 4297 911 4347 nmmet
929 4305 984 4349 ma·
1039 4287 1113 4369 inter
1134 4284 1403 4369 Selecta.·explicata
1424 4291 1489 4340 sunt
1512 4300 1528 4339 a
1552 4301 1612 4412 paq.
1636 4287 1698 4358 idn,
1724 4298 1837 4364 atquin

185 4371 269 4429 qnuiu
283 4357 364 4414 illum
375 4358 590 4417 Alexandrinum
600 4361 757 4432 Dionysium
768 4361 777 4417 i
789 4361 983 4418 lucinvectum
1039 4358 1218 4414 'l'illemontio
1235 4355 1366 4412 historice
1376 4354 1493 4412 deducta
1506 4363 1582 4412 touin
1610 4356 1645 4425 V,
1660 4374 1677 4414 a
1696 4375 1760 4433 pag.
1774 4360 1833 4430 ιιι,

184 4443 252 4496 esse,
270 4428 345 4513 quod
359 4445 376 4485 s
390 4429 492 4488 Graecis
515 4431 555 4488 sic
579 4432 724 4489 recolatur.
743 4431 814 4488 Fieri
843 4433 934 4515 potuit
952 4440 983 4489 nt
1038 4445 1086 4503 per
1101 4427 1253 4486 octodecim
1266 4426 1409 4508 articulos
1424 4426 1534 4507 Baronii
1557 4426 1698 4486 ethorum
1713 4432 1834 4505 operain

183 4499 366 4557 eruditissimi
390 4502 582 4559 relorniatores
600 4504 734 4561 memoria
748 4503 816 4576 lapsi
832 4511 900 4571 sint,
916 4503 981 4560 dnm
997 4468 1022 4527 D
1037 4500 1115 4582 Actis
1128 4516 1179 4556 suc
1192 4507 1318 4582 tempore
1333 4504 1373 4580 nti
1391 4496 1494 4565 licebit,
1506 4497 1741 4580 quemadmodum
1756 4511 1785 4560 et
1802 4503 1835 4560 de

183 4567 231 4626 bic
244 4570 371 4628 eumdem
391 4572 548 4645 expressius
572 4573 704 4632 relemnt.
734 4575 834 4632 Neuter
854 4575 982 4647 proprius
1035 4586 1096 4643 eJns
1108 4572 1236 4629 doctrina
1252 4576 1467 4650 scriptisqueqexn
1489 4568 1659 4649 Hieronymo
1681 4571 1832 4648 descript.

182 4638 276 4696 obitus
288 4639 348 4698 dies
362 4651 412 4710 est,
428 4659 479 4699 nec
492 4643 644 4700 secundum
659 4653 796 4714 nostrum,
813 4661 863 4703 nec
886 4661 981 4702 secuu-
1035 4644 1133 4699 eccles.
1145 4658 1204 4714 cap.
1216 4637 1599 4714 69,aliisqneB1bliographis
1610 4638 1726 4701 uberius
1735 4645 1832 4718 poterit

182 4707 249 4766 dnm
272 4711 390 4767 aliornm
414 4712 640 4785 chronologicum
663 4716 811 4781 calculum,
827 4724 858 4772 nt
872 4716 937 4772 vide
951 4717 980 4772 in
1034 4713 1164 4787 disquiri.

182 4778 273 4835 Tract.
290 4780 324 4861 de
337 4781 489 4839 Patriarch.
506 4785 655 4854 Alexand,
669 4802 686 4841 a
706 4802 757 4859 pag
782 4786 817 4844 29
831 4793 886 4841 eta
901 4802 979 4844 num.
1070 4783 1200 4840 Aurelius
1222 4783 1390 4840 Prudentius
1412 4789 1609 4863 repleremini
1627 4785 1728 4860 hymn.
1750 4784 1779 4856 h,
1792 4784 1832 4842 sic

183 4850 244 4907 lii.
260 4849 301 4908 lbi
324 4851 410 4918 enim,
425 4867 460 4909 ex
479 4853 549 4910 inita
572 4855 679 4912 ratione
702 4864 804 4923 nostra,
830 4856 979 4929 liionysins
1033 4864 1130 4921 canit:

181 4920 282 4979 obiisse
295 4921 429 4980 dicendus
443 4931 483 4980 est
500 4941 529 4980 ix
548 4925 639 4982 hlartii
654 4927 716 4995 265,
730 4927 793 4983 aliis
805 4943 856 5008 pro
868 4943 897 4990 ιι.
916 4928 979 4985 aliis
1122 4933 1242 4984 corduba
1259 4933 1394 4984 Acisclum
1409 4931 1485 4983 dabit
1503 4939 1529 4981 et
1545 4931 1673 4992 zoellnm,

200 5009 231 5049 ro
244 4993 478 5122 lisvedsefllembtts
495 4995 558 5065 264,
574 4996 638 5053 aliis
650 5013 700 5070 pro
713 4997 768 5053 illio
784 4997 829 5054 die
842 4999 979 5054 cenanti·
1123 4994 1239 5059 Tresque
1256 5010 1375 5046 coronas.

199 5080 242 5121 us.

180 5134 261 5207 plane
278 5136 313 5193 ad
334 5152 392 5193 rein
420 5146 542 5195 nostram
570 5139 689 5208 inutilis,
704 5156 766 5196 cum
791 5140 976 5198 certissimum
1031 5147 1130 5212 tyram,
1144 5148 1283 5212 Jnnctnm,
1299 5139 1408 5221 opinor,
1424 5133 1829 5218 Zoilo,deqnocmespsrdo

179 5206 337 5289 existimem
352 5216 491 5266 auctorem
507 5210 623 5267 Romani
638 5211 714 5283 parvi
726 5227 776 5293 pro
790 5212 848 5268 solo
858 5219 886 5268 et
901 5227 977 5269 mero
1030 5211 1136 5283 egimus
1153 5227 1233 5269 iiiivii
1248 5211 1335 5279 lunii,
1350 5218 1378 5266 et
1390 5208 1531 5291 operosius
1540 5207 1633 5290 audie
1650 5221 1680 5263 in
1695 5209 1785 5289 Actis,
1795 5203 1829 5262 sd

178 5290 230 5332 suo
243 5277 336 5347 libitn,
352 5288 382 5336 nt
397 5279 426 5337 in
441 5280 504 5338 aliis
527 5281 610 5339 toties
627 5281 807 5350 advertimus,
823 5281 897 5340 bniic
920 5298 975 5355 pre
1029 5298 1090 5356 quie
1113 5284 1228 5338 lectores
1252 5282 1291 5339 ibi
1315 5281 1483 5336 remisimus.
1502 5278 1828 5361 credideruntmquiut

178 5348 284 5405 ceteris
293 5349 366 5408 diem
378 5351 505 5424 Dionysii
516 5351 604 5409 cnltni
616 5368 798 5422 consecrasse,
807 5353 851 5410 his
863 5353 973 5411 verbis:
1029 5353 1128 5421 nostri,
1143 5368 1192 5425 per
1206 5369 1237 5408 ea
1249 5352 1441 5422 verbatresque
1454 5349 1706 5421 corones,intelliqi
1719 5356 1827 5409 ιοιιιιιι

178 5416 363 5497 Aleqendrioe,
379 5422 449 5478 lliou
467 5423 503 5478 sii
517 5424 641 5496 episcopi,
653 5425 682 5480 iu
695 5424 975 5497 multissepeeouses-
1029 5424 1106 5480 illam
1131 5433 1280 5496 martyrem
1303 5421 1466 5479 hodiernam
1494 5420 1653 5487 Victorinum
1666 5426 1698 5475 ιι
1720 5418 1828 5477 hlium

177 5486 294 5541 securlus
328 5491 406 5559 cleri,
441 5440 577 5551 lectorium
603 5502 628 5551 et
665 5496 781 5553 Gallieni
805 5497 973 5578 temporibus.
1029 5495 1097 5551 mihi
1111 5493 1222 5566 quidem
1235 5493 1347 5550 uidetur
1361 5491 1499 5551 liniuartil
1517 5489 1677 5549 con'aunrs
1745 5486 1825 5556 etl,

177 5554 314 5682 Acceptus
328 5567 416 5617 estex
426 5573 557 5622 consueto
568 5566 646 5623 toute
656 5567 748 5625 liuilni
762 5567 974 5632 Eusebio,nnde
1027 5572 1083 5622 tres
1100 5565 1151 5621 irat
1157 5581 1197 5621 res
1207 5564 1398 5623 Cordubenses
1407 5507 1585 5637 martyrem}

364 5064 390 5122 ic
414 5065 568 5124 recudenda
590 5084 646 5125 uon
667 5077 708 5125 est
730 5085 762 5126 ea
778 5070 976 5138 controversia,
1032 5068 1073 5124 nn
1090 5068 1136 5126 hic
1148 5067 1403 5149 primumsecuudae
1418 5074 1517 5123 nostrai
1527 5063 1754 5121 annuntiationis
1762 5078 1830 5121 niar-

177 5630 206 5682 et
221 5628 244 5680 A
264 5643 281 5682 o
296 5628 405 5709 longius
418 5634 537 5707 elogium
549 5653 631 5693 snum
644 5637 761 5695 subinde
775 5638 974 5710 compilavimus
1027 5636 1101 5693 riniu
1114 5645 1142 5693 et
1156 5636 1308 5693 Martialem
1320 5633 1515 5718 substituentis
1525 5650 1534 5702 ;
1544 5570 1833 5715 slewffl³

178 5704 272 5779 uestro
286 5714 327 5754 sie
335 5709 518 5774 contractum,
528 5714 559 5762 nt
572 5714 666 5765 textus
679 5707 802 5766 exbibet.
814 5710 933 5767 Paucula
942 5709 972 5766 iu
1025 5708 1198 5765 excludatur.
1213 5706 1414 5776 Nihilominus,
1431 5711 1464 5763 ιιι
1473 5710 1539 5765 nte
1698 5768 1702 5775 ,
1710 5700 1829 5777 ηιμ

177 5774 262 5826 eruto
275 5768 639 5847 Tracutnpstriarcbalime
647 5779 833 5852 inclytissime
842 5780 973 5839 exsuliet
1025 5779 1120 5850 luerit,
1134 5772 1598 5857 dubitaiiuonpotestitluilthlb.
1632 5838 1636 5843 .
1775 5836 1786 5845 .
1825 5792 1831 5853 ’ς
