3834 6136
60 202 115 257 969

701 210 844 267 NOTITIA
865 212 1059 270 diatonica,

1662 229 1715 285 eto

59 350 173 414 libavit,
185 348 281 403 eodem
296 365 350 420 quo
369 353 475 424 reliqua
489 354 621 409 vanitatis
641 356 763 427 ingenio,
779 375 864 431 usqne
877 362 903 420 Α
918 361 966 416 illa
981 362 1110 433 capitula,
1126 380 1186 436 qun
1197 365 1320 437 synodus
1330 367 1364 422 de
1379 368 1516 426 Carisiaco
1526 388 1575 443 per
1590 377 1713 434 Wenilo·

922 447 982 485 nem
998 440 1027 512 et
1040 433 1227 491 Erchanraum
1242 438 1395 495 transmisit
1408 440 1441 495 ad
1457 441 1531 497 hunc
1546 444 1716 506 attiniacum

920 511 1058 573 praeterito
1069 521 1142 559 anno
1156 505 1298 565 Lndovico
1308 509 1387 565 fratri
1403 518 1513 578 vestro;
1530 521 1558 568 et
1574 530 1616 570 me
1628 523 1714 575 trans-

920 574 1056 655 mittente,
1069 576 1233 634 Hincmarus
1248 579 1322 635 lilius
1333 597 1409 637 meus
1418 581 1496 638 vobis
1505 583 1592 651 dedit,
1604 588 1715 658 qnando

919 645 1063 702 vobiscum
1077 646 1106 701 iii
1121 647 1280 719 Burgundia
1296 651 1357 706 fuit.
1372 678 1381 698 ·
1406 653 1515 710 Obitam
1530 672 1638 729 quoque
1654 674 1670 713 a
1684 674 1713 715 se

919 716 1082 788 legationem
1093 720 1175 781 (cano
1187 719 1251 790 858)
1265 721 1293 775 in
1309 720 1437 780 Gothiam
1453 725 1645 795 regisnomine
1674 737 1715 786 te·

918 794 1006 842 statur
1021 804 1120 912 neqios:
1137 790 1184 845 sed
1198 789 1256 861 ejus
1271 798 1380 864 tenipus
1394 803 1441 850 aut
1464 812 1573 853 causam
1598 814 1654 854 non
1669 799 1714 857 de·

58 420 95 477 ad
110 419 244 476 avunculi
256 425 529 493 contemptum,ineo
544 425 678 482 doctrinm
690 444 790 498 genere
805 431 860 484 lan·

58 491 218 618 dattissimi:
244 491 292 563 qui
314 508 376 547 cuin
394 502 421 550 et
435 495 519 551 armis
544 495 600 552 illis
623 498 769 571 confligere
784 517 866 558 ansus

57 580 88 620 es
104 608 111 631 ‚

125 683 221 735 Infelix
238 699 311 748 puer,
325 695 401 749 atque
415 690 497 752 impar
513 703 668 751 congressus
681 694 785 743 Achilli.

94 816 140 870 Ex
150 812 195 868 his
205 813 326 895 eminere
338 812 394 895 jani
411 816 549 887 incipiunt
562 835 651 874 mores
671 821 861 892 adolescentis,

58 892 233 957 arrogantes,
246 892 374 956 inquieti,
391 888 536 943 monitoris
562 889 745 960 impatientes,
760 902 863 949 contii-

58 973 153 1013 rnaces
168 965 196 1011 et
211 956 374 1022 refractarii,
391 974 459 1028 quos
477 960 545 1014 adeo
564 960 597 1014 ad
613 962 703 1032 episco
724 971 799 1019 atum
824 974 862 1021 at·

55 1029 140 1095 tulit,
167 1026 239 1082 nihil
265 1034 300 1106 ¹ut
325 1025 377 1097 ipsi
404 1030 489 1099 niagis
516 1034 670 1088 avunculus
701 981 863 1092 iihemensis

56 1098 201 1156 dentidem
226 1097 360 1168 objiciat:
397 1122 405 1144 ι
435 1100 544 1156 Dictum
570 1112 610 1158 est
639 1104 707 1160 milii
732 1108 861 1178 quoniam

58 1170 135 1241 apud
149 1169 285 1242 plurinios
313 1169 448 1238 gloriaris,
465 1172 530 1244 quia
545 1173 615 1228 inihi
632 1183 709 1246 potes
736 1179 861 1235 resistere

57 1251 87 1298 et
102 1258 147 1296 me
159 1240 437 1296 audescontemiiere.
454 1243 598 1300 Dementia
620 1262 728 1318 quoque
744 1256 800 1316 tua,
821 1251 862 1306 sic

56 1313 136 1369 enim
153 1317 296 1367 vocatura
330 1310 448 1379 lurimis,
467 1330 514 1384 per
528 1315 679 1372 multorum
690 1335 737 1373 ora
752 1320 859 1377 volitat.

58 1386 84 1440 Α
99 1383 197 1438 multis
208 1382 289 1462 etiam
304 1327 456 1463 donateris,
472 1385 545 1456 quod
573 1388 700 1458 superbia
728 1390 860 1457 efferaris,

58 1462 87 1510 et
112 1469 183 1509 rana
198 1453 285 1533 gloria
304 1460 450 1522 jactiteris,
475 1463 556 1527 atque
584 1459 739 1529 arrogantia
760 1479 860 1535 super-

58 1526 128 1581 eris.
144 1549 153 1571 »
174 1524 295 1596 Egnsqne
310 1525 348 1578 rei
365 1525 496 1581 stolidum
521 1528 644 1598 profecto
658 1537 684 1585 et
700 1531 860 1591 indecorum

57 1596 190 1668 episcopo
202 1594 329 1667 producit
344 1597 512 1668 exemplum.
535 1623 544 1644 ‹
559 1601 598 1655 De
608 1600 660 1656 hoc
675 1602 721 1673 qni
744 1620 775 1674 pe
789 1605 860 1661 vitio

58 1666 204 1723 descendit
218 1665 291 1738 quod
321 1667 401 1721 inulti
430 1676 457 1722 te
474 1669 545 1738 apud
563 1672 697 1741 plurimos
714 1619 811 1731 iiieum
826 1676 860 1732 de

56 1736 226 1794 fortitudine
241 1744 268 1792 et
279 1737 402 1807 agilitate
424 1739 548 1810 corporis
573 1742 614 1796 tui
638 1743 759 1823 gloriari,
775 1755 803 1802 et
825 1747 859 1803 de

58 1808 177 1882 praeliis,
193 1817 282 1881 atque,
299 1817 329 1863 ut
344 1811 506 1865 nostratium
525 1810 618 1883 lingua
626 1813 739 1882 dicitur,
750 1817 783 1872 de
793 1835 860 1874 vas-

58 1879 167 1946 saliois,
183 1879 380 1951 frequentares
395 1881 512 1936 libenter
526 1898 678 1940 sermonem
695 1885 793 1943 habere
811 1907 817 1945 :
833 1897 860 1944 et

99 1951 183 2008 aliter
206 1966 308 2020 ageres,
331 1951 353 2006 si
382 1952 466 2006 laicus
491 1952 598 2021 luisses,
624 1955 807 2014 irreverenter
820 1976 859 2016 re·

57 1968 153 2089 iciam
169 2021 264 2077 atalia
279 2022 438 2093 multaque
456 2023 505 2077 tibi
521 2040 575 2080 nori
585 2027 756 2083 conveniunt
769 2030 861 2088 dicere

57 2101 188 2165 elegere,
206 2109 256 2148 nec
272 2091 341 2154 mibi
352 2093 529 2149 enuntiare.»
554 2095 680 2152 liidicula
702 2102 809 2156 sanein
829 2119 861 2158 eo

58 2165 111 2246 qui
133 2165 215 2221 obeso
237 2173 333 2220 ventre
352 2172 379 2219 et
405 2164 524 2236 adipatis
556 2167 688 2223 membris
711 2169 795 2228 fnisse
820 2174 861 2230 di·

57 2246 147 2292 citur.

125 2335 251 2396 Congruit
269 2333 328 2382 inde
341 2333 395 2391 tibi,
413 2337 517 2393 sapiens
530 2337 597 2399 quod
614 2336 713 2388 dixerat
728 2339 810 2392 olim:

156 2396 213 2446 Non
229 2405 331 2445 tenuem
348 2409 452 2445 sensum
467 2407 556 2447 venter
569 2401 663 2450 obesus
681 2402 767 2451 habet.

123 2457 247 2510 Moribus.
265 2470 291 2507 et
306 2460 379 2507 l'actis
399 2469 513 2522 turgens,
531 2471 557 2510 ut
568 2476 673 2524 corpore
686 2480 692 2521 ;
707 2464 793 2524 corde,

80 2523 84 2528 '
155 2520 281 2581 Motibus,
294 2529 372 2585 atque
388 2525 463 2573 nimis
478 2523 572 2573 diceris
584 2538 629 2573 ore
647 2526 721 2575 levis.

98 2610 133 2664 Et
145 2609 174 2665 in
184 2610 306 2667 motibus
321 2612 772 2695 inconipositissuperbiaesignum
781 2624 862 2683 est,et

59 2697 143 2736 cineri
159 2682 188 2736 in
226 2698 292 2738 uero
307 2683 474 2757 pessiniumg:
502 2693 532 2740 ut
559 2701 588 2740 in
605 2686 736 2757 Apostata
753 2687 861 2743 iuliano

59 2699 244 2823 deprehendit
257 2755 453 2811 Nazianzenus.
469 2755 541 2811 lllud
562 2764 652 2811 autem
683 2757 862 2813 intolerandas

62 2825 226 2894 arrogantia
240 2832 291 2892 est,
309 2827 411 2881 nemini
441 2827 590 2907 quidquam
615 2826 712 2884 debere
739 2829 821 2896 velle,
835 2836 863 2884 et

59 2894 153 2949 aliena
163 2894 295 2952 beneficia
309 2898 365 2952 suis
384 2899 489 2954 meritis
500 2899 646 2970 imputare.
664 2899 769 2956 Omitto
788 2899 862 2971 qnod

59 2981 132 3036 pene
155 2981 261 3037 semper
282 2968 332 3039 ipsi
356 2968 494 3040 objectum
526 2976 576 3036 est,
607 2970 712 3024 nemini
753 2970 862 3026 subesse

58 3036 135 3090 velle
149 3053 155 3100 ;
167 3052 223 3091 non
240 3038 307 3107 regi,
318 3055 370 3094 non
384 3040 522 3096 avunculo
545 3047 572 3095 et
592 3040 813 3111 metropolitano.
829 3042 860 3097 ln

59 3105 209 3185 hoc-enim
229 3108 318 3187 qmnis
331 3111 522 3167 controversie
536 3110 618 3167 cardo
634 3119 766 3168 versatur.
783 3112 859 3168 Nihil

59 3176 183 3247 proinde
206 3194 304 3234 mirum
321 3182 343 3236 si
367 3199 508 3239 censorem
543 3198 653 3238 omnem
673 3199 689 3239 a
714 3199 742 3239 se
763 3183 859 3255 procul

60 3247 196 3302 excussit.
220 3272 228 3294 ι
242 3249 301 3317 nic,
312 3251 396 3309 frater
410 3270 443 3309 ac
458 3254 509 3321 lili,
523 3253 589 3327 quid
602 3253 679 3309 aliud
698 3271 714 3308 a
728 3247 760 3310 te'
769 3255 858 3326 exegi,

59 3326 208 3390 postquam
231 3321 373 3394 episcopus
401 3325 489 3381 iactus
513 3342 551 3391 es,
567 3332 593 3379 et
606 3325 721 3379 divitias
739 3333 861 3381 terrenas

58 3389 178 3459 adeptus
202 3406 240 3456 es,
259 3393 313 3447 nisi
338 3403 367 3448 ut
384 3396 470 3449 Deum
499 3394 611 3450 haberes
634 3396 809 3466 placabilem,
833 3403 860 3451 et

58 3460 253 3531 episcopaliter
272 3465 380 3530 vivens,
399 3473 426 3517 et
455 3465 637 3535 episcopalem
667 3464 860 3522 habitudinem

77 3545 167 3597 erens,
183 3539 209 3586 te
224 3533 385 3587 hominibus
402 3534 502 3588 faceres
513 3534 697 3589 venerabilem
713 3535 727 3590 i
754 3537 790 3591 Et
810 3536 861 3592 tibi

59 3548 113 3657 icc
128 3617 186 3657 esse
197 3620 280 3672 grave
295 3603 439 3658 ridebam:
464 3612 490 3659 et
508 3603 560 3660 hoc
577 3605 689 3676 quidem
713 3606 763 3663 tibi
778 3624 861 3680 grave

59 3670 193 3728 hactenns
217 3690 275 3727 esse
299 3675 399 3743 potuit,
424 3682 450 3730 et
473 3685 583 3745 propter
606 3684 714 3732 aetatem
731 3696 738 3745 ;
753 3688 781 3734 et
796 3679 861 3750 quia

59 3742 155 3798 saeculi
168 3743 253 3813 hujus
276 3743 493 3814 instabilitatem,
519 3754 545 3801 et
571 3762 652 3828 quam
682 3749 814 3805 mutabile
834 3757 861 3805 et

59 3813 160 3885 fragile
186 3815 233 3879 sit,
255 3824 366 3871 eatenus
396 3833 451 3872 nori
474 3820 639 3888 cognovisti.
668 3820 747 3877 Nunc
768 3829 860 3877 autem

63 3883 133 3940 hora
147 3884 256 3956 estjam
272 3902 321 3940 nos
338 3887 372 3941 de
390 3903 487 3942 somno
502 3904 626 3959 surgere:
653 3897 680 3944 et
694 3906 749 3946 non
774 3891 861 3946 debe-

62 3970 126 4010 mus
140 3971 247 4027 semper
262 3973 318 4011 esse
330 3957 457 4027 juvenes,
469 3959 540 4013 sicut
568 3961 616 4014 bos
639 3961 727 4015 maliis
755 3977 862 4033 semper

61 4033 103 4083 est
118 4026 234 4082 vitulus.
249 4052 257 4073 ·
275 4029 368 4100 ltaque
383 4044 445 4084 eum
457 4028 588 4099 juvenem
598 4031 766 4087 sacerdotem
782 4040 862 4088 vocat

60 4107 154 4153 metro
168 4097 276 4165 ludens,

124 4192 185 4243 Hoc
195 4195 240 4244 tibi
252 4195 283 4244 dc
303 4195 383 4255 titulo,
394 4195 498 4258 iuvenis
510 4196 650 4247 Hincniare
668 4198 795 4256 sacerdos,

157 4256 325 4317 Respondere
339 4260 401 4306 mlhi
417 4262 546 4312 convenit.
561 4270 616 4309 arte
636 4275 699 4321 pari.

125 4316 256 4369 Versibus
273 4321 389 4380 inversis,
401 4319 505 4380 juvenis
518 4322 658 4370 lliiicinare
674 4322 801 4384 sacerdos,

162 4379 274 4431 Reddita
284 4395 356 4431 enine
372 4383 431 4442 tuis,
447 4383 560 4431 lontibus
576 4384 666 4432 hausta
677 4387 765 4435 sacris.

96 4473 161 4530 Non
173 4472 265 4545 potius
277 4479 384 4528 aetatem
396 4488 477 4546 qnam
489 4489 577 4529 mores
591 4489 720 4546 perquam
730 4475 858 4529 immatu-

57 4562 107 4602 ros
122 4550 245 4616 spectare
259 4543 412 4599 censendus
426 4553 475 4600 est.
493 4544 583 4618 Atque
601 4544 628 4598 id
647 4552 749 4599 attente
773 4544 861 4600 consi·

58 4614 216 4673 derandum
231 4615 306 4669 illam
316 4616 447 4671 iiioiiendi
457 4616 737 4682 cnraiii,inavunculo
748 4615 862 4672 fortasse

58 4686 190 4753 nimiam,
201 4685 350 4765 aliquando
364 4694 391 4741 et
405 4687 636 4757 intempestivam,
653 4703 687 4742 ex
697 4685 786 4768 rigido
802 4687 862 4741 vir-

60 4757 133 4814 tutis
148 4764 175 4811 et
189 4755 342 4837 disciplinae
352 4758 420 4823 zelo,
437 4774 491 4830 quo
507 4774 612 4829 semper
622 4757 758 4829 flagravit,
775 4758 861 4830 profe·

58 4828 251 4893 ctani,intenti
266 4844 294 4881 in
308 4829 446 4883 contraria
456 4829 563 4899 nepotis
578 4829 760 4900 proterviaeet
770 4829 862 4885 rebel-

59 4898 134 4956 lioni
149 4896 372 4970 quoddammodo
391 4899 561 4955 occasionem
577 4900 693 4963 dedisse,
712 4917 793 4972 quani
805 4900 862 4972 ipse

58 4967 182 5026 nonnisi
193 4969 354 5039 gravissima
364 4971 500 5041 suacnlpa
510 4971 640 5040 suscepit.
651 4994 659 5016 ι
672 4971 744 5027 Hinc
752 4988 862 5045 quoque

56 5049 89 5096 te
105 5039 331 5110 frequentissime
347 5041 452 5108 monui,
467 5049 494 5095 et
507 5040 574 5096 adeo
585 5041 717 5113 corripui,
733 5051 764 5097 ut
778 5043 861 5096 etiam

58 5118 163 5169 contra
177 5125 221 5165 me
235 5117 263 5166 et
273 5110 342 5165 mihi
352 5110 447 5167 lideles
461 5111 525 5167 indo
538 5111 697 5167 scandalum
713 5112 863 5183 sumpseris

60 5181 855 5255 etqnasvelquantaspotuistiinsidiasmoliristudueris.·

99 5251 291 5309 Nihilominus
306 5261 336 5309 ut
351 5253 447 5309 amicis
461 5261 488 5308 et
503 5255 663 5325 propinquis
675 5253 767 5308 studio
782 5253 862 5308 iare-

61 5340 129 5379 mus
140 5339 195 5378 non
208 5321 326 5393 judicio,
343 5333 518 5396 posteaquam
529 5325 608 5379 annis
632 5324 779 5380 maturuit:
794 5339 862 5396 cap-

63 5403 123 5451 tata
139 5395 294 5461 occasione,
319 5395 400 5450 rebus
424 5395 549 5467 gerendis
578 5395 717 5462 idoneum,
745 5394 863 5465 gerendo

63 5465 182 5521 reddere
197 5465 313 5531 studuit,
329 5473 356 5521 et
372 5467 400 5521 in
416 5467 554 5538 publicam
572 5467 661 5522 lucem
684 5466 862 5522 educerelta-

62 5553 120 5610 qne
130 5537 252 5606 capitula
263 5536 386 5608 quadam
399 5537 471 5609 apud
486 5536 653 5593 Carisiacum
687 5551 717 5592 er
740 5534 864 5593 Rhemo-

63 5625 129 5664 rum
146 5615 173 5662 et
185 5607 446 5680 llothomagensiuni
458 5608 614 5679 provincias
629 5553 769 5663 liudovico
791 5608 863 5665 Cer-

63 5677 168 5735 maniae
179 5679 236 5750 regi
249 5680 361 5752 scripta,
374 5680 432 5752 ipse
447 5696 494 5752 per
508 5686 634 5752 nepotem
648 5679 770 5735 sunmad
784 5678 864 5736 Caro·

64 5751 127 5806 lum
144 5748 229 5805 misit.
241 5751 280 5806 lle
295 5750 394 5822 quibus
406 5752 444 5806 ita
454 5751 550 5808 scribit
560 5769 565 5806 :
577 5750 623 5805 «Et
630 5750 715 5806 nolite
728 5749 865 5821 negligere

267 5845 388 5905 Piraei.
409 5845 535 5906 CXXIV.

918 858 1016 929 signat.
1033 859 1105 915 llud
1122 869 1227 916 certum
1256 861 1400 929 habemus,
1429 867 1508 937 longe
1532 876 1595 924 ante
1624 886 1714 928 sacras

917 929 1020 984 infulas
1030 930 1188 1003 acquisitas,
1204 931 1238 987 ad
1253 934 1450 992 ecclesiasticas
1464 936 1582 995 honores
1589 939 1716 998 ardenter

917 1000 1059 1080 aspirasse,
1082 1025 1091 1049 ‹
1106 1009 1213 1058 tantum
1227 1011 1258 1058 ut
1274 1006 1316 1059 vel
1328 1022 1384 1060 nno
1399 1007 1427 1061 in
1438 1009 1539 1089 oppido
1555 1018 1645 1081 posset
1657 1028 1715 1069 esse

917 1088 1075 1143 episcopus:
1093 1081 1119 1127 et
1135 1074 1252 1129 etiamsi
1267 1076 1350 1131 vellet
1371 1101 1379 1122 ·
1410 1086 1532 1134 nutritor
1546 1082 1713 1151 avunculus,

923 1167 931 1187 ‹
948 1151 974 1199 et
989 1143 1137 1199 auctoritas
1151 1154 1178 1201 et
1194 1145 1264 1200 ratio
1288 1146 1367 1214 foret,
1390 1147 1504 1204 honoris
1529 1158 1556 1205 et
1570 1155 1714 1223 potestatis

915 1213 1041 1283 cupidus,
1061 1214 1175 1271 vicanus
1203 1216 1262 1271 sieri
1290 1221 1457 1274 consentiret
1483 1221 1637 1294 episcopus,
1664 1225 1713 1297 qni

916 1284 1007 1340 Graece
1023 1293 1139 1341 vocatur
1152 1286 1375 1360 chorepiscopus.
1389 1315 1398 1337 ·

915 1472 1076 1527 Hine-rueras
1092 1473 1190 1542 junior
1208 1475 1238 1528 in
1249 1405 1502 1601 t{nivillinscerlianensi
1515 1482 1651 1554 episcopas
1665 1501 1712 1538 or·

1268 1564 1312 1601 vno
1326 1565 1369 1603 ur.

950 1641 1132 1698 Commodum
1147 1651 1238 1698 autem
1250 1661 1297 1715 per
1303 1662 1334 1700 ea
1344 1652 1467 1718 tempora
1476 1659 1585 1707 mortuo
1594 1652 1713 1710 Pardulo

871 1711 986 1774 Bsedes
1000 1712 1189 1769 laudunensis
1205 1715 1322 1781 vacavit,
1339 1732 1420 1787 quam
1436 1721 1527 1776 statim
1543 1722 1609 1778 cleri
1620 1732 1647 1778 et
1658 1724 1713 1796 ple·

914 1783 957 1839 bis
969 1784 1187 1856 electione,regis
1200 1784 1304 1852 favore,
1318 1787 1409 1856 nepoti
1421 1788 1457 1843 im
1479 1793 1580 1849 etiavit
1590 1811 1712 1851 avuncu-

915 1854 957 1909 lus
970 1871 976 1908 :
991 1863 1172 1925 opportunam
1189 1871 1252 1912 sane
1272 1857 1329 1910 suis
1352 1807 1515 1928 rationiius,
1540 1864 1598 1919 sive
1622 1867 1712 1921 locum

914 1924 1088 1990 consideres;
1106 1926 1291 1981 Durocortoro
1301 1927 1469 1985 Rhemorum
1485 1933 1649 2002 vicinum‚et
1661 1952 1714 1991 me·

915 1995 1016 2075 tropoli
1031 1996 1207 2068 singulariter
1216 1996 1357 2052 subditum
1368 2017 1374 2063 ;
1384 1999 1442 2054 sive
1456 2000 1549 2070 fidem,
1561 2014 1592 2060 ut
1605 2005 1714 2062 homini

915 2065 1095 2134 amicissimo,
1112 2083 1206 2139 nepos,
1222 2069 1330 2139 patroni
1345 2076 1372 2123 et
1386 2068 1541 2129 educatoris
1555 2075 1598 2130 sni
1613 2076 1713 2132 benefi-

915 2138 958 2194 cio
969 2138 1136 2193 succederet.
1160 2139 1345 2204 Quamobrem
1376 2156 1424 2195 rex
1443 2142 1477 2196 ab
1505 2144 1604 2201 itinere
1619 2147 1713 2204 debito

916 2207 1069 2263 flectentem
1095 2224 1222 2264 revocare
1242 2217 1367 2277 conatus,
1392 2211 1433 2265 sic
1454 2229 1516 2268 eum
1537 2216 1712 2288 alloquitur:

923 2304 933 2325 ι
948 2278 1027 2333 Prius
1038 2287 1063 2334 te
1077 2278 1192 2349 dignum
1202 2278 1274 2334 duco
1288 2295 1407 2347 monere,
1417 2287 1448 2335 ut
1457 2284 1560 2341 clerum
1571 2295 1598 2341 et
1607 2288 1713 2358 piebem

916 2348 967 2405 tibi
983 2351 1167 2416 commissam,
1183 2349 1277 2430 quite,
1295 2350 1558 2421 nullocogente,sed
1573 2357 1713 2426 spedncti,

916 2420 981 2493 qnia
991 2436 1040 2491 pro
1053 2436 1145 2475 amore
1157 2428 1199 2475 tui
1212 2420 1354 2484 avunculi,
1366 2422 1413 2491 qui
1429 2430 1456 2476 et
1471 2424 1561 2493 nobis,
1577 2434 1604 2480 et
1616 2443 1712 2498 regno,

916 2508 947 2547 ac
962 2491 1091 2546 Ecclesiae
1106 2490 1181 2562 regni
1197 2491 1284 2545 nostri
1297 2491 1326 2545 in
1342 2491 1438 2546 multis
1458 2495 1570 2563 profuit,
1581 2512 1624 2552 me
1640 2497 1714 2554 vide·

916 2560 983 2616 bant
999 2569 1023 2615 te
1038 2560 1165 2632 diligere;
1183 2569 1211 2616 et
1221 2562 1285 2632 quia
1299 2561 1431 2631 putabant
1456 2571 1482 2618 te
1498 2566 1574 2621 illius
1596 2568 1712 2640 vestigia

917 2640 1086 2700 secuturum,
1098 2641 1125 2689 et
1133 2630 1450 2700 consiliisobediturum;
1462 2642 1490 2690 et
1522 2637 1632 2693 uoniam
1645 2639 1713 2695 bau-

916 2704 1049 2759 dumense
1065 2703 1249 2774 municipium
1278 2703 1425 2759 Rliemcnsi
1449 2651 1588 2775 Ecciesiae,
1612 2708 1715 2783 inqua

918 2774 1039 2830 nutritus
1053 2773 1140 2841 inisti,
1157 2774 1266 2829 unitum
1282 2773 1434 2845 antiquitus
1444 2775 1542 2846 iuerat,
1554 2778 1652 2835 devote
1662 2782 1715 2837 ele·

916 2853 1024 2971 gerunt,
1043 2854 1069 2901 et
1081 2844 1184 2900 obnixe
1200 2843 1254 2899 sibi
1270 2852 1406 2916 pastorem
1417 2846 1540 2904 ordinari
1564 2849 1714 2921 petierunt,

935 2916 1037 2971 ebitam
1052 2915 1092 2971 eis
1105 2915 1193 2972 vicem
1204 2914 1365 2987 rependens,
1382 2917 1563 2989 episcopalem
1577 2937 1609 2979 ac
1619 2930 1716 2992 pasto-

918 2987 1001 3042 ralem
1019 2986 1217 3058 benignitatem
1230 2985 1402 3058 impendas·
1427 2987 1546 3045 Ventum
1572 2991 1658 3063 igitur
1680 2993 1715 3051 ad

874 3061 897 3121 C
915 3057 1127 3124 ordinationem,
1144 3057 1238 3113 eadem
1253 3057 1384 3112 avunculi
1400 3058 1556 3115 velificante
1575 3064 1670 3141 gratia,
1687 3072 1715 3120 et

916 3130 993 3184 nullo
1007 3129 1171 3199 refragante,
1187 3128 1246 3182 sine
1262 3127 1386 3198 primatis
1401 3127 1478 3183 illius
1493 3146 1630 3200 examine,
1652 3134 1712 3189 solo

914 3200 1046 3256 avunculi
1059 3198 1227 3254 testimonio.
1239 3197 1420 3269 presentibus
1432 3201 1713 3271 comprovincialibus

915 3271 1049 3342 episcopis
1059 3269 1113 3325 fuit
1128 3270 1157 3324 in
1171 3269 1329 3341 episcopum
1343 3269 1549 3326 Laudunensem
1565 3289 1713 3330 consecra-

914 3349 969 3397 tus.
988 3340 1048 3408 Quo
1063 3348 1184 3411 tempore
1208 3356 1258 3421 pro
1284 3346 1443 3395 caeterorum
1470 3357 1544 3397 inore
1565 3343 1599 3398 ab
1627 3346 1713 3401 altare

914 3412 946 3468 Β.
965 3412 1056 3468 Mariae
1072 3421 1159 3465 metro
1179 3411 1284 3465 olitano
1299 3426 1349 3464 sno
1365 3410 1448 3466 fidem
1472 3412 1713 3489 obedientiamque

915 3429 1251 3554 promisit1saepedeiiide
1266 3480 1370 3551 abipso
1385 3486 1712 3555 ruptam,saepeadavnn-

915 3555 978 3609 culo
992 3552 1193 3627 exprobratam.
1209 3552 1353 3607 Nesciebat
1367 3553 1440 3607 enirn
1453 3561 1512 3608 turn
1530 3557 1653 3626 profecto
1665 3575 1714 3614 se-

916 3624 977 3680 nior
992 3624 1196 3680 Hincmarusca
1210 3639 1340 3678 manuum
1353 3623 1529 3695 impositione
1544 3627 1631 3697 parari
1659 3629 1712 3685 sibi

915 3703 1032 3767 segetem
1048 3711 1186 3761 curarum,
1204 3694 1330 3750 dolorum
1347 3695 1537 3761 seminarium,
1561 3699 1713 3756 cotemzeli

915 3767 1103 3835 ecclesiastici,
1117 3768 1260 3839 scopulum
1276 3765 1424 3837 patientiae.
1441 3767 1596 3823 illudebant
1619 3771 1713 3825 animo

915 3847 941 3893 et
957 3839 986 3893 in
1001 3838 1125 3894 futurum
1138 3838 1293 3918 prospicere
1312 3838 1442 3892 vetabant
1457 3838 1552 3894 iaustae
1571 3841 1714 3897 acclama-

917 3909 1015 3975 tiones,
1030 3918 1057 3964 et
1073 3910 1200 3980 publicus
1216 3910 1304 3976 favor,
1318 3908 1399 3964 bonis
1414 3909 1543 3965 omnibns
1554 3910 1583 3965 in
1598 3927 1714 3983 persona

916 3981 1023 4051 nepotis
1045 3981 1193 4046 avunculo,
1214 3989 1244 4035 ut
1263 3979 1304 4046 nt,
1335 3981 1461 4036 certatim
1483 3982 1712 4053 gratificantibus.

915 4051 960 4106 Sic
969 4050 1044 4105 enim
1056 4051 1135 4105 illuni
1152 4051 1433 4120 praeteritarecordari
1446 4051 1526 4122 jubet
1539 4071 1564 4108 1«
1579 4054 1711 4124 Tandem,

916 4121 999 4175 frater
1013 4129 1039 4174 et
1052 4120 1102 4187 lili,
1115 4128 1257 4185 monente,
1270 4120 1353 4175 reduc
1365 4120 1392 4173 in
1403 4122 1573 4188 memoriani,
1584 4125 1630 4195 qui
1641 4141 1714 4182 nunc

915 4208 943 4248 es
957 4193 986 4245 in
998 4191 1153 4261 proverbio,
1173 4198 1199 4244 et
1215 4190 1336 4244 niotione
1358 4191 1465 4259 capitis,
1480 4201 1561 4261 atque
1577 4195 1605 4247 in
1621 4195 1714 4251 fabula

915 4269 942 4319 et
955 4262 1062 4317 cantico
1088 4258 1216 4325 turadia,
1239 4275 1302 4314 cum
1324 4267 1425 4330 quanta
1447 4261 1538 4329 quiete
1560 4266 1713 4319 atnmultu

914 4333 1111 4403 cogitationum
1123 4331 1223 4403 quibus
1237 4330 1351 4386 nuncin
1364 4329 1472 4384 diversa
1490 4330 1712 4399 distenderisde·

875 4412 900 4472 1)
914 4405 993 4477 gebas
1003 4404 1030 4457 in
1041 4401 1356 4473 primisdiebus,quando
1364 4399 1584 4472 adepiscopatum
1594 4403 1709 4460 venisti:

916 4491 978 4531 cuni
1001 4481 1102 4545 quanta
1127 4471 1296 4542 benignitate
1311 4487 1326 4526 a
1343 4470 1445 4525 doiiino
1467 4487 1527 4542 rege
1546 4473 1712 4544 suscipieba-
1804 4528 1809 4537 ,

917 4547 971 4600 ris:
991 4552 1092 4616 quanta
1102 4542 1247 4600 dulcedine
1263 4557 1322 4596 mea
1332 4541 1467 4597 fruebaris
1480 4560 1486 4608 ;
1501 4551 1602 4614 quanta
1614 4545 1712 4600 unani·

917 4617 1012 4671 iiiitate
1022 4632 1085 4671 cuin
1100 4613 1232 4669 iratribus
1246 4622 1272 4668 et
1282 4612 1450 4685 coepiscopis
1465 4615 1567 4669 nostris
1591 4615 1712 4673 utebaris

916 4704 978 4744 cum
995 4693 1097 4758 quanto
1108 4701 1199 4740 amore
1214 4701 1230 4739 a
1241 4685 1404 4756 palatiniset
1417 4686 1450 4741 ab
1460 4685 1522 4741 aliis
1533 4685 1616 4758 hujus
1630 4694 1712 4744 terrae

917 4758 1077 4814 hominibus
1086 4756 1219 4813 colebaris
1231 4775 1237 4817 ;
1250 4773 1312 4810 curii
1327 4764 1430 4827 quanta
1442 4757 1544 4813 auroris
1558 4759 1713 4815 reverentia

916 4847 932 4885 a
947 4829 997 4884 tihi
1017 4829 1180 4896 commissis,
1198 4828 1245 4883 sed
1259 4839 1315 4883 eta
1332 4829 1441 4896 nostris,
1458 4845 1473 4883 a
1488 4830 1597 4910 quibus,
1610 4838 1637 4885 et
1648 4846 1710 4885 cum

916 4900 1027 4974 quibus,
1049 4909 1076 4956 et
1092 4902 1163 4957 inter
1184 4916 1252 4972 qnos
1280 4899 1401 4954 nutritus
1424 4899 1512 4966 fuisti,
1534 4900 1708 4965 venerabilis,

916 4981 1062 5043 antequam
1078 4971 1275 5027 immoderatus
1287 4971 1468 5026 amorsaeouli
1485 4971 1535 5025 tibi
1550 4971 1703 5040 irreperet·

952 5042 1070 5097 Ordines
1098 5043 1126 5097 in
1149 5058 1180 5097 eo
1206 5041 1346 5098 beneficiis
1373 5041 1496 5096 ornando
1510 5039 1608 5094 ducere
1622 5038 1711 5094 voluit

916 5129 966 5167 rex
982 5112 1105 5178 Carolus,
1122 5112 1169 5184 qui
1180 5121 1210 5167 ut
1223 5121 1302 5167 antea
1313 5112 1340 5166 iii
1358 5112 1474 5166 senioris
1495 5110 1635 5166 Hinciiiari
1646 5125 1710 5179 gra·

916 5185 982 5238 tiani
999 5184 1128 5238 Ecclesia
1144 5183 1304 5240 Rhemensis
1319 5183 1391 5236 bona
1416 5181 1444 5235 iii
1462 5180 1596 5251 palatinos
1621 5179 1711 5234 divisa

916 5254 1037 5310 ecclesiae
1045 5253 1096 5324 ipsi
1108 5255 1273 5320 restituerat,
1282 5253 1322 5309 sic
1331 5250 1566 5307 addeinerendnm
1572 5249 1711 5320 juniorem

917 5324 1054 5406 episcopio
1075 5325 1248 5380 Laudunensi
1263 5324 1367 5380 diidnm
1382 5331 1486 5393 ereptas
1501 5321 1643 5401 facultates
1652 5321 1711 5377 red

917 5396 999 5463 didit,
1016 5403 1043 5451 et
1060 5395 1201 5465 speciatim
1213 5395 1306 5450 villani
1323 5394 1480 5448 Pauliacum
1495 5392 1650 5465 abantiquo
1662 5391 1711 5447 di-

917 5468 1036 5534 vulsam,
1053 5482 1114 5538 qnae
1129 5474 1223 5537 postea
1237 5465 1290 5519 fuit
1306 5463 1493 5520 Marathonius
1506 5479 1566 5519 cam
1588 5480 1619 5518 us
1629 5463 1711 5520 ilino·

918 5539 997 5593 mari.
1010 5538 1157 5593 Profitetnr
1169 5536 1241 5592 idem
1255 5534 1368 5592 Carolus
1382 5533 1497 5607 epistola
1511 5533 1545 5589 ad
1559 5481 1711 5590 lidrianum

919 5609 1077 5681 pontificem
1092 5609 1204 5680 scripta,
1218 5607 1313 5663 inultis
1325 5623 1341 5662 a
1355 5623 1384 5662 se
1398 5605 1509 5677 praediis
1524 5613 1552 5661 et
1569 5604 1711 5662 haeredita-

919 5679 993 5736 tibus
1020 5678 1172 5735 Ecclesiam
1192 5677 1401 5735 baudnnensem
1429 5676 1624 5805 amplificatam
1644 5691 1712 5732 esse.

927 5749 1042 5820 «Cujus
1068 5749 1189 5808 ecclesiae
1212 5749 1267 5806 dno
1290 5749 1400 5808 circiter
1421 5747 1510 5805 milia
1524 5763 1628 5816 mansa,
1654 5746 1716 5818 plus

1488 5844 1521 5901 31
