3834 6136
123 220 173 274 att

637 207 766 265 cauom
789 206 897 265 catti
916 206 1131 264 FRANCORUM
1152 205 1255 263 REGlS

1727 202 1781 261 872

123 382 209 439 papa,
236 364 377 431 canorus,
406 359 493 432 gratia
506 358 555 415 Dei
585 374 633 414 rex
647 365 674 414 ιι
702 356 834 430 spiritalis
848 357 923 414 tilius
936 361 962 420 A
977 357 1057 415 batus
1083 375 1114 415 ac
1128 358 1205 414 velut
1231 357 1368 430 insipieus
1391 356 1424 413 ab
1448 354 1578 412 omnibus
1592 362 1635 410 est
1647 352 1785 425 dejectus.

124 462 223 514 vester.

159 544 291 614 Quamvis
305 542 432 600 omnium
446 542 504 597 Deo
518 536 737 595 ministrantium
748 536 923 593 sacerdotum

104 642 180 698 'sint
208 635 381 711 exposcenda
397 633 535 705 suffragia,
558 640 586 688 et
618 629 774 688 veneranda
804 627 922 701 lastigie,

123 744 275 802 congruum
303 722 600 795 decentissimumque,
635 729 711 792 pater
742 716 923 785 sanctissime,

122 817 335 888 antistitumque
347 810 590 878 excellentissime,
606 817 701 865 nostra
710 805 845 879 comperit
857 803 924 861 libe·

123 907 218 966 ralitas
243 913 340 962 restrae
355 919 410 973 prae
436 901 542 959 caeteris
566 898 729 955 reverentiae
750 896 925 969 pontificatus

125 997 198 1070 regia
212 995 284 1053 oolla
298 992 471 1060 submittere,
486 989 640 1062 vestrisque
655 986 846 1044 saluberrimis
860 1001 925 1040 mo-

125 1085 303 1143 nitisaurem
326 1082 418 1139 cordis
432 1080 466 1136 ad
494 1077 739 1150 obtemperandum
768 1074 926 1131 humillima

124 1173 271 1231 devotione
285 1168 411 1227 subdere.
428 1167 535 1241 Quippe
551 1183 633 1241 quem
646 1166 708 1223 luce
722 1164 824 1220 clarius
835 1162 924 1219 cerni·

124 1279 196 1331 mus,
214 1260 344 1317 Ecclesiae
358 1259 431 1315 inter
447 1256 546 1313 rnundi
560 1255 749 1312 turbulentam
764 1253 924 1324 voraginem

124 1350 304 1408 fluctuantem
330 1346 525 1404 solidissimam
557 1344 706 1402 anchoram
729 1341 924 1406 constitutum,

125 1447 316 1520 paxillumque
325 1443 509 1512 immobilem,
521 1442 613 1515 inquo
623 1440 760 1497 sarcinam
772 1435 926 1510 dependere

125 1549 284 1597 nostrorum
311 1539 452 1595 valeamus
475 1535 678 1608 peccaminum,
708 1530 758 1588 Dei
772 1528 927 1602 gratissima

125 1631 272 1688 clementia
283 1629 422 1686 credimus
437 1627 613 1684 attributum.
637 1625 724 1681 Tanto
750 1637 867 1695 namque
879 1619 926 1675 be-

977 450 1052 508 Tunc
1066 468 1131 508 vero
1146 452 1249 507 domno
1265 449 1422 523 imperatori
1439 449 1530 505 visum
1545 455 1586 504 est
1603 455 1634 503 ιιι
1651 447 1785 519 praeiatus

977 541 1055 596 Ehho
1070 558 1118 613 pro
1132 541 1254 596 scientiae
1268 539 1428 612 capacitate,
1455 538 1677 609 meritorumque
1704 552 1785 593 ιιι-ι-

978 634 1076 700 rentia,
1092 633 1126 688 ad
1147 632 1325 704 jamdictum
1351 637 1560 704 promoveretur
1581 627 1783 701 episcopatum.

978 723 1058 790 Quod
1085 738 1147 778 curn
1164 721 1235 794 plebi
1265 729 1346 793 atque
1364 719 1493 776 omnibus
1519 733 1585 774 sane
1611 718 1783 790 sapientibus

979 819 1048 868 esset
1065 812 1192 880 relatum,
1209 812 1316 880 placere
1327 810 1381 866 sibi
1404 825 1499 865 omnes
1520 809 1696 865 unanimiter
1709 809 1785 865 affir-

979 916 1105 956 mavere:
1122 915 1154 955 ec
1169 899 1208 955 sio
1220 899 1372 956 secundum
1391 897 1553 954 canonicam
1578 898 1784 955 institutionem

978 996 1019 1046 est
1047 987 1269 1060 archiepiscopus
1296 987 1450 1043 ordinatus.
1488 986 1582 1041 Prima
1609 1002 1678 1043 vero
1708 987 1783 1056 rice,

979 1081 1087 1155 qnando
1102 1081 1249 1152 instigante
1263 1079 1374 1135 diabolo
1390 1080 1560 1135 Francorum
1583 1079 1704 1151 populns
1730 1080 1785 1134 im·

979 1179 1131 1242 peratorem
1153 1169 1206 1225 sibi
1228 1169 1314 1224 allec
1344 1166 1514 1236 ordinatum,
1536 1175 1563 1222 et
1578 1167 1613 1223 ab
1637 1168 1786 1240 apostolica

979 1259 1042 1315 sede
1056 1266 1229 1325 coronatum,
1246 1273 1295 1312 suo
1309 1265 1374 1312 ιιιιιι
1387 1256 1476 1311 moliti
1491 1256 1650 1328 propellere
1660 1257 1784 1328 imperio,

980 1350 1037 1423 ipse
1052 1348 1130 1404 Ebbo
1146 1349 1175 1404 in
1190 1347 1278 1420 ipsius
1292 1346 1425 1403 fidelitate
1439 1345 1596 1401 immobilis
1606 1346 1740 1418 perstitit,
1749 1356 1783 1407 ct.

980 1446 1011 1492 ut
1026 1446 1132 1494 rectum
1147 1445 1215 1504 erat,
1230 1435 1359 1509 usquead
1373 1436 1612 1508 recuperationem
1627 1451 1784 1507 persevera-

980 1527 1031 1583 rit.
1048 1526 1173 1583 Secunda
1182 1542 1256 1593 vero,
1271 1542 1334 1582 cum
1346 1524 1458 1580 hortatu
1468 1524 1655 1580 etmolimine
1665 1523 1784 1580 lotharii

980 1617 1073 1674 fratris
1087 1617 1175 1673 nostri
1190 1615 1281 1672 omnis
1297 1613 1414 1687 populus
1430 1614 1511 1686 apiae
1527 1612 1734 1669 recordationis
1748 1630 1783 1685 gc·

125 1719 312 1778 nevolentiam
328 1718 438 1790 pletatis
452 1724 550 1773 vestrae
565 1723 660 1771 nostra
675 1712 829 1768 ferventius
848 1708 924 1765 arde·
941 1712 965 1772 Β
981 1707 1072 1762 nitore
1086 1713 1181 1760 nostro
1196 1703 1318 1771 recessit,
1335 1711 1362 1758 et
1377 1718 1450 1770 eum,
1468 1718 1556 1757 uxore
1580 1701 1673 1774 ipsius
1688 1701 1719 1757 iu
1732 1703 1784 1757 lta-

124 1810 178 1867 scit
190 1809 357 1874 humanitas,
372 1815 475 1880 quanto
489 1822 539 1861 ros
562 1803 743 1878 perspicimus
763 1800 878 1857 unicum
891 1796 927 1855 ad

125 1895 314 1953 defensionem
324 1894 480 1952 crudelium
495 1892 651 1949 belluarum
662 1886 926 1946 EcclesiamChristi

126 1982 303 2038 infestissime
315 1984 432 2038 lacerare
438 1981 592 2036 volentium
603 1977 751 2034 exstitisse.
763 1976 850 2047 Igitur
859 1990 925 2046 quo·

126 2072 200 2128 niam
213 2071 367 2128 sanctitatis
377 2077 474 2126 vestrae
489 2068 590 2125 litteris
605 2065 741 2140 episcopis
750 2064 825 2137 regni
837 2063 926 2118 nostri

126 2158 286 2227 mandastis,
315 2169 346 2215 ut
365 2158 399 2215 de
425 2175 507 2216 causa
532 2157 656 2213 Ebbonis
681 2156 761 2212 vobis
776 2155 927 2211 scriberent

125 2246 262 2320 quidquid
276 2248 427 2304 seeundum
452 2247 598 2304 veritatem
619 2245 771 2319 comperire
793 2251 924 2316 possent:

20 2352 24 2360 ·
126 2337 207 2393 nobis
221 2352 287 2393 vero
301 2353 358 2392 non
376 2336 487 2405 litteris,
503 2337 551 2393 sed
559 2352 607 2409 per
616 2352 727 2392 servum
737 2342 860 2391 vestrum
873 2335 926 2388 hn-

125 2425 240 2496 sigisum
270 2423 333 2496 [cl.‚
349 2424 527 2500 Ansegisum]
555 2424 733 2491 monachum,
750 2423 860 2496 quando
875 2421 928 2479 hoc

127 2532 200 2573 anno
216 2514 355 2570 infirmato
370 2514 487 2585 Egilone
508 2511 715 2585 archiepiscopo
740 2506 861 2566 secundo
876 2507 928 2562 llo·

127 2605 248 2662 mamad
263 2611 382 2660 vestram
407 2603 598 2676 paternitatem
614 2601 707 2669 rediit,
725 2599 874 2656 mandastis
897 2605 928 2654 ut

127 2694 208 2751 vobis
221 2693 365 2749 veritatem
393 2693 432 2747 rei
447 2692 640 2760 scriberemus,
665 2697 692 2746 ιι
715 2691 818 2761 scripto
832 2695 927 2744 nostro

127 2784 309 2857 signaremus.
325 2783 360 2838 Ut
388 2798 454 2838 vero
469 2791 567 2839 vestrae
586 2788 687 2836 sanctae
715 2778 872 2852 paternitati
898 2777 927 2832 in

127 2870 258 2926 omnibus
272 2884 425 2942 pareamus,
441 2885 501 2941 quaa
514 2867 549 2924 de
562 2868 621 2940 ipso
633 2867 757 2924 vidimus
772 2875 799 2922 et
813 2866 926 2933 scimus,

127 2958 247 3017 fideliter
257 2959 337 3015 vobis
345 2956 542 3032 significamus.
553 2957 621 3012 Nam
631 2957 727 3013 nullus
736 2957 927 3028 episcoporum

981 1794 1057 1862 liant,
1068 1792 1220 1849 Tardoncm
1228 1789 1640 1859 scilicetcivitatem,abducta,
1666 1789 1784 1848 custodia

982 1883 1181 1954 mancipavere,
1212 1896 1262 1935 nos
1278 1896 1395 1953 quoque,
1426 1895 1481 1935 non
1509 1878 1605 1935 adbuc
1627 1878 1783 1949 decennem,

981 1972 1058 2044 quasi
1073 1972 1225 2026 rrrtrltorum
1241 1970 1391 2026 criminum
1406 1969 1572 2038 obnoxium,
1589 1969 1651 2040 pari
1667 1970 1784 2026 custodia

981 2063 1091 2118 Prumia
1107 2061 1273 2117 monasterio
1297 2060 1512 2133 irrancipandum
1526 2060 1705 2132 delegavere.
1732 2062 1797 2116 llb-'

981 2156 1065 2213 ducto
1081 2167 1171 2214 antem
1188 2159 1383 2231 imperaturae
1399 2157 1530 2227 Lothario
1544 2157 1709 2215 Suessionis
1730 2177 1782 2215 rno-

982 2248 1132 2303 nasterium
1160 2248 1188 2303 S.
1214 2246 1347 2314 Medardi‚
1378 2246 1435 2318 ipse
1449 2246 1537 2315 Ebbo,
1560 2263 1627 2304 cum
1645 2247 1712 2304 aliis
1726 2264 1782 2320 pene

982 2337 1261 2410 omnibusepiscopis,
1274 2337 1437 2409 quibusdam
1446 2335 1783 2409 volentibus,quibusdam

982 2427 1089 2496 invitis,
1099 2427 1272 2499 jamdictum
1284 2429 1477 2500 imperatorem
1488 2443 1541 2483 nec
1553 2427 1728 2496 confessum,
1743 2442 1784 2481 nec

982 2519 1016 2575 ab
1031 2518 1123 2590 aliquo
1137 2518 1307 2585 convictum,
1321 2534 1408 2573 ιιιοιι
1423 2525 1450 2572 ιι
1460 2515 1529 2585 salio,
1545 2526 1575 2574 et
1584 2517 1721 2574 omnibus
1729 2517 1783 2572 lide

984 2609 1065 2677 libus,
1083 2607 1217 2678 dignitate
1234 2608 1383 2680 privatum,
1400 2606 1434 2662 ab
1449 2607 1583 2663 Ecclesiae
1593 2606 1784 2664 communione

983 2703 1166 2753 removerant.
1182 2694 1302 2750 Tandem
1317 2710 1383 2750 vero
1398 2694 1547 2750 clementia
1563 2693 1725 2749 miserantis
1743 2691 1783 2747 bet

983 2785 1170 2842 bumilitatem
1186 2784 1223 2856 pii
1241 2784 1413 2856 imperatoris
1428 2783 1591 2854 respiciens,
1609 2779 1784 2853 tetigitcorda

982 2891 1099 2948 quorum
1115 2873 1215 2941 voluit,
1241 2880 1268 2927 et
1295 2881 1326 2926 ut
1342 2889 1405 2927 ιιιιιι
1433 2871 1561 2927 custodia
1587 2869 1748 2938 educerent,
1761 2877 1783 2925 el

983 2966 1099 3038 imperio
1127 2965 1313 3031 restituerent,
1335 2981 1383 3019 sua
1411 2963 1558 3035 inspirarit
1589 2959 1781 3019 misericordia.

124 3047 182 3121 jam
208 3055 342 3121 superest,
371 3052 469 3119 prater
495 3045 664 3114 Rothadum,
695 3045 743 3118 qui
758 3052 825 3100 tunc
839 3044 927 3117 ipsius
942 3065 965 3126 c
983 3053 1070 3120 Quem
1085 3053 1114 3106 in
1131 3052 1299 3107 rnonastcrio
1314 3051 1538 3106 beatissimorum
1554 3059 1715 3123 martyrum
1728 3049 1782 3105 llio

126 3154 214 3195 causae
230 3137 399 3195 interfuerit.
429 3138 470 3193 Ac
485 3137 600 3210 nequid
628 3138 768 3210 praeterire
791 3136 929 3208 patiamur

127 3229 273 3295 intectum,
288 3228 379 3298 primo
389 3227 424 3283 de
439 3228 577 3285 natalibus
586 3226 675 3300 ipsius
684 3227 843 3283 consuimus
852 3240 928 3281 exse-

127 3316 277 3389 quendum.
289 3317 348 3388 lpse
360 3317 445 3390 igitur
454 3317 533 3374 Ebbo
543 3317 611 3388 regii
621 3316 681 3374 fisci
692 3316 798 3373 familia
809 3314 929 3372 oriundo

128 3419 295 3479 progressus,
307 3405 381 3478 regia
389 3406 489 3479 pietate
502 3406 540 3480 pii
550 3422 582 3463 ac
592 3405 705 3479 gloriosi
715 3406 759 3462 avi
781 3402 869 3460 nostri
879 3401 927 3460 Ca-

127 3494 180 3551 roli
191 3500 343 3566 susceptus,
356 3497 486 3566 palatinis
498 3497 616 3568 negotiis
628 3514 684 3554 non
697 3495 873 3553 mediocriter
882 3509 928 3549 an·

129 3579 260 3646 nutritus,
272 3579 398 3635 libertate
413 3580 541 3650 donatus,
553 3582 650 3657 ad[ob]
663 3581 837 3639 nobilitatem
848 3582 928 3638 vehe-

128 3670 229 3725 mentis
243 3670 359 3741 ingenii,
373 3670 402 3724 in
418 3672 503 3726 sacris
518 3672 664 3727 ordinibus
673 3670 808 3744 gradatim
820 3687 929 3744 promo·

128 3766 183 3828 tus,
193 3757 311 3830 genitori
319 3763 412 3813 nostro
423 3758 564 3815 Ludovico
572 3759 698 3830 piissimo
707 3760 833 3828 Augusto
842 3760 928 3832 Aqui·

128 3849 252 3908 tanicum
277 3864 393 3922 reguum
416 3849 520 3920 regenti
535 3848 570 3903 ab
589 3848 685 3904 eodem
706 3848 825 3921 glorioso
840 3849 929 3906 estad

128 3941 304 4000 serviendum
315 3940 470 4012 deputatus.
482 3935 569 4003 Quem
580 3936 638 4009 ipse
647 3938 763 3994 seruitio
773 3947 928 4009 strenuum,

128 4032 398 4106 ingenioqueagilem
409 4029 590 4102 comperiens,
602 4045 658 4086 non
667 4033 852 4102 postmultum
860 4042 930 4091 tem·

126 4121 202 4194 poris
217 4119 460 4176 bibliothecarium
482 4119 638 4176 constituit.
654 4121 718 4178 Post
733 4121 839 4177 obitum
863 4140 928 4178 vero

128 4210 200 4267 divae
217 4209 417 4266 recordationis
431 4209 475 4265 ari
491 4208 578 4265 nostri
595 4208 687 4266 Caroli
701 4211 928 4267 excellentbsimi

127 4297 311 4371 imperatoris,
328 4298 436 4370 genitor
449 4305 542 4353 noster
554 4296 711 4354 Ludovicus
723 4299 864 4371 piissimus
873 4301 928 4356 Au·

984 3145 1068 3216 nysii,
1096 3144 1214 3210 Rustici,
1230 3152 1256 3199 ιι
1271 3142 1458 3199 Eleutheriia
1485 3141 1616 3199 custodia
1632 3141 1783 3199 reducentes

983 3236 1182 3310 archicpiscopi
1193 3244 1220 3291 et
1230 3236 1361 3308 episcopi,
1379 3235 1540 3307 malignum
1555 3242 1627 3303 erat,
1644 3236 1782 3292 scincum

984 3332 1128 3387 humiliter
1142 3329 1291 3401 deliquisse
1307 3329 1479 3395 confitentes,
1491 3327 1605 3383 veniam
1622 3327 1657 3384 ah
1675 3343 1708 3384 ιο
1722 3343 1784 3398 sup-

984 3420 1093 3493 pliciter
1108 3421 1326 3493 postulaveruut.
1344 3417 1506 3473 lotharium
1521 3433 1589 3472 uero
1605 3416 1641 3472 ab
1657 3414 1783 3488 imperiali

984 3518 1118 3583 potestate
1148 3509 1272 3566 secedere
1287 3508 1391 3564 hortati
1421 3514 1495 3563 sunt.
1511 3505 1593 3563 Unde
1619 3507 1678 3580 ipse
1704 3503 1783 3577 etqui

983 3615 1045 3655 curu
1074 3614 1106 3653 eo
1121 3606 1209 3665 erant,
1236 3598 1270 3653 ab
1286 3597 1335 3653 illo
1351 3596 1380 3651 in
1395 3595 1462 3651 alias
1490 3602 1582 3667 partes
1607 3601 1783 3652 recesserunt.

984 3688 1033 3743 llis
1044 3687 1120 3742 Ebho
1132 3687 1292 3758 compertis,
1310 3685 1376 3742 dum
1389 3684 1502 3743 Rhamis
1516 3694 1686 3753 moraretur,
1706 3681 1785 3739 terri·

984 3782 1028 3830 tus
1044 3776 1207 3832 Parisiacam
1232 3776 1303 3848 fugit
1324 3775 1358 3832 ad
1373 3774 1469 3830 urbem
1484 3773 1518 3830 ad
1534 3773 1687 3847 quemdam
1699 3773 1784 3829 reclu-

983 3880 1054 3930 sum,
1066 3872 1097 3919 ιιι
1112 3865 1208 3920 saltem
1224 3882 1288 3922 curn
1303 3881 1335 3921 co
1346 3862 1519 3932 delitescens,
1532 3863 1713 3936 imperatoris
1722 3861 1782 3917 inu

983 3953 1125 4010 evaderet:
1142 3954 1293 4028 imperator
1307 3969 1425 4026 namque
1440 3952 1492 4009 hoe
1511 3951 1644 4022 audiens,
1659 3951 1725 4026 quia
1737 3965 1785 4007 uon

984 4044 1063 4115 longe
1078 4051 1147 4112 erat,
1157 4051 1285 4099 strenuos
1295 4051 1321 4099 ιι
1336 4042 1431 4099 fideles
1444 4041 1560 4097 nuntios
1572 4040 1711 4113 dirigens,
1730 4056 1784 4095 curn

983 4131 1177 4205 comprehendi
1188 4130 1351 4188 eteustodia
1366 4130 1517 4203 mancipari
1530 4128 1630 4200 jussit,
1648 4128 1784 4187 ecclsiam

982 4237 1047 4276 vero
1060 4220 1240 4278 Rhomensem
1252 4220 1368 4276 Fuleoni
1381 4218 1533 4278 venerabili
1546 4217 1644 4274 abbati
1654 4229 1784 4276 commen·

982 4310 1068 4367 davit.
1083 4308 1149 4366 lnde
1159 4308 1252 4367 Mettis
1263 4293 1406 4365 civitatem
1422 4316 1464 4364 est
1473 4308 1586 4377 ductus,
1597 4307 1649 4364 ubi
1660 4307 1692 4363 in
1707 4306 1783 4363 eccle

128 4394 232 4459 gustus,
248 4389 305 4444 D00
319 4386 448 4456 (Ῑθῐῑίῑῦῑθ,
464 4395 609 4459 Paternum
632 4387 747 4461 adeptus
759 4389 926 4462 imperium,
944 4417 969 4476 1]
983 4399 1024 4454 sia
1038 4400 1124 4455 sancti
1139 4399 1270 4472 Stephani
1286 4398 1432 4454 ambonem
1456 4413 1549 4454 coram
1571 4395 1707 4454 omnibus
1720 4409 1784 4451 oon·

128 4479 297 4537 ilhemorum
309 4480 385 4536 venit
395 4480 429 4537 ad
444 4480 557 4536 urbem:
570 4479 617 4535 ubi
637 4480 821 4554 praedecessor
837 4490 928 4539 voster

128 4575 228 4625 sanctu
238 4567 378 4624 memoriae
388 4568 541 4641 Stephanus
556 4585 680 4624 summus
695 4570 821 4640 pontifex
834 4570 860 4626 ei
874 4571 929 4626 ob-

128 4656 201 4712 viam
216 4658 303 4727 venit,
319 4666 399 4730 atque
411 4658 441 4713 in
462 4658 570 4730 imperii
585 4657 718 4714 honorem
733 4676 796 4716 eum
810 4661 867 4716 Deo
879 4661 930 4716 in-

128 4747 249 4820 spirante
258 4748 440 4803 consecravit.
451 4748 493 4804 Eo
509 4755 631 4820 tempore
651 4748 795 4805 Vullarius
811 4750 929 4821 praelatu

128 4836 205 4892 urbis
228 4837 394 4893 venerabilis
408 4835 630 4908 archiepiscopus
657 4837 750 4892 valida
778 4838 930 4895 vexabatur

128 4924 300 4995 infirmitate,
312 4943 365 4999 qua
376 4934 404 4983 et
414 4933 540 4981 mortuus
559 4933 609 4982 ιιι.
626 4926 667 4981 Eo
681 4933 773 4980 autem
787 4926 927 4997 defuncto,

128 5019 155 5068 et
170 5012 205 5068 ab
220 5014 393 5087 imperatore,
411 5013 563 5071 meandum
577 5029 717 5073 sacrorum
729 5029 866 5071 canonum
880 5016 930 5071 in-

128 5102 312 5172 stitutionem,
329 5103 400 5177 plcbi
430 5103 565 5160 electione
580 5120 718 5173 concessa,
749 5105 866 5177 contigit
883 5123 930 5162 eos

128 5192 274 5263 quemdam
285 5194 387 5263 virum,
400 5194 583 5251 Gislemarum
597 5194 719 5263 nomine,
731 5194 764 5249 ad
780 5195 930 5268 pontifica-

128 5287 173 5336 tus
196 5280 330 5338 honorem
356 5283 478 5355 elegisse.
495 5283 547 5351 Qui
569 5283 635 5340 dum
650 5291 714 5341 aute
728 5285 869 5359 episcopos
882 5285 931 5343 di-

128 5370 288 5429 scutiendus
297 5372 452 5444 assedisset,
468 5374 578 5432 oblatus
593 5381 634 5430 est
643 5374 669 5429 ei
683 5381 777 5432 textus
786 5377 931 5447 evangeli-

128 5476 186 5517 cus.
216 5461 285 5519 Cum
313 5472 404 5520 autem
434 5464 523 5538 ipsum
547 5464 720 5538 aliquatenus
742 5466 839 5538 legere,
858 5465 930 5522 nihil

128 5556 220 5605 tamen
231 5550 386 5624 intelligere
400 5569 496 5609 omnes
510 5552 613 5624 pariter
627 5552 830 5623 cognovissent,
840 5569 931 5627 repro·

982 4487 1125 4553 scendens,
1155 4489 1292 4561 protessus
1306 4495 1347 4544 ιιι
1361 4502 1417 4542 non
1441 4502 1550 4560 aquum
1580 4485 1611 4541 in
1639 4483 1782 4557 gloriosum

984 4577 1175 4650 imperatorem
1191 4577 1334 4633 dominum
1352 4593 1431 4632 suum
1447 4575 1576 4631 intulisse
1589 4571 1781 4646 judiciumlbi

983 4666 1066 4721 etiam
1080 4664 1154 4721 idem
1169 4666 1310 4739 piissimus
1325 4666 1474 4739 imperator
1490 4665 1524 4719 ab
1538 4663 1674 4721 omuibus
1687 4662 1781 4737 episeo

984 4756 1036 4828 pis,
1052 4755 1125 4812 clero
1141 4764 1168 4810 et
1182 4757 1294 4828 populo,
1311 4764 1352 4812 est
1366 4754 1570 4812 honorabiliter
1588 4756 1779 4820 coronatus,et

984 4842 1101 4915 pristino
1117 4842 1260 4898 restitutus
1275 4843 1402 4916 imperio.
1419 4842 1490 4898 llinc
1509 4843 1614 4898 iterum
1629 4841 1730 4916 placito
1743 4852 1778 4911 ge·

983 4932 1070 4989 nerali
1085 4942 1246 5001 convocato,
1263 4933 1406 5006 praefatum
1417 4931 1560 4988 Ebbonem
1576 4931 1630 4989 sibi
1638 4929 1722 5004 iussit
1733 4943 1778 4985 eu·

984 5021 1072 5077 hiberi
1089 5029 1192 5079 etcum
1210 5039 1258 5095 pro
1271 5022 1349 5077 illata
1367 5020 1534 5092 injuriarum
1548 5021 1731 5087 contumelia,
1751 5030 1776 5070 tt

984 5110 1127 5166 nonnullis
1142 5111 1277 5184 episcopis
1291 5108 1481 5183 praesentibus,
1500 5108 1625 5183 episcopi
1651 5106 1775 5182 siquiden

984 5199 1143 5272 imperatori
1156 5202 1322 5269 satisfacere,
1341 5209 1367 5257 ιι
1391 5200 1581 5274 pontificalem
1603 5197 1774 5257 reverentiam

984 5306 1092 5345 scrutare
1107 5290 1257 5363 cupientes,
1271 5290 1452 5345 obtinuerunt
1465 5287 1538 5361 apud
1555 5289 1688 5346 eumdem
1702 5287 1775 5358 impe

984 5386 1103 5434 retorem
1117 5385 1147 5433 ut
1166 5394 1222 5435 non
1236 5394 1328 5434 coram
1343 5377 1431 5446 laicis,
1447 5376 1539 5434 sedin
1555 5376 1679 5434 sacrario
1701 5373 1774 5450 ipatus

985 5466 1109 5523 Ebbonis
1137 5483 1218 5524 causa
1245 5467 1447 5542 disponeretur.
1476 5465 1556 5524 Ebbo
1588 5474 1683 5523 autem
1709 5457 1773 5520 omui

983 5554 1129 5630 temporali
1143 5555 1266 5629 privatus
1280 5555 1413 5623 subsidio,
1429 5555 1561 5628 omnique
1571 5547 1773 5611 humanodesti·
