3834 6136
143 209 194 266 tea
801 200 957 287 usonem
971 198 1131 257 MGNACHI
1743 183 1795 241 tot)

140 333 258 393 cationis
271 334 426 406 suscipiens
437 341 466 390 et
477 331 624 390 efficaciter
640 330 792 401 complens,
804 328 939 400 plurimo·
953 333 979 391 A
994 326 1072 384 ducis
1086 332 1114 382 et
1128 322 1268 396 martyris.
1285 346 1294 369 ι
1314 320 1386 404 Vide
1399 319 1434 402 de
1445 328 1562 400 utroque
1579 311 1715 396 innindice
1724 309 1797 390 Pras·

140 422 258 478 rumque
273 406 403 462 lundator
425 405 613 463 caenobiorum
635 402 766 469 existens,
789 400 895 473 quievit
911 401 939 457 in
994 397 1194 454 termissorum.
1210 397 1242 451 lu
1256 393 1311 450 stne
1323 390 1521 477 minutrombus
1536 390 1651 468 litteris:
1680 383 1736 439 «lu
1752 380 1796 441 Gi·

141 493 216 551 pace.
247 479 314 534 ltem
338 478 398 548 ipsc
422 477 478 543 die,
504 473 648 532 translatio
671 471 794 543 corporis
816 471 938 542 ejrrsdem
994 470 1068 538 licia,
1079 468 1165 524 sancti
1177 467 1425 536 Bulaemartyrrs.·
1444 464 1517 518 hst·
1538 460 1670 515 Tatranus
1679 454 1789 521 Bulas,·

140 550 229 605 sancti
246 548 420 605 Landelinia
439 547 588 605 Godelrido
599 544 788 601 Cameracensi
799 544 936 615 episcopo.
993 540 1072 612 cujus
1085 542 1153 596 Acta
1172 537 1376 594 Gracc-Latina
1391 552 1406 591 a
1421 533 1502 615 nobis
1521 530 1595 588 edita
1611 536 1687 584 sunt.
1702 526 1798 607 Since·

141 622 172 676 ln
196 620 286 693 Hoyo,
312 619 455 678 translatio
479 617 567 674 sancti
590 615 739 672 Domitiani
765 613 886 686 episcopi
911 622 938 670 et
993 612 1145 668 rissimaea
1159 609 1266 665 censuit
1281 606 1482 671 henschenius,
1505 619 1557 658 nec
1579 598 1709 658 curandae
1723 595 1798 654 diffi-

140 691 314 750 couiessoris.
339 691 445 748 Eodem
466 689 522 758 die,
538 687 682 745 translatio
706 686 779 743 beati
800 684 938 756 blengoldi
993 683 1109 740 cultates
1123 681 1283 747 Tillemont,
1300 686 1374 734 toruo
1389 678 1423 744 V,
1439 692 1499 748 pag.
1517 673 1580 731 622.

1681 848 1733 905 Die
1750 847 1793 905 to.

140 869 208 1014 xiii
223 869 321 1014 gillius
335 955 407 1028 apud
416 954 513 1010 urbem
523 952 735 1020 vesuntionem,
747 959 905 1008 sauctorum
924 958 1077 1021 martyrum
1091 944 1211 1003 Ferreoli
1223 943 1366 1018 presbiteri
1376 950 1403 998 et
1417 938 1595 996 Ferrutiouis
1608 938 1731 1007 diaconi,
1748 938 1799 1013 qui

139 1063 156 1103 a
171 1046 250 1103 beato
265 1046 383 1102 Hireueo
398 1044 526 1116 episcopo
540 1043 573 1099 ad
590 1040 794 1115 predicandum
810 1041 924 1098 verbum
938 1041 988 1098 Dei
1004 1041 1091 1108 missi,
1118 1048 1213 1111 postea
1227 1039 1279 1094 sub
1294 1036 1411 1095 Claudio
1424 1032 1518 1105 judice
1528 1032 1682 1091 excruciati
1697 1031 1798 1104 pranis,

139 1134 229 1208 gladio
243 1133 391 1190 feriuntur.
408 1131 574 1198 Antiochiae,
590 1133 689 1187 natulis
706 1138 865 1187 sanctorum
882 1139 1038 1202 martyrum
1059 1128 1154 1200 Cyrici
1170 1136 1200 1183 et
1217 1126 1323 1183 iulittae
1335 1122 1431 1179 matris
1440 1120 1510 1192 ejus,
1522 1120 1570 1193 qui
1587 1127 1648 1192 post
1662 1118 1724 1175 dira
1737 1135 1800 1175 uer·

139 1219 204 1277 hera
217 1226 245 1276 et
259 1219 352 1293 gravia
366 1225 513 1285 tormenta,
527 1216 654 1289 martyrii
668 1217 709 1272 sui
722 1232 833 1272 cursum
849 1216 1059 1275 obtruncatione
1071 1217 1170 1290 capitis
1185 1216 1390 1288 impleverunt.
1412 1209 1552 1284 Lugduni,
1569 1209 1708 1282 depositio
1723 1206 1799 1265 beati

107 1352 110 1357 -
139 1309 281 1367 Aureliani
295 1307 417 1382 episcopi
433 1307 611 1365 Arelatensis.
633 1306 751 1364 Ciuitate
765 1307 917 1375 Namnetis‚
933 1308 1022 1363 sancti
1036 1305 1175 1363 Sirniliani
1191 1303 1312 1378 episcopi
1336 1310 1364 1358 et
1377 1297 1555 1358 contessoris.

885 1430 1005 1488 NOTAE.

174 1533 226 1589 Pro
242 1539 322 1590 textu
336 1538 410 1589 stant
425 1533 548 1603 Protea,
564 1532 712 1600 Heriuiea,
732 1534 889 1599 Formosa,
904 1529 1141 1602 antuerp-Mat,
1161 1529 1258 1596 Belin,
1273 1528 1424 1583 Graecast
1439 1524 1542 1584 Melan.

754 1645 956 1704 VABlANFES
975 1643 1181 1702 LECTIONES.

178 1751 361 1811 Vesontionem
375 1758 447 1806 recte
459 1749 585 1805 scribunt
600 1748 755 1816 Heriuien.,
775 1749 940 1819 lamecen,
955 1752 978 1810 B
992 1747 1171 1830 cumlquibus
1188 1745 1286 1818 scripsi
1297 1745 1393 1815 prauis.
1406 1741 1495 1798 Belin.
1512 1741 1580 1813 legit
1589 1746 1681 1811 postea
1695 1758 1759 1796 aere
1772 1749 1801 1800 et

137 1821 385 1894 Antuerp.·llajor,
397 1821 500 1877 Nolan.
521 1821 638 1893 Proque
649 1820 677 1875 in
688 1820 810 1876 Pratensi
826 1831 866 1877 est
886 1821 938 1878 Ve-

137 1894 306 1959 zuutionem;
322 1894 352 1947 in
368 1893 499 1959 Greven.,
520 1891 713 1958 Vcsuucioucm,
724 1891 803 2017 pequs
814 1891 842 1946 iu
855 1892 936 1947 Beli-

136 1980 184 2033 no,
204 1964 447 2021 Vescentioneusem.
464 1963 544 2018 Solus
555 1963 706 2018 Fornacen.
743 1978 759 2016 a
779 1972 806 2019 et
821 1963 935 2031 Fereoli,

137 2036 230 2163 plures
243 2042 336 2089 errant
350 2034 379 2089 in
394 2033 515 2090 secundo
530 2035 652 2100 nomine,
669 2043 699 2089 nt
710 2033 936 2116 Antuerp.·ltlaj.,

160 2105 345 2171 circationis,
359 2105 461 2172 Belin,
472 2106 642 2168 Ferutiouis,·
656 2104 785 2170 drevan,
798 2106 937 2160 Ferrucio-

137 2177 188 2237 nis.
213 2177 350 2243 Nolanus,
368 2175 593 2247 orthographiam
607 2177 772 2258 plerumque
786 2176 936 2247 corrigens,

137 2256 211 2304 recte
219 2248 314 2374 posuit
327 2249 438 2315 Ireuoe,
453 2248 544 2303 caeteri
560 2254 591 2303 ut
605 2262 634 2301 rn
650 2254 739 2314 textu,
755 2247 774 2302 ii
791 2248 873 2302 etiam
889 2247 937 2319 qui

137 2318 218 2392 dipht
239 2319 318 2390 ongis
325 2326 452 2387 utuntur,
464 2326 495 2374 ut
504 2319 613 2375 Prateu.
623 2318 744 2374 maxime
756 2327 784 2375 et
793 2318 935 2374 llerinien.

991 1821 1117 1887 cruciati,
1137 1836 1186 1902 pro
1202 1817 1357 1874 excruciati.
1377 1814 1468 1895 Gyrici
1482 1812 1566 1895 estin
1581 1812 1713 1893 omnibus
1732 1828 1801 1893 pre·

992 1899 1034 1947 ter
1054 1908 1117 1946 uam
1141 1907 1169 1946 rn
1196 1888 1460 1958 Antuerp.-hlaJore,
1486 1901 1533 1957 qur
1553 1899 1616 1940 cum
1637 1884 1701 1939 alus
1714 1891 1800 1939 etiam

991 1963 1044 2019 scri
1068 1964 1088 2017 it
1114 1963 1230 2018 Tulitre:
1255 1960 1354 2015 melius
1380 1958 1409 2012 in
1425 1964 1505 2012 textu
1520 1972 1583 2011 cum
1600 1954 1799 2081 martqrologis

992 2033 1123 2115 antiquis.
1140 2033 1245 2090 Cretera
1260 2026 1523 2100 Antuerp.·llajoris
1537 2034 1625 2107 errata
1637 2042 1671 2082 co
1686 2026 1750 2107 ligo,
1767 2033 1801 2108 ut

991 2122 1120 2175 pauciora
1132 2120 1180 2175 pro
1192 2102 1297 2173 grauia,
1313 2100 1460 2168 erqdrmis,
1480 2099 1637 2163 Namnetes,
1655 2098 1799 2154 Smrricae.

992 2176 1053 2231 Ado
1069 2176 1135 2245 legit
1150 2174 1289 2239 Nouuetis,
1310 2173 1357 2228 sed
1368 2171 1478 2227 codices
1497 2169 1584 2224 nostri
1599 2167 1698 2239 optimi
1714 2168 1799 2225 Nam·

992 2248 1067 2309 netis.
1093 2247 1244 2303 Toruacen.
1270 2242 1435 2315 Naupacto,
1461 2256 1518 2297 nou
1547 2238 1667 2308 Nouetis,
1693 2246 1725 2297 ut
1747 2239 1800 2297 Be·

995 2318 1079 2374 linus.

809 2442 1112 2500 OBSERVATIONES.

171 2543 214 2597 lix
231 2542 327 2598 Adone
341 2549 483 2613 acceptum
494 2542 633 2598 credimus
643 2541 779 2614 quidquid
788 2541 840 2597 hac
850 2541 895 2598 die
906 2542 935 2596 in

136 2620 216 2670 textu
226 2620 320 2669 nostro
330 2613 455 2684 ponitur,
473 2613 570 2668 ordine
582 2621 672 2669 tauron
686 2629 740 2667 non
753 2614 935 2685 undequaque

135 2690 260 2750 servato;
276 2699 337 2738 nam
354 2683 382 2738 in
396 2683 445 2738 illo
460 2684 628 2739 Antiocheui
648 2684 802 2739 Bisuutinis
824 2692 934 2756 autepo-

134 2762 251 2822 nuntur,
263 2753 424 2810 Similianus
434 2753 596 2821 Aureliano,
608 2753 687 2834 cujus
700 2754 863 2810 mutationis
872 2771 935 2811 cau·

133 2841 191 2882 earu
217 2834 285 2896 puto
301 2840 359 2880 esse
381 2823 496 2880 omnino
517 2826 702 2881 arbitrariam.
724 2825 934 2882 Bisuntinorum

132 2904 287 2967 martyrum
304 2897 411 2968 primus
425 2895 531 2952 hoodie
553 2896 713 2951 memoriam
726 2896 883 2964 lacitBeda,
899 2914 935 2952 ex

130 2981 187 3093 quo
200 2967 373 3038 potissimam
388 2967 507 3023 encomii
519 2968 560 3022 sui
573 2975 676 3038 partem
695 2966 756 3023 Ado
769 2968 884 3040 accepit,
902 2969 935 3023 iis

150 3044 267 3094 untamt
287 3037 419 3109 praefixis,
434 3054 495 3110 quae
509 3038 543 3093 de
557 3038 652 3093 Irenasi
676 3038 816 3107 missione,
832 3047 859 3094 et
874 3039 934 3095 loco

131 3108 301 3176 certaminis,
317 3109 346 3164 in
362 3108 434 3164 Beda
448 3109 684 3165 desiderabantur.
707 3111 835 3167 Rabanus
854 3111 933 3181 pale·

131 3185 215 3235 stram
240 3179 358 3252 adjicere
372 3180 444 3236 velle
467 3180 544 3236 visus
558 3188 607 3236 est.
624 3180 722 3235 Noster
735 3181 860 3236 Adonem
879 3198 933 3252 prae

131 3250 221 3306 oculis
235 3251 350 3318 hahens,
365 3268 396 3307 ea
411 3251 548 3323 decerpsit
563 3268 623 3324 quae
640 3253 749 3308 solitam
767 3252 931 3308 brevitatem
947 3239 969 3300 C

129 3336 187 3377 non
201 3322 374 3378 excederent.
400 3322 491 3394 Atque
506 3322 565 3378 haec
579 3339 614 3378 ex
630 3323 752 3396 ipsorum
778 3332 931 3396 martyrum

128 3391 216 3460 Actis,
233 3393 365 3466 Gregorio
390 3393 544 3450 Turonensi
570 3396 792 3467 antiquioribus,
821 3403 932 3466 accepta

129 3472 203 3520 sunt.
220 3464 305 3521 Porro
320 3465 353 3521 de
371 3480 466 3521 eorum
482 3463 536 3520 lide
550 3472 578 3521 et
592 3466 741 3522 veracitate
756 3466 850 3522 eadem
867 3482 930 3523 con·

129 3541 330 3604 trovertuntur,
353 3551 414 3607 quas
430 3534 463 3591 de
488 3535 565 3591 Actis
590 3537 708 3593 aliorum
732 3537 819 3592 trium
835 3539 930 3593 lienam

128 3604 330 3678 discipulorum
347 3606 441 3688 paucis
455 3605 581 3662 diximus
594 3606 628 3661 ad
643 3607 678 3662 23
696 3607 811 3677 Aprilis.
829 3608 932 3663 Gravia

128 3691 187 3733 esse
198 3685 225 3732 et
237 3676 385 3748 simplicia,
397 3692 452 3730 non
462 3678 577 3731 omnino
586 3676 741 3732 diffitentur
753 3678 928 3748 recentiores,

128 3754 319 3802 verumtamen
343 3762 398 3802 non
421 3753 476 3802 tarn
490 3746 607 3814 sincera,
624 3755 654 3802 ut
670 3747 742 3803 inter
756 3749 901 3804 selectiora
915 3766 930 3805 a

127 3817 273 3875 Ruinartio
296 3819 490 3890 allegerentur.
513 3820 552 3875 De
575 3819 703 3874 Ferreolo
727 3826 755 3874 et
769 3821 930 3876 Ferrutroue

128 3896 218 3946 exstat
240 3889 395 3945 veneranda
418 3889 551 3944 memoria
566 3889 594 3944 in
619 3889 720 3945 Missali
736 3889 866 3957 Gothico,
882 3908 930 3947 seu

128 3960 215 4017 veteri
229 3960 336 4017 Gallico
350 3977 366 4015 a
380 3961 528 4016 Thoruasio
542 3960 617 4015 edito
633 3976 692 4030 pag.
709 3961 771 4016 359.
788 3963 818 4017 ln
834 3963 928 4018 lliero·

127 4031 269 4103 nymianis
283 4034 397 4087 nomina
410 4031 504 4086 addita
517 4039 611 4087 censet
625 4031 814 4088 Florentinius
833 4033 850 4089 5
865 4033 929 4106 Sep·

127 4103 252 4170 tembris,
270 4119 325 4175 quo
339 4102 385 4157 die
398 4102 514 4159 celebris
528 4109 569 4158 est
584 4119 679 4158 eorum
696 4103 822 4160 inventio
836 4105 929 4177 potius
952 4128 955 4133 ’

126 4187 209 4299 quam
223 4175 378 4230 translatio.
394 4174 447 4240 Qui
467 4174 557 4230 socios
572 4175 611 4230 eis
628 4174 767 4242 tribuunt,
788 4192 844 4231 non
859 4176 928 4233 alios

138 4259 213 4299 erme
226 4253 339 4301 censent
353 4261 370 4299 a
382 4245 472 4300 trihus
485 4245 651 4310 Valentinis,
664 4246 759 4315 Felice,
779 4248 928 4304 Fortunato

126 4315 298 4372 etAcbilleo.
323 4317 538 4374 Wandalbertus
563 4317 713 4374 hodiernos
736 4319 820 4374 etiarn
844 4319 929 4376 refert

126 4385 211 4443 citato
225 4385 269 4443 die
281 4387 299 4444 5
313 4387 482 4460 Septembris
496 4407 501 4444 :

177 4476 263 4534 Nouis
276 4478 415 4533 Ferreolus
429 4495 490 4533 curu
504 4478 664 4534 Ferrutione
677 4477 800 4550 resulpet.

161 4562 297 4622 Ceterum
313 4567 445 4624 hactenus
468 4567 658 4640 antiquiorum
674 4568 923 4641 Martyrologorum

125 4641 153 4690 et
166 4635 258 4693 Nostri
273 4638 349 4693 salva
365 4645 457 4693 manet
470 4639 629 4695 auctoritas.
646 4640 707 4695 Non
728 4640 767 4695 ita
783 4642 811 4695 in
828 4641 924 4713 Cgrico

124 4706 169 4761 vel
186 4707 293 4774 Quirice
307 4717 335 4764 et
356 4708 463 4773 lulittae,
490 4725 636 4780 quoscum
660 4710 743 4766 sociis
766 4721 885 4783 quatuor
899 4718 926 4766 et

125 4776 333 4849 quadringentis
347 4778 495 4834 Aretiochioe
507 4779 688 4836 disertissime
707 4781 832 4837 tribuunt
856 4783 927 4838 llie-

125 4850 289 4920 ronymiana
303 4850 459 4930 apographa
474 4857 501 4904 et
516 4852 669 4907 Romanum
682 4867 807 4922 parvum.
819 4852 925 4919 Quibus

124 4918 215 5048 quoad
242 4921 408 4992 positionem
431 4924 511 4992 plane
534 4922 673 4977 consentit
692 4921 752 4977 Ado
771 4932 799 4980 et
823 4940 858 4980 ex
873 4925 925 4981 hoc

148 4992 275 5048 suardus.
301 4993 332 5050 ln
347 4993 471 5049 eamdem
486 4992 652 5050 senteutiam
679 4994 802 5065 loquitur
816 4997 924 5065 Florus,

123 5062 204 5135 cujus
216 5065 337 5137 elogium
348 5064 494 5121 Adouiano
514 5063 580 5121 hinc
590 5063 654 5120 inde
664 5074 806 5134 consonat,
822 5085 925 5141 qnam-

124 5134 168 5190 vis
180 5136 258 5192 illurn
269 5138 428 5193 nullatenus
440 5135 550 5193 credatu
562 5136 653 5192 Adoni
671 5136 756 5193 luisse
771 5140 922 5209 cognitum.

123 5205 238 5332 Utrique
252 5219 327 5267 certo
341 5208 524 5282 praluxerint
540 5208 618 5272 Acta,
635 5224 696 5280 quas
711 5216 842 5282 tauquam
857 5228 921 5284 apo·

123 5291 192 5348 cryp
213 5294 229 5332 a
252 5281 359 5351 pridem
381 5281 527 5356 reprobata
546 5280 670 5337 luerunt.
695 5281 730 5337 Ut
749 5289 799 5352 est,
826 5283 924 5340 Noster

990 2541 1097 2597 Adonis
1108 2541 1151 2596 elo
1171 2540 1229 2594 ium
1245 2539 1415 2596 contractius
1430 2537 1563 2604 reddidit,
1579 2537 1691 2595 omissis
1713 2538 1800 2596 sociis

990 2628 1005 2667 a
1030 2614 1112 2668 Floro
1135 2557 1169 2666 ai
1192 2611 1245 2666 tlt
1263 2611 1468 2683 multiplicatis.
1491 2611 1527 2664 Et
1551 2608 1610 2665 haec
1633 2609 1745 2682 quidem
1761 2626 1800 2667 ex

990 2685 1167 2754 praelatorum
1180 2684 1428 2754 martyrologorum
1445 2681 1605 2737 venerando
1619 2697 1701 2737 seusu
1716 2681 1800 2753 plana

989 2744 1115 2811 et‘certa
1137 2753 1225 2808 videri
1249 2761 1370 2824 possent,
1396 2753 1449 2807 nisi
1467 2760 1609 2809 momenta
1633 2752 1800 2824 gravissima

990 2827 1144 2896 palaestram
1172 2825 1332 2879 mutandam
1364 2824 1532 2888 suaderent,
1563 2823 1799 2896 scribendumque

994 2896 1083 2964 Tarsi,
1100 2912 1150 2968 pro
1159 2896 1316 2962 Antiochiae,
1334 2903 1364 2951 ut
1377 2895 1494 2952 Romani
1508 2893 1642 2950 moderni.
1656 2894 1799 2951 Reforma-

989 2974 1062 3023 tores
1075 2977 1147 3024 recte
1158 2967 1253 3023 fecisse
1264 2974 1356 3023 censet
1370 2965 1586 3038 papebrochius,
1603 2965 1797 3023 difficultatem

989 3038 1079 3094 fusius
1089 3039 1231 3110 explicans
1242 3048 1269 3094 et
1279 3040 1433 3109 explanans
1444 3037 1496 3093 hac
1515 3036 1570 3104 die,
1581 3037 1647 3092 dum
1660 3046 1797 3109 martyres

990 3110 1172 3181 probabiliter
1185 3126 1359 3181 synonymus
1371 3109 1503 3181 geminat,
1515 3115 1541 3164 et
1553 3107 1796 3181 AntiochiaeGyri·

988 3198 1051 3237 cum
1065 3198 1128 3237 crim
1139 3181 1247 3249 lulitta,
1270 3190 1297 3236 et
1312 3182 1431 3236 alterum
1447 3180 1589 3252 Gyricum,
1613 3179 1796 3254 lulittamque

987 3253 1100 3308 alteram
1115 3252 1199 3309 Tarso
1209 3252 1313 3308 ascribi
1328 3268 1405 3324 posse
1419 3268 1474 3306 non
1486 3251 1636 3322 incongrue
1652 3250 1794 3323 opinatur,

988 3323 1041 3378 nisr
1060 3325 1146 3395 magis
1156 3323 1211 3379 alia
1220 3324 1356 3395 placeant,
1366 3340 1427 3396 quai
1438 3322 1539 3378 ibidem
1549 3322 1615 3376 satis
1627 3321 1796 3378 verosimili·

987 3401 1030 3449 ter
1048 3403 1242 3521 sugqeruntur.
1258 3396 1287 3451 Si
1303 3394 1347 3450 cui
1359 3395 1417 3451 haec
1430 3409 1485 3449 non
1496 3393 1646 3460 sufficiant,
1658 3392 1795 3450 Florenti·

987 3465 1097 3521 niuma
1117 3475 1171 3534 eat,
1184 3465 1433 3522 similiarationum
1445 3472 1585 3520 momenta
1594 3464 1796 3521 satisaccurate

986 3538 1204 3618 expendentem.
1218 3537 1309 3594 hlissis
1319 3538 1405 3605 tricis,
1417 3536 1511 3591 rideat
1523 3537 1608 3591 lector
1618 3535 1647 3590 in
1656 3535 1735 3591 Actis
1745 3552 1793 3593 no·

986 3616 1051 3663 stris
1066 3609 1208 3680 insignem
1224 3610 1387 3665 relationem
1401 3607 1635 3664 Graeco-Latinam
1654 3606 1795 3664 'l'heodori

987 3678 1143 3735 lconiensis
1168 3679 1202 3734 de
1232 3679 1486 3735 illustrissimorum
1515 3678 1614 3733 horum
1638 3685 1794 3751 martyrum

985 3750 1152 3817 certamine,
1167 3767 1222 3876 qua
1236 3766 1250 3805 e
1265 3750 1390 3805 fidelium
1403 3749 1532 3805 manibus
1543 3749 1670 3821 excipere
1684 3748 1794 3806 debuis-

986 3829 1026 3877 set
1048 3820 1153 3877 lamosa
1169 3822 1177 3875 i
1195 3823 1220 3876 la
1245 3821 1375 3878 damnata
1400 3820 1522 3876 narratio
1540 3819 1709 3892 apocrypha,
1732 3837 1793 3892 qua

987 3901 1077 3947 tamen
1105 3908 1152 3964 per
1180 3900 1227 3948 tot
1257 3894 1357 3949 saecula
1389 3891 1418 3948 in
1447 3890 1624 3963 Legendariis
1649 3892 1794 3947 nonnullis

985 3963 1185 4090 perseveravit,
1210 3964 1317 4037 legique
1342 3963 1425 4020 etiam
1442 3971 1532 4034 potest
1547 3963 1575 4017 in
1590 3962 1685 4019 citatis
1703 3962 1791 4019 Actis.

1011 4041 1036 4090 st
1057 4051 1071 4089 a
1093 4036 1128 4091 ud
1147 4036 1324 4092 Ruinartium
1347 4036 1406 4106 ipsa
1418 4035 1466 4089 illa
1483 4033 1621 4090 Theodori
1636 4034 1794 4105 epistola,a

985 4053 1794 4177 pagbitdatticebreviteromniadeduxitTittemcutius

984 4184 1062 4234 tomo
1072 4177 1108 4246 V,
1119 4195 1206 4251 apag.
1220 4177 1282 4234 349.
1296 4177 1374 4235 Adde
1383 4176 1428 4232 his
1440 4175 1789 4235 Wandalbertidistichou:

1061 4307 1200 4359 Sedecimo
1213 4310 1314 4360 Ciricus
1331 4309 1347 4360 J
1351 4309 1424 4359 ulitta
1434 4324 1493 4358 curu
1507 4309 1633 4371 genitrice

1062 4372 1187 4422 Glarescit
1200 4388 1260 4423 vera
1271 4374 1366 4424 Christi
1384 4374 1479 4436 pietate
1491 4372 1603 4434 fideque.

1016 4500 1124 4556 Interea
1142 4498 1217 4571 quod
1228 4498 1316 4555 nostri
1335 4498 1389 4555 lori
1401 4507 1429 4555 et
1442 4498 1568 4554 innueris
1590 4503 1642 4565 est,
1651 4494 1711 4568 jam
1726 4512 1793 4552 exa·

946 4578 1056 4657 Dcturn
1072 4570 1209 4638 dedimus,
1223 4578 1250 4626 et
1264 4570 1362 4627 damus
1375 4587 1455 4643 porro
1470 4569 1499 4624 in
1517 4568 1629 4624 duabus
1644 4567 1793 4640 postremis

980 4642 1252 4710 annuntiationibus,
1267 4658 1334 4714 quas
1351 4642 1437 4697 ferme
1459 4640 1493 4697 ad
1513 4640 1620 4711 apicem
1643 4654 1678 4695 ex
1694 4639 1794 4695 Adone

980 4712 1078 4769 Noster
1090 4712 1247 4785 descripsit,
1271 4711 1477 4785 antiquioribus
1501 4710 1696 4783 Martyrologis
1713 4726 1792 4782 pror-

981 4801 1027 4840 sus
1039 4784 1167 4851 intactas,
1183 4784 1237 4840 uisi
1281 4784 1333 4840 uod
1350 4783 1519 4851 Sinnianae,
1535 4782 1586 4837 sub
1606 4782 1728 4837 Simttini
1741 4797 1793 4837 no·

982 4855 1065 4923 mine,
1090 4855 1230 4929 aliquibus
1259 4799 1498 4928 ilieronymianis,
1519 4854 1590 4909 lorte
1607 4869 1642 4908 ex
1656 4852 1793 4926 Gregorio

980 4927 1145 4994 Turonensi,
1172 4927 1315 5009 appositus
1334 4929 1381 4983 sit.
1404 4925 1587 4984 Verissimum
1604 4924 1718 4979 interim
1738 4932 1792 4991 est,

1001 4997 1055 5055 uod
1069 4999 1212 5071 principio
1228 4998 1399 5067 dicebamus,
1418 4995 1572 5055 Usuardum
1583 5011 1633 5050 sua
1644 4994 1741 5050 omnia
1756 5011 1792 5051 ex

980 5015 1077 5126 idone
1106 5077 1276 5126 mutuatum.
1295 5072 1331 5125 De
1353 5069 1461 5125 duobus
1478 5068 1553 5123 hisce
1565 5073 1667 5123 nostras
1682 5066 1794 5122 ultimis

979 5140 1307 5208 sanctisvidendasunt,
1328 5141 1428 5213 quaein
1449 5139 1570 5211 Syllogis
1579 5138 1637 5195 suis
1647 5137 1793 5193 historicis

979 5214 1098 5269 tradunt
1123 5211 1314 5268 lleuschenius
1338 5219 1365 5269 et
1387 5210 1600 5284 Papebrochius.
1622 5210 1704 5265 Plura
1721 5207 1793 5264 alibi

984 5300 1040 5341 non
1055 5283 1136 5343 facile
1150 5283 1280 5358 reperies.

849 5409 1040 5468 AUcrAfflA.

158 5496 311 5552 Pucsaueu.
326 5513 351 5552 :e
362 5499 443 5571 Apud
453 5503 594 5560 civitatem
606 5503 921 5574 Guisiocensem,beato·

123 5583 185 5649 rum
211 5576 365 5649 martyrum
390 5573 510 5629 Ferreoli
524 5576 677 5655 presbyteri
702 5586 728 5633 et
744 5578 918 5634 Ferrucionis

123 5638 243 5696 dracone.
259 5637 311 5722 Qui
327 5639 378 5721 sub
397 5642 513 5700 Claudio
524 5647 619 5716 Judice
637 5649 670 5705 ad
683 5650 799 5706 trocleas
812 5650 919 5705 extenti

123 5717 151 5792 et
173 5709 427 5793 flagellatrqdernde
442 5714 469 5769 in
485 5732 622 5775 carcerem
647 5721 757 5789 reclusi,
773 5721 921 5793 amputatis

123 5781 229 5859 linguis
241 5781 551 5858 predicabautserbuui
558 5790 682 5849 Bomiui.
693 5792 759 5850 Post
770 5792 823 5851 hoc
837 5792 921 5851 utris·

978 5522 1031 5579 que
1054 5514 1120 5564 sunt
1142 5506 1238 5563 infixa
1256 5504 1362 5564 subulae
1386 5505 1416 5562 in
1432 5505 1563 5562 manibus
1582 5511 1610 5560 et
1628 5502 1657 5558 in
1672 5503 1794 5576 pedibus

979 5587 1063 5650 atque
1087 5580 1116 5634 in
1144 5586 1271 5650 pectore:
1313 5578 1347 5634 ad
1384 5578 1517 5634 ultimum
1545 5574 1636 5648 gladio
1666 5576 1792 5647 percussi

978 5657 1053 5706 sunt.
1071 5673 1080 5700 s
1104 5650 1167 5706 llaec
1181 5665 1216 5705 ex
1236 5650 1310 5707 Beda
1326 5652 1369 5706 uel
1385 5649 1498 5708 Adone.
1518 5648 1622 5706 Caetera
1635 5647 1732 5703 omnia
1744 5646 1792 5703 de-

979 5729 1476 5871 81¹1llliisrrsruposttextumpurmn
1485 5790 1788 5865 adjicimattogoutia,
