3834 6136
222 230 275 289 236

876 225 1031 289 usuram
1048 228 1210 290 nonnoni

1811 220 1867 286 ἥδ

222 354 275 410 rim
291 351 376 410 vitam
388 349 522 421 Pantaeni,
534 366 569 407 ex
576 350 706 408 omnibus
715 339 835 425 antiq'uis
844 352 1017 410 documentis
1030 360 1056 418 Α
1074 355 1217 420 Victorini;
1232 363 1259 410 et
1278 351 1442 424 simphroni,
1459 351 1502 407 vel
1518 349 1712 422 simphoriani,
1738 366 1791 434 pro
1802 352 1870 408 Sim·

221 424 256 482 ab
267 423 408 481 Halloirio
417 431 513 479 nostro
521 422 665 480 collectam
675 428 703 478 et
712 421 1018 512 digestaminterVites

222 493 333 552 Patmm
343 493 465 552 Orientis
480 502 555 551 tomo
568 494 602 562 ll,
622 510 684 566 apa
706 493 791 551 .8t9.
812 494 916 552 Gallice
939 512 1017 552 suam

223 567 364 624 ordinavit
377 566 572 622 Tillemontius
582 510 713 635 tomelli,
724 581 809 638 apag.
822 566 919 623 ilum
935 568 1019 624 Wan-

223 638 348 696 dalberto
360 637 460 694 unicus
474 636 508 692 de
518 636 618 693 Sancto
633 645 728 693 nostro
742 645 832 694 exstat
841 637 994 695 versiculus
1009 656 1016 697 ε

270 745 387 796 Pantaeni
400 743 483 795 Nonis
494 743 614 807 splendet
629 745 805 810 meritumque
818 744 944 810 fidesque.

260 854 390 912 Proxima
403 861 555 927 martyrum
571 855 756 912 Romanorum
772 853 877 924 classis,
893 854 926 912 ab
940 855 1018 913 anti-

224 927 369 1000 quioribus
383 925 434 983 bac
443 943 538 982 rursus
552 925 597 982 die
611 927 757 997 praeterita,
775 926 875 985 diserte
885 934 1019 984 notaturs

225 999 335 1055 laudato
352 998 475 1054 Romano
490 1013 585 1069 parvo,
596 997 640 1054 liis
652 998 743 1054 verbis
759 1015 765 1054 :
781 999 880 1068 nome,
891 998 1018 1081 niartpii'r

224 1069 372 1126 Nicostrati
379 1068 572 1150 primiscrinii,
589 1070 707 1137 Claudii,
725 1070 851 1139 Castorii,
880 1071 1017 1139 Victorini,

225 1140 441 1213 Symphronsoni.
457 1140 547 1213 Atque
564 1139 623 1199 baec
637 1142 666 1196 in
679 1149 787 1198 textum
798 1157 877 1197 suum
886 1140 1019 1197 translata

226 1213 354 1284 pluribus
363 1210 696 1283 amplificatViennensis,
707 1229 743 1268 ex
751 1212 917 1269 ActisSanct
937 1211 1018 1269 Seba-

224 1283 317 1353 stiani,
334 1282 363 1364 in
378 1281 480 1357 quibus
491 1282 564 1355 apud
579 1299 630 1339 nos
639 1299 698 1411 αἱ.
710 1285 752 1352 ll,
764 1290 819 1339 tres
828 1285 924 1341 saltem
935 1283 1018 1365 primi

224 1355 388 1411 nominatim
405 1362 609 1426 exprimuntur.
623 1355 676 1412 Not
697 1371 761 1411 erus
775 1363 878 1422 autem,
895 1362 1018 1412 recitatis

224 1425 300 1484 hisce
313 1433 471 1483 sauctorum
486 1425 657 1494 nominibus,
673 1426 707 1483 de
721 1425 831 1492 ultimo,
847 1427 1019 1499 quemSym-

220 1498 383 1570 phorineum
397 1504 487 1565 vocat,
503 1496 680 1554 observavit:
702 1498 745 1556 Vel
759 1498 826 1553 sicut
840 1498 868 1552 in
884 1497 951 1554 libro
971 1498 1018 1553 Sa·

222 1574 417 1625 crementorum
426 1567 581 1635 continetur,
594 1569 786 1694 Simfroniani.
799 1569 867 1624 Tum
877 1585 993 1650 pergens
1009 1587 1015 1625 :

224 1642 342 1708 Quorum
355 1641 472 1696 namium
485 1645 559 1695 senta
573 1639 646 1695 dicl
663 1657 726 1694 rium
740 1639 895 1696 Novembris
912 1646 1017 1695 echnm
1072 1637 1158 1719 priori
1166 1637 1376 1693 annuntiatione
1389 1637 1541 1693 recessisse.
1560 1638 1618 1693 Eoo

1048 428 1051 436 ’
1070 425 1226 498 phasiani,
1238 425 1322 482 citata
1336 430 1414 480 sexta
1426 422 1471 478 die
1486 422 1585 479 Iduum
1601 419 1766 478 Novembris
1792 423 1871 480 rele-

1073 506 1183 565 runtur,
1194 498 1236 553 uti
1250 503 1277 552 et
1289 496 1318 551 in
1332 495 1415 563 Beda,
1426 493 1460 550 ad
1475 510 1556 567 quem
1585 493 1660 549 Flori
1689 502 1869 565 augmentum

1073 584 1199 639 expresso
1214 568 1328 636 indicat,
1342 583 1388 622 eos
1402 583 1418 622 a
1431 574 1525 622 sancto
1540 563 1700 621 Sebastiano
1715 565 1750 622 ad
1765 565 1871 623 Christi

1073 638 1156 695 iidem
1171 655 1327 706 conversos,
1340 638 1413 693 aPol
1435 653 1516 710 carpo
1531 636 1692 708 baptizatos,
1709 635 1804 693 eadem
1821 637 1872 694 illa

1073 710 1154 781 plane
1166 710 1311 778 sententia,
1322 725 1403 783 quani
1414 654 1480 764 iulo
1491 716 1590 766 nostrae
1607 707 1688 764 classi
1702 707 1781 764 Adoa
1791 709 1871 782 ppli-

1074 781 1157 838 cavit.
1174 781 1275 839 Contra
1294 797 1359 836 vero
1375 778 1492 836 Romani
1507 779 1584 851 parvi
1599 788 1696 836 auctor
1713 787 1793 835 sexta
1822 779 1872 836 illa

1075 852 1183 922 ldunm,
1199 869 1246 909 seu
1261 870 1312 909 vin
1322 850 1495 919 Novembris,
1511 851 1589 918 alios,
1606 850 1671 906 licet
1682 851 1771 906 ferme
1798 867 1872 924 syn-

1074 941 1202 997 criymos,
1237 922 1354 991 roducit,
1378 923 1418 979 sio
1438 924 1553 995 loquens
1569 939 1574 978 :
1591 922 1690 991 Roma,
1719 927 1872 994 martyrum

1076 997 1193 1064 Claudii,
1234 996 1362 1059 icostrati,
1376 993 1591 1066 symphroniani,
1614 993 1741 1060 Castorii,
1756 994 1872 1066 Simpli-

1073 1066 1261 1139 alienandum
1274 1066 1513 1138 insipnissimoram
1534 1083 1541 1132 ;
1559 1063 1659 1138 quibas
1674 1065 1680 1119 i
1718 1064 1814 1121 issima
1827 1065 1872 1122 die

1074 1140 1127 1194 tale
1142 1139 1260 1211 elogium
1276 1139 1405 1210 prelatus
1418 1136 1479 1192 Ado
1494 1136 1609 1208 aptavit,
1624 1144 1683 1193 uta
1726 1136 1872 1194 hodiernis

1073 1211 1160 1266 saneti
1175 1209 1326 1266 Sebastiani
1344 1208 1558 1274 cathecumenis,
1581 1215 1609 1264 et
1635 1224 1652 1265 a
1676 1217 1805 1280 marmor,
1825 1210 1871 1266 rel

1075 1281 1196 1354 quinque
1208 1279 1581 1337 Coronatisdistinctissimos
1591 1295 1648 1335 esse
1658 1286 1795 1352 oporteat.
1807 1280 1872 1337 limo

1073 1352 1108 1407 ad
1120 1351 1404 1424 prusensinstitutum
1415 1350 1592 1407 indicassesit
1603 1351 1680 1420 satis,
1691 1350 1722 1405 in
1743 1352 1872 1423 proxime

1074 1423 1190 1480 edendis
1204 1423 1306 1479 mensis
1321 1422 1387 1479 Julii
1402 1422 1490 1491 Actis,
1504 1438 1539 1478 ex
1572 1421 1677 1478 rolesso
1702 1422 1869 1480 trituranda.

1074 1495 1187 1551 interim
1204 1495 1379 1551 manifestum
1392 1502 1443 1561 est,
1454 1494 1542 1550 Usuar
1562 1508 1620 1563 uni,
1637 1494 1871 1575 licetpaulocon·

1073 1575 1240 1634 tractrorem,
1255 1566 1289 1622 ab
1302 1565 1408 1622 Adonis
1422 1565 1515 1637 phrasi
1529 1581 1584 1622 non
1594 1581 1638 1621 ma
1658 1565 1680 1621 's
1691 1564 1738 1692 hi?
1745 1581 1831 1694 quam
1840 1567 1870 1623 in

1683 1643 1803 1701 ,utimo
1819 1654 1870 1696 oco

221 1729 269 1767 nos
282 1710 594 1777 celebrassecredidimin,
604 1710 683 1765 donec
691 1710 849 1765 venerahilis
856 1716 934 1781 pater
943 1711 1015 1777 Ado,
1030 1716 1053 1776 Β
1069 1724 1099 1764 m
1113 1709 1210 1764 Adone
1225 1716 1335 1765 notatus
1349 1716 1399 1777 est,
1415 1725 1478 1765 cum
1493 1724 1525 1765 eo
1556 1708 1598 1764 elo
1618 1710 1655 1777 io,
1681 1706 1716 1764 de
1741 1724 1799 1783 quo
1825 1709 1871 1767 dle

219 1781 289 1838 alios
300 1788 324 1836 et
337 1782 406 1837 alios
416 1797 467 1853 pro
480 1781 518 1836 eis
531 1781 606 1836 nohis
617 1781 786 1837 honorandos
800 1781 959 1847 insinuaret,
983 1782 1014 1838 ds

219 1852 1013 1923 quibussuoloco,oitacomitecommodiusdissereturPorro

219 1923 287 1996 quid
301 1923 471 1991 disseruerit,
487 1923 635 1993 nescimus,
648 1940 711 1981 cum
722 1933 783 1996 post
797 1940 867 1981 xxvi
886 1922 1013 1982 Octobris

221 1994 329 2067 reliqua
337 1993 805 2122 ejushlartyrologiidesiderentur.
818 1995 954 2053 Ceterum
964 2012 1012 2052 uo·

217 2064 271 2121 tari
286 2072 407 2121 meretur
421 2065 545 2138 apposita
584 2066 673 2123 otheri
697 2066 863 2136 observatio,
894 2083 958 2124 nam
983 2067 1013 2123 in

216 2135 443 2210 hieronymianis
456 2137 570 2196 nomina
579 2137 684 2209 eadem
699 2147 798 2211 preter
813 2140 1013 2214 Simplicii,pro

1067 1779 1233 1907 precedenti
1249 1780 1278 1836 in
1293 1779 1432 1836 Auctariis
1445 1779 1580 1848 diximus,
1590 1725 1743 1836 ielatarum
1768 1794 1867 1854 nempe

1090 1851 1247 1908 hebaeorum
1260 1851 1440 1925 reliquiarum
1456 1851 1602 1910 Viennam.
1618 1850 1671 1908 Sed
1704 1850 1782 1909 hunc
1806 1869 1870 1910 cum

1067 1922 1207 1995 plerisque
1222 1923 1430 1982 Viennensibus
1444 1922 1579 1995 episcopis
1590 1921 1689 1980 Noster
1697 1922 1804 1981 omisit.
1817 1923 1870 1981 No

1067 2010 1131 2051 men
1142 1994 1218 2050 varie
1234 1994 1376 2062 scribitur,
1392 2003 1424 2050 ut
1438 1995 1504 2050 satis
1517 1993 1668 2051 ostendunt
1677 1993 1757 2052 varia
1770 1997 1871 2055 Aucta·

1067 2066 1118 2124 ria.
1139 2066 1221 2124 Forte
1235 2067 1339 2139 optima
1354 2065 1510 2126 Castaliam
1524 2066 1607 2124 lectio
1622 2065 1733 2127 anldi.

927 2261 1119 2324 AUCTARIA.

249 2380 482 2439 Arimin-ilii.
491 2376 616 2454 Anglicis
626 2377 733 2439 Sanctis
748 2396 819 2455 sape
833 2384 940 2450 auctus,
957 2379 1012 2440 fine

213 2453 303 2511 addit:
319 2454 398 2526 ‹lpsa
407 2453 463 2522 die,
476 2453 621 2509 translatio
631 2453 718 2510 sancti
728 2453 840 2510 Thomas
851 2456 1004 2526 martyris.»

248 2525 403 2581 Quassus.
414 2525 444 2580 in
451 2529 540 2597 prima
550 2525 760 2581 annuntiatione
770 2541 867 2597 purus,
877 2525 906 2580 in
915 2527 1011 2595 altera,

214 2596 328 2652 mutatis
342 2595 471 2651 nonnihil
485 2595 657 2665 nominibus,
672 2596 793 2676 elogium
808 2596 955 2653 rascendit.

249 2667 399 2723 llosvnrn.
416 2666 506 2722 textui
514 2666 580 2722 satis
591 2682 659 2737 puro
670 2666 788 2738 subjecit
804 2685 810 2723 :
831 2668 1010 2737 ‹lnEistede,

212 2735 376 2795 Willebaldi
390 2736 511 2809 episcopi
526 2744 553 2792 et
568 2737 742 2794 confessoris.
772 2738 804 2792 ln
831 2737 1011 2809 Alexandria,

213 2807 306 2864 Publii
323 2807 455 2880 martyris
468 2824 532 2864 oum
547 2807 610 2864 aliis
624 2825 701 2865 xxiv.
718 2833 727 2858 ν

248 2879 396 2934 Musnnsr.
409 2885 582 2950 posttextum
594 2881 623 2935 in
632 2878 703 2936 fine:
718 2878 816 2952 «Apud
822 2879 1012 2951 Cantuariam,

217 2949 360 3007 translatio
374 2949 463 3006 sancti
478 2949 590 3007 Phoma
604 2951 724 3024 episcopi
735 2959 762 3006 et
779 2952 919 3024 martyris.
940 2978 950 3001 »

247 3020 297 3077 Est
310 3028 337 3077 et
350 3020 378 3076 in
394 3020 531 3078 Pssrnssr
544 3022 639 3078 codice
649 3022 866 3080 additamentum
880 3042 886 3079 :
898 3025 1011 3082 diadem

211 3091 266 3158 die,
284 3098 387 3148 octava
404 3093 492 3150 sancti
506 3093 645 3151 Marcialis
663 3113 690 3150 :2
712 3093 759 3152 sed
774 3110 837 3150 cum
848 3110 879 3150 ea
889 3103 965 3166 nota,
980 3102 1011 3152 ut

1065 2401 1129 2441 cum
1144 2380 1236 2467 sociis.
1253 2380 1390 2443 Pantheni
1404 2381 1459 2442 viri
1474 2379 1620 2457 apostolici
1634 2393 1662 2442 et
1680 2384 1800 2444 scientia
1823 2379 1867 2443 ad·

1066 2463 1199 2585 &libitinis
1217 2530 1367 2588 Drusorum.
1384 2530 1411 2588 S.
1429 2527 1544 2601 benigni
1576 2527 1606 2584 in
1634 2527 1726 2585 tribus
1752 2527 1868 2586 diversis

1066 2601 1197 2656 extractis
1214 2619 1219 2656 :
1244 2600 1400 2659 ‹Coenobio
1410 2599 1584 2667 Divionensi,
1600 2600 1749 2657 translatio
1763 2616 1866 2674 corpo-

1066 2670 1866 2741 rumsanctorumUrbani,EustadiietHilariiconlcesoris,

1066 2748 1093 2797 ct
1108 2750 1264 2799 sanctarum
1279 2743 1354 2800 liade
1373 2743 1454 2799 undis
1469 2741 1572 2813 reginae
1586 2749 1614 2798 et
1628 2742 1782 2801 Paschasiae
1807 2744 1868 2801 vir-

1066 2813 1296 2941 {iglsfflnsfgnliim'
1310 2822 1339 2871 et
1355 2761 1448 2872 beate
1475 2814 1580 2882 Quiete
1609 2813 1737 2888 conjugis
1761 2815 1866 2889 praelati

1103 2957 1170 3012 Rso.
1188 2928 1271 3012 Susa:
1292 2957 1342 3013 sub
1358 2974 1435 3014 num.
1450 2958 1502 3016 ite
1519 2977 1525 3015 :
1550 2954 1658 3031 «Apud
1673 2956 1867 3027 Cantherium,

1066 3027 1210 3170 {grassiano
1239 3030 1327 3086 sancti
1360 3029 1471 3087 Thomas
1499 3029 1700 3103 archiepiscopi
1729 3038 1758 3088 et
1792 3048 1881 3090 mar-

211 3164 245 3221 ad
260 3163 410 3236 marginem
424 3163 560 3235 adjectum
572 3167 741 3234 existimem,
757 3167 800 3220 vel
814 3167 910 3222 saltem
923 3167 957 3223 ad
970 3168 1012 3222 al·
1103 3169 1239 3227 Virronis.
1249 3170 1520 3244 signatasnuthl
1540 3191 1547 3230 :
1566 3197 1577 3222 ‹
1591 3172 1699 3231 Natalis
1708 3181 1875 3232 sanctornm

210 3235 534 3310 terunicodicem,quem
546 3237 660 3295 beatum
674 3254 815 3308 vocamus,
827 3239 1010 3313 potiusquam
1026 3240 1048 3302 C
1064 3240 1198 3310 ianuarii,
1213 3241 1354 3298 Laurentii
1376 3252 1403 3299 et
1428 3243 1501 3300 Petri
1519 3245 1548 3300 in
1571 3254 1667 3302 sancta
1696 3244 1813 3318 Sophia.
1837 3247 1870 3304 lu

212 3306 247 3363 ad
262 3307 440 3364 vetustiorem
456 3319 569 3381 spectet.

246 3397 404 3456 Csnrossn.
419 3417 425 3454 :
437 3424 445 3446 ι
457 3399 538 3472 Apud
548 3399 756 3471 Alexandriam,
767 3401 854 3458 sancti
865 3399 1012 3471 Pantheni,

210 3469 264 3526 viri
272 3469 445 3543 apostoliciet
454 3480 481 3527 et
489 3473 565 3527 ouini
574 3472 689 3529 scientia
698 3473 835 3531 adornati.
853 3474 1012 3541 Romanus

211 3540 275 3598 talis
289 3547 448 3597 sanctorum
458 3541 605 3600 Nicostrati
632 3544 804 3611 rimiscrinii,
819 3544 927 3600 Claudii
938 3560 1012 3601 com·

212 3610 415 3678 mentariensis,
431 3610 562 3682 Castoris,
617 3612 730 3669 ictorini
756 3625 784 3670 et
809 3614 1011 3687 Simphoriani.

211 3681 287 3748 Quos
297 3688 408 3737 sanctus
425 3679 600 3738 Sebastianus
614 3683 724 3740 credere
738 3683 879 3741 Christum
906 3686 1011 3756 docuit,

212 3759 240 3810 et
254 3751 288 3808 ed
303 3751 419 3824 gloriam
433 3753 560 3836 martyrii
576 3753 736 3811 incitavit·
758 3754 789 3811 ln
818 3772 876 3812 mar·
896 3757 941 3813 ine
968 3774 1011 3814 re·

212 3823 420 3954 cgilstiorimanu
431 3823 571 3897 adjicliur.
587 3825 711 3883 «Eodem
720 3826 777 3895 die,
787 3828 875 3886 sancti
913 3828 1011 3887 arculfi

212 3912 229 3954 a
267 3897 360 3955 atis·

248 3988 441 4056 Pausaniam,
456 3985 557 4044 omisso
574 3984 714 4057 Pantaeno,
730 3986 832 4062 dequo
849 3989 948 4062 pridie,
965 3989 1012 4049 hic

215 4057 306 4118 denuo
317 4060 466 4131 anticipat:
482 4059 582 4132 «Apud
592 4059 686 4116 Asiam
698 4059 844 4129 minorem,
853 4070 1010 4119 sanctorum

215 4132 323 4204 Aquilai
339 4139 366 4189 et
380 4130 523 4200 Priscillae,
537 4131 634 4187 uxoris
647 4131 716 4203 ejus.
731 4134 770 4188 lle
781 4133 882 4206 quibus
893 4134 922 4189 in
935 4134 1011 4190 Actis

215 4204 401 4276 apostolorum
418 4203 527 4274 legitur.
541 4204 623 4277 Apud
634 4220 712 4276 quos,
728 4211 872 4278 postquam
901 4206 909 4261 i
930 4206 953 4261 si
976 4205 1011 4262 ab

215 4274 285 4331 uebe
298 4275 385 4332 lloma
400 4274 430 4331 in
451 4273 583 4330 Achaiam
614 4284 761 4343 venerunt,
790 4276 886 4333 beatus
910 4222 1011 4332 Baulos

216 4349 357 4428 apostolus
367 4345 524 4402 morabatur
538 4354 649 4418 propter
658 4345 808 4404 artificium
826 4366 831 4404 :
848 4357 926 4404 erant
935 4349 1010 4404 enim

216 4418 338 4490 ejusdem
344 4417 420 4486 artis,
433 4417 461 4472 id
471 4425 512 4474 est
521 4418 735 4487 scenolactoriae,
748 4418 827 4491 cujus
838 4421 1011 4492 etapostolus

217 4490 357 4563 operarius
370 4496 463 4546 erat.»
485 4490 553 4546 lnse
573 4490 661 4559 uenti,
676 4505 712 4546 ex
723 4506 789 4547 voce
817 4491 1009 4559 Primiscrinii,

217 4562 288 4618 duos
302 4570 411 4619 sanctos
426 4561 514 4618 iaccre
526 4507 646 4619 siletur.
663 4563 750 4619 Primi
764 4570 791 4618 et
806 4564 917 4619 Semnoi.
929 4563 959 4620 ln
970 4579 1010 4618 re·

217 4630 295 4703 liquo
307 4641 386 4689 textu
399 4649 485 4704 purus
495 4642 546 4689 est.
559 4633 660 4689 Subdit
676 4651 682 4688 :
707 4659 716 4682 ι
727 4635 758 4689 ln
764 4634 913 4701 Palestina,
925 4633 1015 4690 natale

217 4700 291 4756 beati
303 4703 430 4773 Procopii
444 4704 586 4774 martyris.
603 4703 656 4770 Qui
670 4718 686 4758 a
700 4704 832 4777 Scitopoli
851 4705 950 4762 ductus
960 4705 1016 4762 Cae·

218 4786 332 4839 saroam,
349 4771 472 4842 ajudice
494 4773 616 4829 Fabiano
628 4774 718 4846 capite
731 4791 817 4831 caesus
839 4783 889 4831 est.
910 4799 920 4824 ι
955 4776 1018 4834 llaeo

219 4842 302 4899 etiam
317 4857 352 4898 ex
363 4842 488 4914 sequenti
504 4842 548 4898 die
555 4843 752 4915 anticipantur.
768 4848 883 4901 nemim
909 4863 916 4901 τ
954 4872 963 4895 ι
986 4847 1018 4904 ln

217 4914 328 4988 Anglia,
348 4912 491 4969 translatio
504 4915 592 4970 sancti
606 4914 718 4972 Thema
732 4916 932 4991 archiepiscopi
949 4918 1017 4977 Can·

218 4986 366 5045 tuariensis
380 4992 408 5042 et
423 4985 564 5058 martyris.
580 5009 590 5035 s

254 5077 448 5146 Hscanovsrr,
463 5073 493 5131 in
503 5074 592 5148 prima
606 5073 777 5148 satispurus,
793 5077 834 5136 sic
861 5077 944 5136 babet
969 5095 1018 5136 se-

218 5148 311 5207 cundo
326 5151 387 5208 loco
404 5166 410 5206 :
434 5147 489 5204 «ln
505 5147 618 5204 civitate
630 5147 798 5219 Eystetensi,
818 5151 917 5207 natalis
929 5151 1017 5208 sancti

220 5221 365 5303 wilibaldi
393 5219 471 5293 pueri
487 5217 569 5301 [quod
592 5219 622 5273 ni
632 5217 714 5291 virli]
747 5219 868 5292 ejusdem
896 5223 1017 5305 civitatis

220 5307 311 5416 tet:
332 5290 1017 5436 tilietitltttiltsslt'tt’wiliarit

219 5431 350 5503 Sequitur
363 5433 397 5489 de
410 5435 566 5491 Nicostrato
578 5442 606 5492 et
616 5432 699 5490 sociis
714 5449 791 5504 pure.
812 5436 882 5492 'lum
908 5452 943 5492 ex
971 5409 1016 5520 iiie

221 5500 347 5558 hesterna
360 5503 415 5559 huc
437 5505 567 5562 bauslert
592 5523 599 5562 ε
631 5527 641 5552 ι
668 5506 773 5575 Rome,
801 5507 901 5565 naulis
927 5515 1015 5564 sancti

220 5568 404 5645 'l'ranquillini
420 5577 559 5649 martyris.
574 5575 628 5644 Qui
642 5575 708 5633 duni
722 5576 756 5633 ad
770 5578 841 5635 beati
857 5578 936 5633 Pauli
951 5595 1013 5634 con·

1068 3312 1224 3381 Camerino,
1245 3313 1333 3370 sancti
1347 3313 1465 3371 Ansuini
1482 3314 1645 3388 presbyteri.
1662 3341 1672 3364 ι

1103 3383 1240 3441 Acrnurs.
1259 3403 1265 3440 :
1288 3409 1297 3432 ‹
1312 3386 1378 3441 ltem
1389 3386 1525 3457 depositio
1535 3388 1622 3443 sancti
1633 3386 1732 3444 Boisili
1747 3387 1868 3462 presby-

1068 3456 1120 3512 teri
1135 3465 1162 3513 et
1175 3456 1349 3526 confessoris,
1363 3465 1389 3513 et
1404 3465 1505 3515 sanctae
1519 3459 1611 3515 blarin
1624 3458 1745 3530 virginis
1761 3478 1768 3516 :
1782 3461 1829 3535 qui
1839 3475 1863 3517 ss
1896 3520 1899 3524 ,

1068 3544 1117 3600 pro
1132 3529 1257 3584 libertate
1272 3529 1401 3586 Ecclesia
1416 3530 1477 3598 Dei,
1491 3530 1611 3587 hostiam
1635 3531 1694 3587 Deo
1714 3533 1862 3604 placentem

1067 3599 1180 3655 obtulit.
1197 3623 1206 3648 ·
1228 3601 1269 3656 lta
1284 3601 1395 3673 legitur,
1410 3602 1546 3658 nonsatis
1560 3603 1643 3660 clare.

1103 3669 1264 3753 Srnozzrair.
1284 3687 1290 3726 :
1318 3695 1327 3718 ι
1340 3672 1445 3729 Eodem
1459 3672 1515 3743 die,
1530 3672 1618 3732 sancti
1632 3672 1789 3733 Wilebaldi
1803 3674 1859 3749 epi·

1067 3758 1113 3798 sco
1134 3749 1184 3798 ret
1193 3741 1369 3800 confessoris.
1387 3765 1397 3793 i

1088 3884 1093 3894 Ι
1127 3813 1196 3869 ditio
1205 3815 1596 3890 Luesoo-Cos.,posttextum
1604 3817 1720 3877 subdit:
1743 3817 1858 3878 «emsa

1066 3884 1122 3953 die,
1137 3885 1382 3945 sanctiWilihaldi
1407 3889 1528 3962 episcopi
1543 3891 1566 3946 E
1587 3889 1726 3949 stadensis
1743 3890 1858 3950 civitatis

1066 3964 1093 4012 et
1106 3957 1280 4039 confessoris.
1307 3958 1438 4029 Treviris,
1467 3960 1539 4016 beati
1567 3907 1661 4018 ilariti
1690 3962 1813 4037 episcopi
1836 3966 1858 4018 ct

1066 4028 1240 4089 confessoris.
1256 4032 1317 4101 lpso
1331 4030 1386 4098 die,
1400 4031 1472 4087 beati
1487 4033 1609 4089 Processi
1624 4033 1804 4091 confessoris.
1831 4032 1859 4089 lu

1065 4100 1302 4180 Anglia,'civitate
1315 4102 1471 4169 Cantunria,
1484 4104 1629 4161 translatio
1644 4104 1734 4162 sancti
1754 4104 1858 4161 'l'boine

1065 4186 1185 4242 episcopi
1200 4179 1227 4226 et
1252 4173 1390 4244 martyris.
1416 4175 1448 4229 ln
1471 4175 1573 4244 Scotia,
1601 4176 1749 4233 translatio
1777 4173 1859 4234 sanati

1066 4242 1228 4314 lientigcrni
1240 4243 1360 4316 episcopi
1373 4254 1400 4302 et
1419 4246 1593 4304 molossoris.
1608 4270 1618 4295 ι

1101 4314 1230 4370 Baiisus.
1243 4314 1272 4370 in
1283 4323 1399 4389 utraque
1409 4317 1548 4376 editione:
1568 4318 1693 4377 «Eodem
1708 4319 1757 4379 dis
1775 4317 1859 4379 mcii

1065 4384 1199 4442 Vilibaldi
1216 4387 1335 4459 episcopi
1350 4396 1377 4444 et
1390 4389 1567 4458 confessoris,
1584 4415 1593 4440 ·

1101 4458 1247 4515 Curvus:
1268 4460 1368 4532 «Apud
1379 4460 1527 4530 Viennam,
1543 4461 1631 4519 sancti
1640 4459 1867 4537 anldiepisoopi

1065 4535 1092 4585 et
1106 4529 1281 4598 confessoris,
1297 4529 1378 4602 cujus
1397 4532 1535 4590 industria
1561 4533 1687 4606 reliquias
1710 4542 1868 4593 sanctorum

1028 4603 1053 4661 D
1069 4600 1251 4657 Thebaeorum
1265 4601 1300 4658 ad
1318 4602 1458 4675 praelatam
1475 4605 1572 4663 urbem
1593 4611 1737 4663 transietis
1761 4614 1836 4664 sunh
1848 4602 1869 4654 ν’

1071 4671 1142 4729 Vide
1156 4688 1217 4746 qua
1231 4691 1262 4730 su
1284 4691 1313 4730 ra
1341 4674 1466 4754 diximus
1493 4675 1522 4732 in
1553 4677 1609 4733 fine
1636 4676 1868 4735 observationis:

1072 4751 1182 4868 nostre.
1213 4769 1229 4825 f
1256 4690 1324 4871 ξω
1341 4745 1483 4829 ,Ἦίῲειίᾶξ
1506 4748 1628 4822 episcopi
1654 4747 1871 4830 laysiarmsiio

1071 4830 1245 4968 sistitis·
1260 4819 1676 4973 nillililiilihiiviifflil
1694 4828 1746 4960 ll,
1762 4819 1871 4972 ‘tlh

1071 4971 1201 5038 episcopi.
1231 4959 1384 5017 Translatio
1412 4971 1499 5019 sancti
1528 4962 1641 5019 Thoma
1703 4963 1869 5019 ntuarisnstt

1071 5045 1192 5103 episcopi
1203 5030 1869 5107 etmartyris‚hlaterniani.conlessoris.Apolloiiii

1070 5101 1245 5158 confessoris,
1262 5104 1383 5161 Processi
1398 5106 1574 5163 confessoris.
1587 5106 1746 5178 Edilbergas
1759 5102 1869 5179 virgnis

996 5224 1001 5234 ,
1070 5172 1225 5241 abbatissae,
1240 5174 1304 5231 lilia
1316 5176 1387 5248 regis
1402 5176 1585 5234 Orientalium
1611 5176 1781 5259 duplorum,
1795 5173 1869 5256 cujas

1070 5243 1144 5301 lleda
1154 5245 1281 5302 meminit
1291 5246 1363 5302 libro
1374 5248 1410 5303 lll
1421 5266 1427 5305 :
1439 5249 1575 5319 Treveris,
1595 5256 1697 5306 sanctae
1723 5249 1806 5306 lullae
1817 5261 1866 5304 vir·

1071 5315 1152 5387 ginis.
1171 5316 1307 5374 hlustiolae
1323 5318 1423 5375 vidum.
1440 5345 1449 5369 ι
1759 5376 1761 5380 ,
1906 5358 1909 5363 -

1105 5388 1214 5444 Mortis.
1226 5389 1315 5446 textui
1331 5390 1393 5446 aliis
1408 5391 1509 5448 litteris
1518 5391 1645 5475 adjungit
1659 5391 1695 5449 ad
1709 5387 1866 5457 Nicostrati,
1894 5390 1914 5451 ,ἕ

1814 5458 1914 5597 n:

1070 5598 1168 5657 beatus
1183 5603 1359 5662 Sebastianus
1373 5606 1484 5663 credere
1499 5607 1642 5665 Christum
1653 5606 1755 5665 docuit
1765 5614 1794 5664 et
1806 5619 1867 5664 tu·
1891 5622 1914 5671 Ξ

1069 5458 1262 5529 Primiscrinii,
1276 5461 1310 5517 ad
1326 5461 1445 5530 Claudii,
1460 5464 1704 5520 commentariensis
1720 5483 1728 5535 ;
1759 5481 1788 5523 et

1070 5529 1263 5602 Simphoraini,
1279 5549 1328 5615 pro
1344 5534 1557 5606 Simphorinani,
1573 5535 1715 5593 interserit
1733 5555 1739 5593 :
1777 5559 1787 5584 ι

219 5642 368 5700 Ῐθὸὓίοῃθῐη
381 5653 481 5715 ‘mh
494 5656 588 5704 ²0¹¹V¹⁸
600 5655 642 5705 ‘³⁵‘
654 5664 671 5705 ²
685 5651 808 5723 P³8²¹¹l⁸s
830 5666 862 5708 ³⁰
877 5649 1015 5723 ῙῑΨΜθωε
1069 5677 1130 5727 ctus
1144 5672 1313 5749 Polycarpus
1328 5677 1470 5750 presbyter
1484 5679 1645 5751 baptisavit.
1661 5678 1716 5747 Qui
1733 5696 1769 5738 cu
1781 5686 1868 5743 mom·
1890 5684 1914 5754 ig

220 5714 385 5788 millium
399 5718 635 5774 fflnsufflfflilli·’
754 5809 760 5822 ι
868 5809 875 5822 ·
1069 5759 1135 5814 pora
1148 5752 1305 5804 sanctorum
1321 5765 1369 5820 per
1379 5767 1426 5806 ora
1440 5750 1579 5822 Tyberina
1593 5751 1780 5824 requirerent.
1806 5740 1899 5825 tulli

252 5800 701 5867 diminuimus-uincam:
712 5809 875 5870 «Nicostrati
884 5811 1016 5887 martyris
1068 5823 1163 5872 sunt·
1180 5817 1212 5873 ln
1223 5818 1294 5875 sins:
1307 5843 1316 5866 ι
1329 5821 1410 5893 Apud
1422 5820 1609 5892 Cantauriani,
1620 5813 1868 5900 transtatiosaaoti,
1890 5848 1914 5907 ῃ

1892 5922 1914 5985 ἱ,
