3834 6136
171 168 207 227 er
832 160 984 219 nsuannr
1007 145 1168 221 nonaum
1796 157 1833 216 ss

171 301 292 369 apertam
307 291 522 365 persecutionem
538 298 565 346 et
584 288 696 371 publica
709 289 842 361 martyria
858 305 964 362 nequa·
978 291 1003 349 A
1020 306 1114 345 corona
1132 286 1320 343 monumentis
1339 286 1535 343 verisimiliora
1554 285 1708 343 substituit.
1729 287 1830 344 Certis·

171 383 253 439 quarn
274 362 443 422 admittenda
468 361 619 417 contendit.
638 363 673 418 Et
695 361 754 418 hare
769 361 855 416 ferme
869 361 964 416 eadem

170 439 302 495 adversus
316 434 431 492 Caeciliae
445 440 471 488 et
492 432 628 489 sociorum
645 434 799 505 passionem
818 441 964 488 recurrunt

170 520 202 567 ut
212 508 296 564 serbo
306 505 546 562 indicavimusxrr
555 504 667 576 Aprilis.
680 506 718 560 Ne
729 505 795 575 qnid
805 505 850 560 hic
862 512 964 559 temore

169 580 341 643 definiamus,
358 584 405 632 aut
417 583 495 631 extra
507 576 676 647 propositum
691 592 849 645 irrogentur,
870 577 964 630 omnia

168 651 257 707 tutius
280 649 312 703 ad
329 665 389 703 xsrr
415 647 578 703 Nouembris
601 648 634 703 de
655 648 760 717 lazapo
780 646 964 702 examinanda

168 738 203 778 ex
225 720 386 791 licandaque
402 720 579 773 remittimus.

232 792 361 855 rdiolnao,
378 791 504 861 depositio
520 788 640 858 Dionysii
656 789 779 859 episcopi,
795 788 896 843 diserte
917 806 962 842 no·

167 872 242 920 tatur
256 864 282 917 in
300 862 521 932 liieronyrnianis
532 860 702 931 apographis.
716 861 802 915 Silerrt
815 859 886 913 Beda
899 876 961 915 cnm

167 937 265 991 suiset
282 936 432 990 llorrmnnnr
447 949 571 1004 parrum.
588 932 713 1002 illoginrn
730 949 745 986 a
761 932 860 985 Nostro
872 930 917 986 hic
932 932 961 985 in

166 1016 245 1063 textu
257 1004 506 1061 recitatumAdonis
517 1011 566 1069 est,
576 1003 656 1074 idyne
664 1004 799 1059 Notkerus
809 1003 961 1057 describere

166 1095 222 1133 non
239 1076 422 1149 pretermisit,
439 1075 552 1147 adjectis
567 1075 629 1129 aliis
643 1092 702 1144 qnae
719 1092 768 1130 nec
784 1074 893 1141 referre,
912 1090 962 1130 nec

165 1149 323 1206 exanainare
339 1148 424 1202 nostri
441 1147 641 1203 iorieaistimo.
657 1147 781 1218 Dionysia
796 1146 902 1200 labores
914 1161 961 1214 pro

165 1221 302 1276 catholica
317 1219 370 1273 sade
384 1219 491 1289 egregie
510 1220 675 1284 exantlatos,
691 1234 725 1271 ox
736 1217 820 1271 variis
837 1216 960 1271 Patribus

164 1293 275 1361 collegit
292 1300 318 1346 et
330 1297 454 1346 accurate
469 1291 582 1359 digessit
596 1289 809 1358 Papehrochius.
836 1288 960 1366 Dorosto-

163 1380 251 1418 renses
274 1368 404 1431 arraretpres
428 1362 456 1415 in
480 1362 704 1430 liiercnymianis
720 1367 908 1430 trarrsposrtos,
926 1374 961 1412 ex

164 1433 173 1488 i
195 1434 231 1488 sis
252 1443 341 1488 tamen
366 1442 468 1499 erutos,
493 1449 508 1485 a
533 1433 631 1487 Nostro
644 1439 670 1484 et
697 1430 827 1496 Votlrero,
847 1446 910 1483 vere
926 1445 960 1482 ex

189 1505 260 1558 donc
274 1511 460 1572 transumptus
469 1519 525 1556 esse
537 1510 652 1571 oportet.
665 1509 694 1555 nt
706 1509 767 1572 pote
776 1501 822 1573 qni
836 1501 862 1554 in
875 1501 960 1555 indiis

162 1574 496 1646 Martyrolopiisantiquis
507 1572 754 1642 aliisreperiantur.
769 1572 828 1625 Dani
841 1587 874 1625 an
887 1571 956 1624 torni

1019 361 1089 415 sinin
1104 376 1200 414 eornrn
1215 360 1274 414 lans
1291 367 1332 415 est
1348 360 1378 414 in
1396 358 1474 415 Actis
1488 358 1577 414 sancti
1592 358 1669 425 iulii,
1686 357 1832 429 dequibus

1020 448 1131 501 agernus
1146 448 1225 486 xxvii
1245 431 1318 496 niara,
1335 431 1383 486 ubi
1400 431 1543 502 utriusque
1559 445 1657 484 norrien
1674 431 1828 487 Pasirrutis

1019 514 1045 557 et
1064 502 1225 557 l'nlentionia
1240 503 1407 573 exprimitur
1418 519 1480 558 carin
1499 502 1609 571 satrape
1628 500 1713 556 etiam
1730 505 1829 574 procul

1019 574 1104 629 dnbio
1121 583 1251 645 martyre,
1269 582 1298 629 ut
1314 574 1433 629 refertur
1448 592 1485 628 xv
1498 572 1586 640 iunii,
1602 572 1650 628 sed
1668 575 1745 628 nulla
1759 573 1831 631 alio-

1019 663 1079 700 rum
1108 645 1179 700 lacta
1206 646 1354 707 reseratione..
1378 645 1432 700 nisi
1449 646 1519 700 torto
1534 644 1626 699 lulius
1643 644 1700 715 ipse
1716 652 1743 700 et
1759 646 1829 701 Esi-

1018 717 1106 785 chyns
1136 718 1187 770 dno
1206 717 1246 771 illi
1264 717 1381 772 aliorum
1397 717 1460 770 socii
1489 722 1667 771 censeantur.
1689 717 1728 772 De
1746 717 1830 773 Deae

1022 789 1176 843 Trernssino
1198 797 1295 858 praelia
1309 788 1484 854 Usuardnm,'
1506 804 1540 842 ex
1565 787 1705 842 veteribus
1731 789 1829 845 nullus

1018 858 1151 930 loquitur,
1167 868 1194 913 et
1211 860 1232 913 is
1249 862 1294 931 qni
1309 860 1360 914 lem
1381 861 1409 913 in
1428 858 1553 929 plnrihus
1568 858 1710 913 codicibus
1728 860 1828 915 l'suar·

1017 930 1102 996 dinis,
1123 947 1179 985 non
1195 931 1306 1002 optimae
1323 939 1404 994 notra,
1420 931 1574 1002 preteriens
1589 939 1639 984 est.
1650 930 1736 985 Nebis
1751 932 1828 988 suffi-

1016 1018 1062 1057 cer
1092 1003 1181 1070 dehet,
1213 1005 1438 1074 praestantiorum
1462 1000 1621 1057 arroteritae.
1638 1001 1727 1056 Pauca
1742 1003 1777 1059 de
1793 1019 1827 1059 eo

1016 1080 1173 1144 supersunt,
1190 1090 1250 1145 quaa
1266 1075 1371 1144 sylloge
1397 1089 1446 1127 sua
1472 1072 1604 1127 historica
1631 1072 1826 1131 henschenius

1016 1147 1176 1214 criniploxus
1189 1153 1239 1199 est.
1258 1146 1388 1214 Superest
1403 1145 1575 1199 eleuterius
1589 1161 1660 1268 ¹popo
1675 1144 1708 1199 ab
1726 1145 1826 1201 Adone

1015 1231 1077 1270 curn
1094 1216 1193 1286 elogio,
1211 1234 1225 1271 a
1246 1216 1366 1271 Notlrero
1391 1224 1484 1281 arrato,
1510 1214 1561 1270 hnc
1584 1215 1628 1270 tie
1657 1216 1823 1285 collocatus,

1016 1287 1094 1355 cujus
1109 1294 1214 1342 certum
1230 1296 1271 1341 ost
1287 1288 1442 1343 Usaardnrn
1461 1303 1511 1341 nec
1527 1286 1583 1353 hic,
1606 1302 1656 1341 noc
1673 1287 1741 1342 alibi
1761 1304 1826 1344 me-

1017 1358 1138 1412 minisse.
1156 1358 1342 1427 thnrjoetando
1359 1367 1405 1413 aul
1424 1358 1580 1414 divinando
1592 1374 1646 1412 rem
1664 1374 1721 1412 non
1738 1359 1826 1415 confi·

1015 1429 1103 1484 ciani:
1125 1427 1281 1500 cujusmodi
1298 1439 1379 1497 esset,
1399 1430 1421 1483 si
1445 1428 1551 1484 Adonis
1576 1438 1682 1484 textum
1708 1441 1824 1487 eatenus

1015 1516 1169 1555 revocarem
1186 1501 1213 1554 in
1234 1501 1360 1565 dubium,
1376 1502 1465 1556 aliove
1482 1500 1563 1556 inodo
1579 1510 1736 1571 suspectam
1753 1502 1824 1558 red-

1014 1571 1105 1625 derem
1122 1572 1372 1639 annuntiationem,
1392 1573 1419 1626 in
1436 1573 1531 1626 Adone
1547 1581 1603 1628 tam
1620 1573 1693 1627 clare
1708 1590 1742 1628 ex
1766 1590 1823 1630 res·

163 1647 240 1711 socii,
257 1662 291 1699 an
307 1646 377 1697 sorte
391 1644 517 1714 quaterni
533 1643 647 1708 iruerint,
663 1660 717 1696 non
735 1643 820 1696 halreo
832 1642 958 1697 arridede·
973 1658 995 1717 Β
1013 1659 1080 1695 sam.
1099 1642 1150 1708 Qui
1169 1644 1246 1712 plura
1261 1644 1348 1713 cupit,
1366 1643 1446 1697 adeat
1463 1646 1530 1699 Acta
1549 1661 1618 1698 xxii
1642 1644 1718 1699 Maii.
1736 1663 1745 1699 r
1761 1645 1823 1701 obis

161 1717 267 1772 finiam.
284 1713 958 1784 Necdesinivitlienschenins,qniconsarcinato-
1014 1713 1130 1767 daritiam
1147 1715 1254 1768 nullum
1276 1723 1316 1768 est
1333 1715 1403 1794 quin¹
1419 1715 1571 1785 genuinum
1595 1715 1752 1771 Usuardum
1770 1716 1823 1775 hac

162 1788 200 1842 ris
230 1784 478 1857 pseudo-chronici
507 1784 634 1840 Dextrini
665 1783 829 1839 corrnnentis
863 1785 958 1856 procul

160 1857 325 1924 amandatis,
340 1863 497 1911 sanctorum
513 1862 669 1910 nostrorum
690 1855 815 1911 encomia
830 1871 864 1910 ex
879 1855 960 1911 Grae-

1014 1784 1097 1839 etiam
1113 1784 1159 1841 die
1179 1795 1479 1858 repraesentarerrmns.

893 1971 1085 2030 auersum.

195 2067 353 2122 Vonnacen.
364 2065 475 2121 mutilat
489 2064 608 2144 elogium
623 2064 782 2137 Dionysia,
797 2064 885 2136 primo
900 2064 957 2134 prai-

158 2138 217 2204 ioit‚
237 2153 322 2209 usque
337 2136 371 2193 ad
385 2136 607 2192 annuntiationis
621 2136 714 2192 frarem.
726 2136 829 2194 Caetera
838 2136 958 2209 purissi-

159 2227 221 2266 mus
239 2217 289 2264 est.

194 2282 348 2338 Pausanias.
369 2283 399 2338 in
414 2281 523 2337 Urbano
538 2298 632 2353 purus,
654 2290 743 2336 lotum
760 2280 886 2351 Dionysii
902 2281 956 2334 elc-

157 2353 233 2424 giam
249 2361 367 2409 truncat.
379 2357 460 2410 Deest
475 2355 649 2409 annuntiatio
660 2353 750 2408 tertia.
764 2353 794 2407 ln
804 2352 858 2407 fine
871 2368 957 2424 purus

155 2432 206 2480 est.

192 2495 953 2562 Mensae.ctMax.-Lnoso.,Assuras-Max.,heroam

157 2569 253 2636 Base,
264 2570 429 2634 novarias,
450 2569 549 2624 Enarro
557 2569 755 2624 Ursas-Bato.
766 2567 900 2622 omittunt
909 2584 955 2622 an·

156 2639 358 2695 nuntiationem
371 2638 539 2694 nltirnamde
548 2640 637 2694 Leone
649 2639 871 2694 Lernae-Bato.
885 2639 955 2693 rurale

134 2710 275 2765 onerans,
293 2709 431 2764 Francisci
447 2710 581 2779 stiparetur,
597 2710 687 2766 voluit
701 2708 824 2764 indicare
838 2711 954 2763 transta-

156 2780 260 2835 linirent.

191 2853 329 2908 hoswarn
357 2849 385 2906 in
401 2851 511 2908 Urbano
526 2868 620 2924 purus,
633 2851 753 2909 secundo
767 2852 828 2906 loco
839 2850 949 2906 inserit:

161 2946 171 2968 ι
186 2924 253 2978 item
268 2921 419 2978 Eleutherii
432 2939 518 2994 papae,
533 2924 580 2997 qui
593 2923 663 2979 sedit
675 2923 755 2979 annis
769 2940 807 2977 xv
822 2930 849 2976 et
863 2924 952 2992 sepul-

153 3001 198 3049 tus
213 3002 254 3049 est
265 2992 347 3064 juxta
360 2995 469 3049 Petrum
481 2997 667 3068 apostolum»
686 2994 817 3066 Sequitur
829 2995 952 3065 reliquus

152 3070 256 3121 textus.
273 3065 341 3120 Tum
358 3065 386 3120 in
402 3065 473 3122 tine:
497 3069 584 3122 «item
603 3068 631 3121 in
644 3067 788 3122 Britannia
798 3066 898 3126 insula.
915 3065 952 3121 ci·

152 3135 238 3191 vitate
252 3134 403 3206 Magidulsr,
415 3137 551 3211 depositio
562 3139 650 3194 sancti
664 3137 784 3194 Allelmi
796 3137 916 3208 episcopi
926 3145 953 3190 et

152 3208 328 3263 contessoris.
344 3209 412 3264 item
429 3210 540 3280 Sulpitii
557 3218 584 3264 et
599 3209 757 3265 Serviliani.
774 3233 783 3255 ·
805 3211 873 3265 Data
887 3216 952 3264 sunt

150 3286 351 3350 postremorum
369 3280 436 3336 Acta
451 3298 491 3336 xx
504 3281 618 3352 Aprilis.

1013 2073 1089 2120 tenas
1103 2073 1242 2136 argenteas
1257 2064 1419 2137 quindecim
1432 2066 1533 2137 posuit.
1546 2091 1554 2114 ·
1572 2067 1603 2122 ln
1614 2066 1669 2122 fine
1684 2078 1745 2125 est:
1770 2069 1820 2125 ·ln

1012 2136 1166 2204 Britannia,
1184 2137 1365 2193 hlaldnhiensi
1391 2138 1568 2205 inonasterio‚
1594 2139 1683 2194 sancti
1706 2139 1819 2196 Adelmi

1011 2207 1132 2279 episcopi
1151 2216 1178 2264 et
1194 2209 1369 2264 contessoris.
1385 2209 1488 2277 Romae,
1500 2210 1588 2266 sancti
1603 2209 1759 2266 Eleutherii
1773 2227 1819 2283 pa·

1011 2295 1051 2349 pre
1067 2289 1093 2334 et
1108 2281 1249 2352 martyris.
1264 2306 1272 2327 ι

1047 2351 1192 2407 Varronis.
1208 2369 1213 2405 :
1237 2354 1325 2406 «Item
1340 2351 1493 2406 Eleutherii
1506 2369 1590 2425 papae.
1604 2352 1655 2409 liic
1671 2353 1818 2411 constituit

1010 2432 1041 2478 ut
1056 2424 1132 2477 nulla
1146 2440 1207 2479 esca
1222 2423 1412 2495 repudiaretur
1426 2440 1441 2477 a
1464 2424 1639 2492 Christianis,
1656 2442 1717 2497 quae
1734 2425 1817 2481 ratio·

1010 2493 1080 2549 nalis
1092 2501 1119 2548 et
1134 2494 1252 2550 hurnana
1263 2502 1342 2549 esset.
1359 2494 1395 2548 Et
1408 2495 1436 2549 in
1452 2496 1595 2551 territorio
1611 2496 1738 2563 Reatino,
1754 2513 1815 2552 san·

1009 2565 1046 2646 cti
1063 2566 1181 2621 Maronis
1197 2567 1336 2638 martyris.
1353 2589 1362 2611 »
1385 2565 1521 2623 Videatur
1536 2567 1669 2624 elenchus
1693 2568 1815 2624 Praeter-

1010 2653 1169 2693 missorum.

1045 2708 1152 2763 Marma
1166 2708 1503 2767 clame-Uaramus:
1523 2735 1532 2756 ι
1552 2710 1656 2768 Urbani
1685 2727 1764 2783 papae
1787 2720 1813 2768 et

1008 2779 1147 2850 rarartyris.
1176 2780 1267 2834 hieriae
1282 2782 1374 2837 iacobi
1399 2791 1425 2838 et
1449 2781 1567 2851 Salome,
1594 2782 1726 2840 Canionis
1743 2798 1813 2837 mar·

1007 2850 1078 2920 tyris
1102 2867 1164 2905 curn
1193 2850 1251 2905 silio
1282 2853 1425 2921 (Cononis,
1456 2855 1485 2908 ni
1512 2853 1603 2920 fallor,
1630 2854 1679 2926 qui
1708 2854 1814 2910 colitur

1008 2937 1078 2975 xxix
1093 2921 1181 2989 hlaii).
1198 2923 1363 2981 Passecratis
1380 2926 1510 2996 martyris
1525 2943 1586 2981 curri
1597 2926 1689 2981 sociis.
1704 2925 1813 2996 Diony·

1007 2991 1039 3046 sii
1062 2993 1183 3064 episcopi
1204 2994 1427 3066 Mediolanensis,
1450 2995 1530 3067 cujus
1553 2996 1686 3071 reliquias
1714 2996 1813 3053 heatus

1006 3063 1171 3119 Anthrosins
1185 3067 1330 3122 exaltarit.
1347 3094 1355 3114 ·

1042 3135 1109 3190 Rae.
1124 3137 1204 3191 Susa.
1221 3137 1344 3207 signatus
1360 3154 1436 3193 num.
1455 3139 1525 3195 130:
1549 3166 1557 3187 ι
1572 3141 1608 3197 Et
1622 3139 1651 3196 in
1666 3139 1809 3195 territorio

1007 3205 1132 3273 Reatino,
1149 3209 1235 3265 sancti
1253 3210 1371 3265 hiaranis
1387 3210 1550 3281 martyris·

1040 3278 1070 3332 ln
1094 3279 1227 3334 Varruan.
1245 3297 1321 3336 nram.
1339 3280 1409 3337 5949
1424 3281 1501 3338 deest
1522 3282 1625 3350 monis,
1642 3282 1802 3354 adjectum:

186 3352 460 3407 Annonariam-hias.
484 3352 601 3408 Leonem
621 3351 769 3424 episcopam
792 3351 868 3419 iacit,
895 3346 986 3407 aso-u
1010 3348 1194 3418 «Beneventi,
1223 3353 1309 3408 sarrcti
1338 3352 1456 3408 Secunda
1487 3353 1607 3424 episcopi
1634 3364 1661 3409 et
1690 3355 1805 3411 confes-

150 3418 245 3494 ditqne
260 3422 289 3479 in
305 3423 376 3478 line:
402 3425 492 3479 «item
511 3424 538 3479 in
555 3423 698 3479 Britannia
713 3423 813 3490 insula,
833 3424 946 3479 civitate

148 3491 306 3564 Enapiduln
329 3492 382 3565 [aet
400 3494 553 3568 Magidulfi]
575 3495 710 3567 depositio
724 3494 811 3550 sancti
825 3494 946 3551 Aldelmi

148 3563 267 3635 episcopi
283 3574 309 3619 et
323 3564 497 3620 confessoris.
515 3590 524 3611 ι

183 3635 331 3690 Muraenae.
349 3635 377 3690 in
393 3636 467 3691 line:
493 3636 578 3707 21pso
592 3636 647 3703 die,
666 3645 823 3693 sanctarum
851 3639 944 3696 Marias

147 3704 240 3761 iacobi
261 3712 288 3760 et
312 3707 428 3770 Salome,
454 3707 589 3762 sociarum
606 3710 701 3765 matris
716 3708 863 3764 Domini.»
886 3711 943 3766 Alii

146 3775 287 3832 celebrant
311 3777 467 3833 earumdem
492 3780 702 3836 translationem.
731 3779 802 3838 Vide
829 3797 889 3854 qnae
909 3782 943 3839 de

146 3845 214 3919 ipsis
231 3847 362 3904 dicuntur
377 3849 406 3904 in
423 3852 626 3907 Praetermissis.

183 3919 625 3990 Unrnarecr.,Lexoes.,Asosne.
637 3930 664 3978 et
674 3924 771 3978 Dsurc.
785 3924 939 3996 incipiunt:

152 3989 257 4061 «Apud
273 3992 417 4053 Assisinm.
438 3996 582 4050 translatio
596 3994 683 4050 sancti
706 3995 843 4052 Francisci
868 3996 940 4064 (bea-

143 4060 243 4117 tissimi
255 4065 339 4135 patris
355 4066 451 4132 nostri,
470 4067 598 4138 inquiunt
614 4068 772 4122 Atarneus.
789 4075 816 4122 et
827 4069 938 4140 Deam.)

142 4146 203 4205 quaa
218 4149 290 4191 anno
303 4138 503 4193 incarnationis
513 4139 622 4193 Domini
635 4154 749 4192 aaroxxx
759 4138 810 4193 snd
820 4140 939 4196 Domino

142 4219 210 4275 papa
225 4206 356 4277 Gregorio
373 4209 410 4263 lX
424 4209 496 4264 iacta
510 4217 559 4264 est.
576 4234 585 4256 ι
603 4209 717 4265 Addunt
731 4208 814 4264 iidem
830 4210 938 4268 codices

140 4275 324 4346 (cessasses
338 4280 446 4351 excipe)
463 4280 497 4335 de
514 4280 622 4336 Urbano
638 4289 707 4352 post,
719 4282 840 4335 coronati
859 4292 935 4339 sant:

147 4369 157 4394 ‹
171 4348 220 4404 llic
230 4365 290 4420 post
301 4349 410 4406 beatum
423 4351 532 4406 Petrum
544 4358 638 4406 sextus
648 4352 782 4417 tissimus,
791 4356 936 4412 constituit

138 4425 169 4474 ut
184 4421 278 4475 omnia
292 4437 356 4476 vasa
369 4421 462 4476 altaris
473 4431 563 4477 essent
575 4439 666 4490 aurea,
681 4423 724 4478 vel
740 4434 876 4496 argentea,
893 4429 935 4483 vel

136 4491 234 4614 {altem
258 4499 403 4549 stannea.»
437 4492 522 4549 Porro
543 4511 638 4551 omnes
659 4495 804 4565 omittunt,
826 4501 935 4556 «sancti

159 4577 271 4618 eonas.»

173 4631 330 4690 Carnutes.
345 4653 351 4691 ε
377 4659 386 4682 ι
401 4636 503 4705 Romae,
516 4640 603 4695 sahmi
618 4641 720 4697 Urbani
736 4658 811 4713 papa.
824 4650 850 4698 et
863 4661 931 4699 mar-

134 4700 215 4771 tyris,
244 4703 325 4772 cujus
350 4705 475 4762 doctrina
490 4711 541 4764 snb
568 4714 756 4781 persecutione
780 4713 931 4770 Alexandri
947 4707 971 4766 D
989 4703 1117 4772 militiis

135 4770 242 4851 (multi)
255 4775 389 4853 martyrio
400 4779 521 4832 coronati
530 4782 767 4849 suntmedmani,
779 4782 851 4838 beati
868 4786 930 4842 Dio-

45 4877 50 4886 -
133 4855 207 4923 nysn
223 4857 343 4971 episcopt
355 4853 381 4899 et
393 4846 568 4926 confessoris.
580 4853 657 4924 Apud
671 4853 813 4919 Mesiam·
832 4863 929 4924 etc.,nt

132 4927 161 4968 rn
182 4920 268 4970 textu.
291 4938 300 4961 ι
330 4919 502 4974 nterrrtorio
526 4919 697 4992 Trecassino,
721 4924 808 4981 sancti
829 4926 929 4983 Leonis

130 4985 297 5042 contessoris
312 4994 339 5043 et
353 4988 493 5045 monaehi.
512 5016 521 5039 .

165 5057 344 5116 Bnuxesxen.
362 5061 470 5133 longius
491 5062 601 5121 Urbano
625 5066 744 5138 elogium
769 5069 855 5137 texit;
880 5071 926 5126 sod

128 5138 238 5199 praestat
254 5147 286 5187 ea
308 5149 342 5188 ex
365 5133 443 5189 Actis
460 5136 598 5206 cognosci.
614 5137 759 5211 loreliqno
770 5149 848 5198 textu
860 5145 925 5197 satis

128 5213 214 5281 purus
228 5210 277 5257 est.
294 5205 325 5260 In
342 5203 395 5261 fine
405 5205 498 5262 addit:
518 5208 617 5280 «Apud
625 5210 924 5278 Assisrum,translatio

127 5278 215 5326 saneta
231 5273 380 5345 Francisci,
394 5277 548 5335 fundatoris
564 5281 670 5336 ordinis
694 5282 808 5340 fratrum
836 5287 922 5342 Mino·

127 5354 201 5421 rum.¹
211 5365 220 5387 »
240 5342 405 5424 Notissimns
423 5358 462 5405 est
477 5351 536 5406 dies
551 5352 649 5409 natalis
665 5370 693 5408 rx
716 5354 851 5425 Octobris,
867 5374 921 5430 quo

126 5426 220 5466 omma
234 5418 398 5473 rernrttenda
411 5432 485 5478 sunt.

161 5482 342 5541 Haoasoras.
359 5489 413 5544 alia
432 5493 465 5548 de
484 5495 593 5552 Urbano
614 5495 843 5566 corrrminiscitur‚
874 5499 920 5555 hic

123 5556 322 5626 praetereunda.
335 5559 366 5614 ln
385 5561 434 5615 reli
457 5565 498 5620 nis
513 5584 598 5638 purus
612 5576 662 5624 est.

159 5625 395 5710 Apurcrssnpmst
416 5580 517 5712 gli‘apae
536 5648 563 5695 et
571 5641 710 5714 martyris,
727 5666 735 5687 ·
762 5641 918 5698 interserit:

128 5718 138 5743 r
156 5697 444 5760 flacieeatmrnrsterra
454 5707 548 5766 omnia
562 5722 666 5772 saerata
680 5723 816 5793 argentea,
832 5724 859 5771 et
872 5733 916 5792 pa·

1002 3420 1082 3488 seris,
1105 3421 1133 3476 in
1161 3432 1255 3478 sancta
1278 3424 1414 3496 Sophia·
1437 3425 1516 3480 llunc
1543 3425 1690 3481 Stertinium
1715 3429 1804 3483 fateor

1001 3506 1044 3544 me
1071 3493 1205 3562 ignorare.
1243 3520 1251 3541 ‹
1278 3497 1381 3563 noum,
1414 3497 1502 3551 sancti
1527 3496 1681 3552 Eleutherii
1713 3515 1802 3569 papae,

1000 3562 1047 3632 qui
1065 3563 1174 3632 prefuit
1200 3566 1328 3623 Ecclesiae
1349 3567 1430 3622 anrns
1453 3585 1500 3622 xv.
1516 3569 1551 3623 Et
1566 3569 1653 3624 sancti
1669 3567 1802 3625 Canionis

1000 3635 1160 3704 rrrartyris.·
1176 3636 1312 3694 Eumdem
1325 3639 1395 3692 torte
1409 3639 1551 3711 intelligit,
1563 3640 1609 3711 qui
1622 3640 1651 3695 in
1662 3641 1742 3696 Actis
1752 3657 1800 3713 po-

998 3704 1084 3771 nitur,
1101 3705 1245 3777 opiscopus
1261 3711 1338 3776 Aser,
1357 3717 1408 3764 etc.
1427 3709 1497 3766 Vide
1517 3711 1565 3766 ihi.

1033 3777 1212 3832 Panaenum:
1233 3804 1241 3825 ι
1255 3780 1394 3834 Florentia
1409 3780 1436 3835 in
1449 3781 1696 3851 partibus'lusciae‚
1708 3784 1800 3839 natale

997 3847 1162 3928 sanctissimi
1177 3850 1300 3918 Zenobii,
1326 3850 1446 3922 ejusdem
1462 3854 1583 3910 civitatis
1597 3853 1731 3934 episcopi,
1750 3856 1798 3938 qui

996 3915 1061 3972 dnm
1074 3929 1190 3986 vireret,
1205 3921 1273 3976 adeo
1284 3922 1342 3977 vita
1351 3931 1377 3978 et
1390 3924 1530 3980 miraculis
1539 3925 1649 3993 claruit,
1662 3935 1693 3982 ut
1706 3926 1734 3981 in
1744 3943 1797 3982 vrr-

995 3994 1053 4043 tute
1068 3998 1167 4046 sanctae
1182 3991 1325 4048 Trinitatis
1342 4005 1494 4051 mereretur
1509 3996 1566 4051 lieri
1578 3998 1663 4053 trium
1676 4005 1796 4053 mortuo-

995 4075 1055 4113 rum
1064 4063 1512 4133 srisoitatorVixitannosxc,etre
1533 4069 1620 4124 uievit
1632 4070 1660 4124 in
1671 4071 1795 4125 Domino

994 4146 1066 4186 arrno
1080 4132 1114 4187 ab
1129 4134 1318 4191 incarnatione
1336 4154 1479 4193 ccccxxxv.
1490 4085 1533 4194 AA
1547 4140 1625 4210 errius
1640 4141 1795 4197 sanctitatis

993 4205 1271 4273 continendationern
1296 4207 1361 4271 duan
1383 4226 1482 4280 corpus
1506 4211 1565 4282 ejus
1581 4212 1746 4268 transfertur
1760 4211 1794 4268 ab

991 4275 1106 4353 ecclesia
1125 4277 1211 4332 sancti
1228 4278 1381 4348 Lairrentii,
1398 4281 1443 4336 die
1457 4299 1527 4339 xxvi
1542 4284 1676 4349 ianuarii,
1694 4283 1729 4340 ad
1743 4300 1793 4340 ec-

991 4343 1101 4424 clessam
1119 4348 1249 4416 rnajorern
1267 4351 1402 4421 praedictae
1418 4353 1503 4420 urbis,
1529 4355 1660 4410 feretrum
1683 4356 1792 4411 ulmum

991 4431 1090 4496 siccam
1110 4435 1176 4474 casu
1191 4422 1291 4493 tetigit,
1308 4440 1368 4494 qnae
1394 4442 1457 4479 mox
1473 4442 1564 4481 coram
1584 4426 1718 4482 omnibus
1735 4427 1792 4482 ilo-

990 4495 1055 4542 rurt.
1066 4489 1146 4569 Apud
1159 4493 1304 4558 Assisinnn
1315 4496 1457 4551 translatio
1468 4498 1556 4553 sancti
1568 4497 1710 4553 Francisci
1725 4513 1790 4553 con·

990 4557 1110 4641 fessoma,
1124 4578 1196 4617 anno
1206 4565 1317 4619 Domini
1329 4582 1451 4623 uorraxx.
1462 4569 1726 4635 Eodemdie,sancti
1739 4569 1790 4626 Bo·

989 4630 1083 4685 miaerr
1106 4649 1191 4758 perpe.
1217 4637 1283 4690 item
1307 4639 1450 4694 translatio
1469 4640 1635 4695 sanctissimi
1654 4640 1788 4712 Stephani

1045 4772 1048 4781 Ι
1152 4720 1165 4758 a
1181 4704 1421 4779 Constantinopoli
1437 4711 1465 4765 in
1481 4712 1621 4778 Venetiae,
1637 4711 1671 4767 ad
1687 4728 1790 4767 mona-

985 4779 1097 4827 starium
1108 4779 1193 4830 sancti
1207 4776 1313 4849 Georgii
1324 4779 1445 4851 majoris,
1458 4799 1530 4838 anno
1540 4800 1625 4839 uox.»
1644 4782 1716 4838 Vide
1746 4800 1789 4839 uae

984 4841 1017 4922 de
1033 4843 1083 4899 hac
1103 4848 1281 4927 translatione
1298 4854 1518 4924 protomartyris,
1540 4871 1574 4909 an
1590 4855 1705 4911 fortasse
1719 4800 1787 4910 Ate-

982 4928 1040 5039 {rus
1055 4916 1186 4988 Stephani
1201 4919 1334 4990 iunioris,
1351 4934 1415 4993 etc,
1433 4926 1462 4980 in
1477 4926 1671 4983 Preterrnissis
1685 4926 1787 4984 dicun

997 5001 1039 5040 ur.

1016 5058 1317 5140 spinosarum-Coa.
1351 5065 1385 5122 de
1408 5069 1527 5140 Urbano,
1556 5079 1654 5143 praeter
1686 5088 1787 5129 «vasa

980 5129 1084 5210 altar-rs,
1096 5142 1160 5201 etc,
1174 5161 1182 5182 ·
1204 5136 1296 5192 addit:
1316 5137 1786 5215 1Harjnstemporecoepitecclesiaa

979 5215 1098 5282 prunum
1116 5205 1217 5275 praedia
1237 5210 1386 5280 possidere,
1404 5237 1413 5258 ι
1443 5211 1470 5266 in
1495 5215 1629 5285 Dionysio
1643 5225 1670 5272 ot
1686 5218 1785 5274 Doro-

978 5276 1144 5354 slotensrbus
1154 5278 1220 5333 satis
1232 5296 1307 5349 pura,
1321 5282 1437 5336 Leonem
1449 5285 1563 5340 omittit.
1576 5286 1654 5340 'luam
1676 5311 1685 5332 ι
1699 5290 1785 5358 Apud

976 5342 1144 5424 tissimum·
1164 5358 1228 5415 ete,
1242 5359 1272 5407 ut
1282 5354 1450 5410 Uaraarsnr.
1463 5364 1527 5426 ete,
1543 5372 1635 5429 supra.
1655 5357 1783 5416 -ilodem

975 5414 1029 5482 dre,
1046 5419 1132 5498 sancti
1150 5422 1259 5478 Adelini
1277 5423 1411 5498 [aldelmi]
1421 5426 1541 5499 episcopi
1557 5437 1584 5484 et
1599 5427 1781 5487 confessoris.

974 5485 1035 5572 Ipso
1050 5488 1104 5557 dre,
1120 5494 1264 5550 translatio
1274 5504 1429 5551 sanctarum
1440 5497 1631 5556 Varialacobi
1641 5509 1669 5555 et
1683 5501 1783 5559 Maria·

973 5556 1090 5625 balonis,
1107 5578 1230 5619 sororum
1249 5576 1349 5624 sanetae
1368 5569 1416 5622 Der
1433 5572 1574 5639 genitricis
1589 5573 1692 5629 histriae.
1706 5575 1781 5631 lteni

975 5630 1117 5709 translatio
1133 5636 1220 5690 sancti
1235 5639 1331 5696 Goaris
1347 5639 1498 5712 presbyteri
1513 5653 1542 5701 et
1565 5645 1745 5703 confessoris.
1764 5672 1773 5691 »

974 5699 1038 5755 Dra-s
1053 5705 1149 5760 natalis
1164 5716 1203 5762 est
1218 5726 1246 5763 rr
1262 5711 1348 5771 lurni.
