3834 6136
156 251 209 309 ett

156 421 238 478 quam
255 411 374 470 tempore
396 401 597 450 antecessorum
627 396 783 443 nostrorum
815 382 993 449 babuerit‚A

156 473 334 536 adauxinius;
349 476 375 522 et
389 466 470 522 etiam
484 464 569 535 ipsius
582 470 702 532 tempore
721 456 952 537 (llincinaritplus

156 564 236 619 quam
256 548 384 598 simi-enta
413 536 610 592 sttcerciinins.
633 558 641 577 ·
674 530 951 608 ildnnmstrationeip

155 634 261 691 quoque
273 612 431 686 palatinam,
447 608 528 662 etiam
538 605 626 661 inscio
639 601 951 679 aminculo,ilticonnin-

154 691 200 755 sit,
215 697 241 742 et
250 696 425 741 catantiarum
436 680 493 735 site
504 676 678 733 siiieulariutn
691 678 854 752 potestatum
870 677 951 749 ιιιιιι-

154 768 238 815 uentu
250 756 385 813 abbatiam
401 751 546 824 quamdam
564 747 653 804 eidem
673 744 805 810 contulit,
828 757 855 794 nt
871 748 952 795 tertia

154 830 308 902 protincia,
330 827 403 881 ultra
420 824 598 879 ltlienienscni
616 815 797 890 prouinciam.
815 814 882 893 Quae
896 811 951 867 dito

154 903 218 958 licet
228 909 323 957 contra
335 913 453 953 canones
463 896 704 963 laeta,propensain
719 894 809 941 tamen
821 899 850 939 iii
861 898 950 964 ipsum

154 983 180 1029 et
207 972 277 1044 regis
300 978 325 1025 ct
346 969 498 1023 :triticorum
528 965 697 1018 iotiioiamn
729 957 877 1037 ileclarant.
899 954 950 1034 Cur

154 1046 235 1100 etiam
253 1041 397 1098 accedebat
418 1037 539 1093 ecclesiae
563 1032 720 1096 necessitas,
739 1038 765 1083 ιι
783 1044 874 1152 inqpra
887 1042 951 1096 epr-

153 1117 238 1185 scopi,
255 1130 335 1184 quein
349 1118 442 1180 postea
455 1125 502 1162 iux
522 1104 646 1177 probarit
659 1103 686 1157 iii
702 1098 819 1171 spitodo,
836 1095 950 1153 inssede

154 1187 224 1241 nihil
240 1183 414 1247 lnbentibus,
429 1181 475 1252 qui
491 1179 524 1234 ad
543 1174 696 1233 clericalem
713 1170 839 1251 militiam
856 1185 883 1250 se
897 1167 950 1249 ad-

149 1257 279 1328 jungunt.
294 1257 381 1333 :ltque
392 1253 447 1323 ipse
459 1247 647 1305 liaiidiinensis
660 1246 771 1309 claiuat,
783 1259 805 1322 si
818 1240 868 1295 sibi
884 1240 951 1322 tilla

152 1329 295 1384 tustinus
308 1326 433 1394 eripitur,
458 1349 465 1367 ι
482 1339 535 1375 non
549 1319 647 1374 trabere
663 1316 734 1394 unde
747 1330 803 1394 suis
815 1312 949 1390 sufficieu-

153 1401 201 1466 tia,
216 1401 271 1453 iiiiii
287 1415 335 1451 nec
352 1394 528 1449 subsistentia
539 1392 653 1454 tribuat,
668 1395 693 1442 et
714 1386 767 1465 sibi
782 1384 816 1437 ob
839 1389 949 1463 servitia

152 1487 200 1526 sua
224 1468 375 1540 peragenda
391 1464 542 1521 necessaria
562 1467 704 1533 preparet,
720 1467 746 1512 et
762 1457 826 1511 inde
851 1462 951 1509 itinera

152 1551 206 1597 tani
218 1541 310 1598 crebra
329 1555 453 1610 peragere
465 1537 563 1598 ialeat,
582 1542 609 1589 ct
624 1531 709 1603 possit
730 1528 782 1598 regi
802 1525 950 1605 temporale

151 1613 263 1668 reddere
279 1612 433 1665 seruitium.
456 1636 464 1655 ι
493 1608 552 1674 Qua
568 1604 654 1674 iiiajor
671 1600 758 1656 rideri
774 1599 853 1653 debet
881 1612 951 1667 regis

152 1683 311 1750 liberalitas,
328 1681 375 1754 iqui
394 1681 428 1736 ad
447 1680 505 1736 bac
528 1676 621 1732 omnia
646 1672 811 1730 sufficientes
826 1676 951 1740 sumptus

150 1773 181 1810 su
204 1753 345 1823 peditatit.
665 1816 670 1825 ¹
732 1813 737 1823 υ
796 1812 822 1823 ..

184 1773 239 1881 K'ec
255 1826 307 1879 luit
320 1821 436 1895 pertiae
453 1829 574 1888 tempora
596 1831 711 1871 oniiiino
730 1812 839 1868 mutilis
857 1826 951 1889 aitin-

148 1897 222 1961 culo,
239 1913 318 1965 quem
336 1894 363 1948 iu
375 1891 502 1947 conciliis
522 1904 629 1967 semper
642 1885 790 1965 comitatus
806 1891 856 1937 est.
869 1881 950 1968 Abie-

148 1976 209 2021 rant
223 1966 333 2035 quidem
359 1961 456 2016 ilbodo
472 1960 607 2028 dogmatis
619 1956 783 2025 theologicis
798 1969 861 2009 cuin
877 1956 950 2034 bot-

149 2037 320 2092 tescbatcana
342 2031 460 2086 lectione
481 2028 687 2084 contentiones:
714 2024 759 2080 sed
782 2022 898 2080 Rolliadi
923 2029 950 2077 et

149 2108 310 2165 clericorum
329 2101 522 2159 ltbeinensiuin
534 2101 594 2154 lites
608 2097 732 2168 rigebant
744 2104 801 2150 tuni
813 2094 947 2150 inanime:

149 2181 177 2235 in
194 2179 293 2250 quibus
305 2175 372 2231 nibil
387 2171 553 2243 inimisiopis
564 2181 589 2225 et
600 2168 723 2240 obsequii
736 2176 949 2290 ariopotequam

147 2259 227 2308 antea
248 2267 263 2304 a
283 2246 400 2304 tuntum
419 2260 526 2315 sperare
551 2241 666 2296 debebat
691 2240 861 2318 auunculus
885 2239 950 2292 'rac-

149 2331 248 2378 tuntem
263 2321 345 2389 igitur
355 2318 412 2372 buc
423 2315 530 2385 negotia
540 2315 712 2368 educatorem
723 2327 802 2365 souin
816 2317 949 2374 imitatus,

148 2386 282 2450 ‹irrinibns'
293 2390 362 2447 actis
372 2387 532 2457 subscripsit
546 2405 551 2440 ;
566 2400 682 2455 cunique
699 2390 790 2454 postea
801 2381 876 2434 colei
886 2388 950 2434 itate

146 2466 232 2521 anitiii
248 2461 392 2535 processit,
410 2468 437 2512 tit
453 2456 583 2527 linceius
597 2453 703 2526 judicia
716 2453 774 2508 risu
805 2466 949 2523 proseque-

149 2545 234 2596 retur,
247 2544 277 2588 ιιι
292 2532 378 2587 asecle
391 2547 405 2583 a
418 2528 542 2583 iustolica
558 2527 681 2591 rescissa,
691 2523 809 2594 subjecit
819 2522 949 2578 audacter

147 2604 326 2662 llbeinensis:
345 2624 357 2651 o
371 2601 397 2653 Si
421 2618 469 2653 iaec
480 2598 560 2664 dicis,
578 2614 632 2652 non
654 2613 696 2651 me
713 2603 830 2660 tantum,
851 2593 898 2649 sed
921 2600 948 2665 et

146 2676 280 2748 plurimos
295 2672 475 2746 plurimarum
506 2669 701 2723 irorinciaruin
718 2666 870 2738 episcopos,
892 2663 948 2719 imo

146 2754 172 2800 ιι
188 2746 317 2815 teipsum,
331 2743 403 2811 qued
416 2757 470 2795 non
488 2760 495 2794 ι
508 2757 616 2808 enegas,
632 2739 697 2808 quia
707 2747 733 2792 ιι
744 2737 877 2807 denegare
892 2751 947 2791 non

145 2823 231 2888 potes,
255 2812 477 2889 comparticipem
508 2812 536 2864 in
556 2809 686 2864 omnibus
708 2808 815 2879 judicio
841 2814 946 2873 nostro,

145 2886 314 2942 mendaciter
329 2884 448 2952 impetis,
466 2897 520 2933 non
536 2880 633 2934 ridens
646 2895 700 2949 quo
713 2888 739 2933 te
749 2880 845 2949 laqueo
860 2885 948 2932 stran-

145 2958 249 3030 gules.»
268 2957 302 3010 Et
317 2953 472 3024 exquessius
486 2950 566 3017 alibi,
582 2950 615 3004 dc
628 2948 743 3004 liotbadi
755 2948 872 3018 judicio,
888 2949 947 3002 sive

145 3030 246 3111 potius,
259 3034 289 3082 ut
306 3042 354 3095 ego
375 3025 549 3094 interpretor,
566 3021 599 3076 do
614 3018 808 3091 subrogatione
831 3019 946 3074 alterius

640 238 842 294 attestantis
863 229 1105 290 liAUDUNENSlS
1124 227 1324 287 EPISCOPUS.

1754 216 1804 275 ets

1009 397 1082 436 inurn
1094 381 1240 435 admonere
1250 378 1307 433 bac
1316 375 1369 432 sibi
1383 375 1469 430 solere
1480 388 1495 427 a
1505 368 1709 452 muttislobjiei,
1720 367 1806 449 «quoti

1008 461 1046 521 tc,
1062 453 1162 524 inquit,
1184 458 1308 524 nepotem
1323 463 1424 513 meniu,
1440 444 1524 517 gratia
1535 448 1755 523 propinquitatis
1766 457 1805 522 ιι·

1008 523 1179 579 dinarerim:
1196 522 1258 592 quia
1273 522 1365 583 talem,
1380 519 1451 572 sicut
1466 524 1492 570 et
1506 522 1601 570 contra
1617 513 1725 570 ditiuae
1737 511 1806 568 ordi·

1008 596 1129 651 nationis
1141 593 1359 664 dispositionem,
1371 599 1395 643 et
1408 596 1502 644 contra
1517 602 1620 656 regem,
1635 595 1662 641 ιι
1673 599 1803 664 ergarus,

1008 675 1033 722 et
1048 684 1110 737 erga
1123 666 1272 723 Ecclesiam
1283 663 1332 719 tibi
1348 661 1532 727 commissarii,
1553 665 1579 712 et
1595 673 1657 727 erga
1674 655 1807 728 plurimes

1007 740 1076 794 alios
1091 738 1203 792 allectus
1229 753 1268 802 es,
1292 734 1449 804 episcopum
1474 726 1701 785 ordinaverim.»
1732 725 1808 792 Quod

1007 825 1162 882 quanquam
1191 815 1216 864 et
1241 823 1273 861 eo
1289 807 1359 869 loco,
1383 813 1411 860 et
1438 801 1510 874 apud
1541 798 1705 879 pontificem
1722 798 1807 869 ipsum

1006 891 1118 949 cogatur
1133 895 1275 942 excusare,
1292 876 1444 932 burrianum
1472 881 1564 952 lernen
1580 869 1691 951 aliquid
1718 885 1809 949 passus

1007 952 1126 1020 ridetur,
1142 961 1172 1006 ut
1186 966 1294 1006 carnem
1307 947 1397 1018 potius
1412 954 1439 1000 et
1449 959 1613 1014 sanguinem
1629 958 1659 997 m
1685 958 1718 1022 ea
1732 941 1809 998 ordi-

1007 1024 1126 1087 natione,
1142 1039 1224 1093 quani
1238 1020 1286 1076 liei
1303 1019 1422 1074 rationes
1434 1022 1580 1088 spectaret,
1597 1022 1624 1068 ιι
1648 1028 1807 1085 episcopum

1006 1102 1187 1160 consecraret,
1204 1110 1258 1147 nori
1274 1088 1541 1160 irreprebensibilem,
1560 1086 1608 1142 sod
1623 1092 1765 1155 nepotem.

1042 1168 1172 1221 Personas
1186 1172 1275 1218 autimi
1292 1161 1391 1232 quibus
1406 1158 1608 1229 sempiternum
1631 1155 1737 1212 bellum
1767 1158 1806 1215 in·

1006 1239 1071 1293 tulit
1092 1237 1236 1291 bominum
1259 1230 1525 1313 importunissimus,
1548 1227 1632 1283 niodo
1649 1226 1809 1307 'didicimus

1006 1326 1040 1364 ex
1052 1308 1200 1372 avuncule,
1215 1321 1282 1377 quas
1297 1303 1417 1359 instituti
1434 1301 1521 1357 nostri
1536 1308 1579 1356 est
1594 1297 1696 1356 ordine
1713 1316 1808 1370 specu·

1006 1380 1066 1436 lari.
1079 1380 1187 1435 Primus
1202 1377 1359 1432 nominatus
1372 1382 1412 1430 ιιι
1429 1373 1478 1429 r'ex
1500 1372 1627 1440 Carolus,
1644 1388 1702 1427 uon
1719 1388 1808 1443 causa,

1006 1453 1053 1508 sed
1080 1458 1230 1523 praetentus
1255 1456 1282 1503 ct
1307 1446 1412 1503 occasio
1433 1444 1603 1516 jurgiorum.
1620 1445 1648 1500 ιι
1673 1459 1730 1499 ιιι
1752 1452 1807 1501 mm

1006 1540 1066 1587 sue,
1103 1540 1163 1577 uam
1175 1530 1330 1590 temporum
1345 1518 1415 1572 sitio
1424 1517 1560 1589 palatinos
1571 1516 1677 1572 sorices
1686 1515 1808 1571 ecclesia·

1007 1596 1074 1651 stica
1082 1540 1160 1649 diona
1172 1591 1348 1648 corrodentes
1362 1588 1417 1659 pati
1443 1587 1602 1659 cogebatur,
1620 1587 1810 1643 obnitentibus

1006 1675 1103 1722 contra
1116 1663 1261 1736 episcopis,
1279 1671 1306 1717 et
1320 1660 1448 1717 Ecclesiae¹
1458 1659 1809 1730 irririiunitatem‚patrimo

965 1741 989 1802 Β
1004 1739 1050 1793 nia
1061 1753 1221 1809 pauperum,
1239 1734 1325 1806 pretia
1340 1740 1513 1804 peccaterum
1542 1731 1657 1787 fortiter
1686 1737 1714 1786 et
1729 1747 1809 1802 gene-

1006 1826 1066 1866 rose
1076 1826 1088 1863 i
1097 1807 1292 1864 indicantibus.
1304 1803 1473 1861 llictitabant
1489 1819 1532 1859 res
1544 1802 1750 1859 ecclesiasticas
1758 1803 1808 1876 epi-

1006 1897 1050 1936 sce
1072 1881 1161 1935 iorum
1187 1880 1215 1934 in
1234 1878 1305 1948 regis
1320 1892 1377 1931 esse
1392 1883 1523 1946 potestate
1546 1882 1577 1931 ut
1602 1889 1650 1930 cas
1666 1874 1809 2000 largiretur

1005 1952 1039 2007 ad
1054 1899 1180 2006 fibituin:
1195 1950 1223 2004 bi
1234 1963 1373 2004 sacrorum
1389 1948 1525 2003 bonorum
1539 1962 1704 2016 pervasores
1725 1946 1807 2015 ιιιιι,

1005 2022 1160 2093 sacrilegos,
1177 2036 1326 2091 pauperum
1351 2027 1490 2075 necatores
1511 2034 1570 2074 esse
1584 2017 1767 2074 clamabant:
1784 2025 1808 2075 ct

1005 2095 1134 2151 Carolurn
1163 2094 1317 2148 blarteltum
1336 2091 1405 2145 tanti
1431 2089 1567 2156 sacrilegii
1583 2097 1733 2147 auctorem
1759 2089 1807 2146 boc

1005 2166 1181 2221 solenouiine
1191 2160 1632 2220 aeterniscruciatibusaddictum
1642 2161 1807 2221 asserebant.

1042 2238 1083 2290 Ex
1100 2236 1144 2291 bis
1161 2236 1294 2305 originem
1311 2233 1393 2289 duxit
1408 2234 1511 2288 belluni
1529 2234 1563 2289 ab
1579 2233 1807 2289 llincmarobsit·

1006 2308 1122 2363 dunensi
1139 2316 1234 2363 contra
1247 2307 1375 2363 Curetum
1387 2320 1476 2375 regem
1489 2306 1637 2376 regiosque
1648 2313 1806 2378 purpuratos

1006 2387 1082 2433 tanto
1098 2379 1220 2434 tumultu
1230 2387 1346 2450 gestum.
1360 2376 1515 2447 inspeciem
1530 2375 1641 2448 justum
1654 2393 1703 2447 pro
1714 2377 1806 2432 tuenda

1005 2451 1134 2506 Ecclesia
1148 2450 1282 2505 libertate.
1294 2449 1346 2505 Sed
1363 2451 1547 2520 interestque
1566 2449 1634 2519 quis
1652 2448 1748 2505 auimo
1773 2448 1805 2503 ta·

1004 2523 1067 2588 ciat,
1084 2537 1234 2593 quousque
1254 2520 1444 2592 progrediatur
1460 2538 1466 2583 ;
1483 2528 1511 2574 et
1521 2519 1631 2574 bonum
1652 2519 1725 2576 bene
1738 2520 1802 2646 ageri

1001 2592 1100 2664 jubent
1116 2594 1260 2664 sapientes.
1276 2593 1384 2648 Primus
1397 2608 1571 2663 congressus,
1591 2607 1677 2664 quern
1700 2592 1746 2664 qui
1766 2607 1803 2647 ent

1004 2672 1201 2721 commemorat
1214 2665 1339 2730 blstoria,
1355 2665 1408 2719 luit
1422 2679 1493 2718 anno
1506 2662 1571 2729 808,
1581 2661 1612 2719 in
1629 2662 1803 2736 placitoque
1826 2685 1835 2719 i

1004 2735 1065 2791 dani
1089 2736 1117 2791 iu
1143 2736 1200 2807 ipsa
1216 2736 1390 2790 laudunensi
1407 2733 1547 2806 parocbia,
1564 2734 1617 2790 ubi
1630 2751 1718 2791 ceusu
1733 2733 1803 2791 nebu

1004 2807 1153 2878 incognita,
1174 2834 1182 2853 ·
1200 2808 1280 2863 initio
1292 2806 1460 2873 rationabili,
1474 2805 1583 2862 scilicet
1599 2805 1690 2863 sacris
1706 2804 1802 2878 legibus

1004 2894 1058 2933 non
1085 2878 1235 2947 contrario,
1255 2885 1282 2933 et
1303 2878 1445 2949 aliquanto
1471 2891 1631 2950 progressu,
1656 2877 1724 2950 quia
1745 2893 1800 2934 cun

1002 2949 1141 3004 audientia
1155 2951 1245 3020 episeo
1266 2949 1313 3016 ali,
1329 2959 1356 3004 et
1371 2966 1425 3003 non
1442 2948 1470 3003 in
1494 2949 1554 3003 loco
1597 2949 1706 3018 oblim,
1721 2947 1796 3006 sediti

1002 3019 1119 3091 priuato,
1136 3028 1163 3075 et
1180 2967 1309 3076 lanidimi
1321 3021 1547 3092 exainineciepta
1586 3020 1686 3087 iscoti,
1701 3020 1799 3077 »ιιιιι-

143 3118 172 3156 ιιι
188 3100 246 3171 ejus
257 3096 375 3170 depositi
388 3097 489 3160 locum,
510 3102 573 3148 ante
588 3107 697 3147 causam
714 3089 878 3218 appellantis
895 3091 945 3146 llo·
958 3091 981 3151 C
996 3100 1077 3162 pente
1092 3092 1224 3148 buidonis
1240 3092 1315 3146 lilius
1335 3092 1406 3157 tsine
1428 3091 1547 3147 carnalis
1563 3101 1631 3148 aute
1643 3093 1796 3149 clericatum

144 3188 197 3227 niae
213 3175 366 3237 comittem:
396 3169 454 3222 «lle
468 3164 584 3237 eoquod
601 3163 670 3219 dicis
687 3163 720 3219 de
742 3161 867 3225 lotbado,
879 3161 944 3233 quia

143 3244 171 3299 iii
188 3243 246 3313 ejus
269 3239 439 3312 depositione
459 3254 513 3292 non
534 3234 706 3300 consensisti,
727 3232 944 3304 subscriptiones

143 3323 199 3370 tum
216 3331 312 3369 manus
324 3311 439 3382 propriae
452 3323 478 3365 te
490 3306 724 3364 ιιιίιιιιιιιιλίιιιι
738 3305 811 3360 enini
826 3304 889 3360 inde
901 3303 944 3375 egi

144 3386 217 3458 qnod
235 3402 339 3441 inceuin
357 3401 412 3437 non
427 3383 528 3450 egerim
545 3378 615 3435 nibil
632 3375 782 3449 subscripsi
798 3376 872 3447 quod
888 3392 943 3431 nou

143 3456 337 3527 subscripseris
350 3474 356 3520 ;
371 3453 539 3508 lialieoenini
555 3453 618 3506 illas
634 3450 705 3521 ipsas
717 3464 814 3503 manus
829 3456 881 3501 tuae
893 3446 943 3501 sub

144 3530 314 3599 scriptiones.
333 3550 340 3571 ι
379 3528 540 3592 Quanquam
566 3529 592 3575 et
613 3520 647 3576 de
663 3520 769 3591 synodo
785 3517 906 3572 Tullensi
924 3535 944 3573 u

143 3600 215 3668 apud
229 3599 374 3650 Tusiacnni
397 3600 532 3647 certantes
554 3591 640 3645 uisuri
661 3606 765 3654 sumus,
789 3590 943 3643 alliriiiante

144 3667 251 3722 seniore
269 3664 383 3743 prolixae
398 3679 453 3716 sua
464 3662 588 3732 epistotae
599 3660 785 3730 subscriptum
796 3676 811 3711 a
826 3675 942 3737 praesen·

144 3737 218 3791 tibus
236 3736 331 3800 titisse,
347 3742 460 3802 iirgaiito
476 3739 573 3801 nepote
592 3730 672 3784 alteri
684 3746 712 3784 se
724 3729 865 3800 subscrips
876 3729 941 3797 isse,

144 3824 225 3879 qnam
241 3806 318 3862 broii
334 3804 443 3860 cuidam
459 3801 627 3866 collectioni,
649 3816 704 3854 non
715 3799 748 3852 ab
764 3799 941 3869 ipsoconlec·

143 3885 188 3933 ιιι.
201 3880 258 3943 Qua
271 3879 299 3931 in
315 3892 353 3940 re,
367 3881 397 3927 ut
412 3873 546 3938 dicemus,
558 3888 621 3925 cuin
636 3886 664 3924 se
678 3871 706 3924 iri
718 3877 822 3939 partein
834 3869 941 3949 Lugdu-

143 3949 269 4003 nensium
286 3943 438 4000 lacileduei
457 3942 591 4013 permisit,
614 3940 752 3995 avunculo
767 3940 796 3994 in
812 3940 941 3997 omnibus

143 4019 342 4089 oppositorum,
359 4022 461 4086 quanta
475 4012 557 4067 luerit
567 4011 653 4067 animi
670 4011 791 4079 leuitate,
804 4028 940 4084 quamque

142 4106 237 4218 parum
254 4095 381 4144 constans
391 4086 419 4139 in
432 4085 562 4141 avunculi
577 4082 700 4142 amicitia
714 4091 741 4139 et
755 4082 939 4153 obseruantia,

162 4168 329 4216 emoiistrare
344 4157 467 4228 incoepit.

502 4302 516 4372 ξ
536 4303 584 4359 ιιι.

176 4404 301 4464 Nondum
319 4407 425 4457 trintum
443 4401 537 4455 obtuta
554 4401 657 4456 odeum
672 4401 784 4471 predum
803 4399 938 4455 evertisset

141 4495 198 4547 repe
215 4476 312 4602 quote
334 4491 430 4545 possita
458 4472 598 4543 injuriari,
625 4472 759 4528 arabilium
783 4472 879 4542 occipit
904 4471 938 4526 eb

141 4565 245 4603 aitiiiicii
260 4566 284 4601 e.

178 4663 315 4716 Hactenus
329 4661 433 4715 dictum
451 4669 481 4714 ut
502 4659 686 4730 deepiscopo,
707 4674 742 4714 eit
766 4658 940 4713 institutione

143 4733 283 4787 Hiucinari
295 4731 456 4786 ltbeniensis
466 4732 576 4796 educto,
594 4747 667 4784 nunc
679 4737 708 4784 ot
724 4730 758 4784 de
782 4730 900 4800 procella
913 4736 939 4784 et

141 4809 301 4874 tempestate
312 4802 437 4872 pluribus
451 4803 586 4872 agendum
601 4808 651 4856 cst.
669 4800 696 4854 Si
718 4817 780 4854 rere
791 4818 818 4854 sa
841 4801 938 4856 iciiter-

141 4891 193 4948 que
208 4873 312 4929 dictum
327 4880 368 4927 est
384 4874 462 4939 olim,
476 4872 559 4927 ritam
575 4871 720 4926 boinimun
730 4871 807 4941 quasi
817 4818 938 4928 dibulani

140 4962 207 5013 esse,
231 4946 352 5016 prolecto
369 4944 526 5012 tragediam
543 4943 614 4998 uiuit
630 4942 802 5008 lliucniarus,
828 4960 843 4997 a
869 4942 938 4998 laetis

139 5017 229 5072 initiis
245 5034 291 5088 per
307 5017 492 5071 turbulentam
509 5014 633 5093 epitasiin
663 5013 691 5068 in
708 5015 843 5069 luiiestam
858 5021 938 5069 cata-

139 5090 268 5160 stropben
287 5089 442 5144 iterolutns.
468 5086 544 5142 Nibil
560 5086 660 5157 quippe
684 5085 736 5140 luit
753 5085 805 5142 boc
831 5085 936 5156 ceppbo

139 5160 237 5225 leuius,
246 5161 316 5216 nibil
333 5160 385 5215 boc
395 5161 492 5215 l'roteo
499 5157 670 5222 mutabilius,
681 5157 752 5211 nibil
764 5158 877 5213 lsinacte
888 5156 933 5211 tali

138 5234 299 5302 pugnacius.
324 5232 369 5303 qui
390 5232 576 5302 episcopatum
600 5228 807 5296 desideraverit,
840 5229 936 5283 boumn

137 5318 211 5371 epus,
219 5314 348 5375 tanquam
361 5311 497 5372 patentem
508 5300 641 5356 libertatis
647 5300 935 5372 campuin,impatiens

137 5377 247 5428 sessoris
263 5377 398 5446 equulus:
420 5383 549 5447 tanquam
564 5373 702 5429 tbeatrum
716 5380 743 5427 ιι-
760 5372 864 5442 glorie,
877 5387 933 5426 ain·

135 5439 250 5497 bitionis
266 5448 453 5517 mancipium:
485 5454 616 5517 tanquam
654 5460 766 5500 auream
805 5458 931 5509 inessent,

135 5525 234 5566 auarus
256 5523 282 5568 ιι
311 5517 389 5588 inops
407 5520 525 5573 animus.
547 5516 637 5572 Fateri
659 5516 769 5570 tandem
784 5513 933 5583 aliqnando

134 5591 245 5660 coactus
262 5594 302 5639 est
312 5591 475 5656 auunculus,
488 5605 637 5669 praecocem
654 5587 737 5642 luisse
750 5584 773 5656 ej
779 5603 809 5640 us
823 5585 932 5640 ordina·

134 5659 250 5722 tionem,
263 5664 291 5711 et
302 5657 432 5727 juvenem
447 5678 494 5740 qiu
508 5675 603 5716 cetera
617 5660 674 5729 tege
694 5676 709 5712 a
731 5658 766 5713 ud
790 5674 818 5714 se
841 5656 931 5712 noluit

131 5723 276 5803 prolicere,
298 5730 412 5785 crudam
437 5739 568 5788 virtutem
585 5730 615 5787 in
637 5746 690 5787 saec
723 5746 769 5786 uin
792 5736 819 5784 ιι
833 5726 932 5786 mundi

132 5793 280 5855 illecebras
291 5798 456 5872 propulisse,
476 5810 508 5857 ιιι
524 5816 634 5860 necesse
653 5799 782 5857 habuerit
794 5799 829 5858 ad
842 5806 929 5856 extre-

998 3170 1151 3232 susceptus,
1173 3163 1231 3216 siie
1246 3163 1390 3232 spiritatis,
1413 3162 1653 3234 quemadmodum
1674 3170 1702 3219 ιι
1718 3164 1796 3221 ltine-

999 3250 1105 3289 uiarum
1122 3234 1211 3306 ipsum
1228 3233 1437 3290 laudunensem
1460 3234 1628 3291 llbeiuensis
1643 3234 1737 3292 filiuni
1752 3251 1797 3307 ap-

999 3306 1100 3376 pellare
1129 3306 1211 3367 solet)
1239 3304 1273 3359 ad
1299 3321 1388 3377 regem
1416 3305 1524 3361 accedit
1555 3307 1690 3378 supplex,
1720 3305 1796 3380 deque

998 3385 1132 3446 praesente
1148 3376 1295 3432 llineiiiaro
1305 3375 1494 3448 conqueritur,
1511 3376 1588 3450 quod
1598 3376 1738 3434 cumdato
1747 3392 1796 3433 iun·

999 3464 1064 3503 nere
1077 3448 1215 3520 patrissui
1229 3447 1394 3504 beneticium
1414 3448 1448 3502 ab
1465 3448 1525 3518 ipso
1544 3448 1737 3520 impetrasset,
1755 3448 1795 3505 ilio

998 3518 1098 3575 deinde
1117 3536 1164 3590 per
1177 3518 1307 3589 injuriam
1324 3519 1358 3574 ab
1379 3518 1474 3575 ecdem
1503 3518 1633 3591 priuatus
1657 3520 1796 3587 luissetst

998 3593 1137 3646 exclusus.
1152 3592 1217 3645 Erat
1234 3598 1263 3645 ut
1278 3606 1417 3646 summum
1433 3606 1465 3646 ea
1481 3590 1582 3647 levitas
1599 3592 1736 3650 indecora
1743 3589 1796 3665 epi·

998 3677 1080 3731 scopo
1097 3666 1171 3730 (nam
1189 3662 1222 3716 de
1233 3661 1296 3716 dato
1307 3669 1471 3734 acceptoque
1484 3662 1600 3726 exenio,
1617 3663 1731 3721 nullum
1741 3671 1795 3719 tunc

995 3730 1129 3802 jurgium,
1145 3732 1218 3803 quod
1236 3740 1328 3788 tarnen
1344 3732 1462 3789 interius
1473 3733 1658 3791 revocabitur
1673 3734 1708 3793 ab
1721 3749 1792 3791 arnu-

997 3803 1084 3871 culo).
1103 3805 1140 3858 At
1162 3819 1209 3858 rea
1232 3803 1322 3860 subita
1350 3804 1391 3858 ira
1413 3803 1618 3874 inflammatus,
1633 3807 1712 3865 ultra
1725 3819 1793 3880 quatu

997 3890 1039 3928 ιιι
1050 3884 1180 3944 posceret,
1194 3875 1370 3946 infrequenti
1389 3890 1534 3946 procerum
1557 3874 1794 3937 coronacottriciit

997 3952 1024 3999 et
1037 3945 1193 4015 opprobriis
1206 3946 1346 4001 bominem
1358 3946 1502 4018 proscidit,
1522 3963 1586 4019 quae
1613 3965 1669 4009 nec
1694 3965 1709 4006 e
1728 3950 1790 4006 isce-

996 4017 1182 4087 penitudine,
1199 4034 1249 4072 nec
1270 4034 1359 4088 regern
1376 4017 1467 4074 dicere
1481 4020 1663 4077 conueniret.
1686 3966 1793 4078 Adiuro

996 4096 1164 4143 cointiiotuui
1180 4088 1264 4143 luisse
1279 4088 1420 4159 oportuit:
1437 4104 1597 4170 quanquam
1609 4103 1639 4147 ιι
1653 4091 1792 4149 nummio

995 4159 1113 4226 eruebat,
1129 4158 1239 4214 Parduli
1254 4160 1355 4214 ueteris
1376 4160 1457 4215 amici
1481 4160 1728 4219 archidiaconum.
1741 4159 1790 4218 Erit

995 4231 1042 4300 qui
1059 4230 1515 4305 reinaltiusspeculatussimonia
1535 4232 1648 4290 crimen
1663 4234 1699 4291 ab
1709 4231 1791 4291 beuri-

994 4300 1077 4356 nibus
1101 4301 1327 4372 praetermissum,
1343 4319 1358 4357 a
1372 4304 1430 4359 Deo
1454 4302 1481 4359 in
1498 4303 1641 4362 Luidonis
1670 4305 1738 4375 etio,
1750 4318 1789 4376 ptr

994 4373 1164 4443 episcopum,
1182 4372 1209 4426 in
1233 4373 1360 4444 episcopo
1385 4390 1432 4445 per
1457 4389 1561 4445 regem,
1580 4376 1717 4447 pnitituin
1740 4388 1789 4431 ιιιι

953 4456 977 4515 1)
994 4443 1152 4499 arbitretur.
1167 4443 1228 4499 Non
1245 4445 1320 4500 enini
1336 4444 1381 4501 bic
1396 4446 1474 4501 stetit
1498 4445 1572 4572 regis
1595 4447 1726 4505 offensio.
1748 4445 1788 4503 Si·

996 4513 1107 4585 quidem
1124 4514 1272 4571 lliucinaro
1285 4515 1450 4582 ιιιιιιιιιίιιιι,
1466 4532 1521 4590 quo
1558 4516 1592 4573 ad
1613 4532 1787 4585 caosassnas,

997 4585 1049 4641 boc
1064 4593 1113 4641 est.
1130 4585 1164 4641 ad
1179 4588 1308 4642 saeculare
1323 4586 1446 4642 tribuual
1461 4604 1490 4643 se
1504 4587 1628 4659 sisteret,
1639 4590 1707 4647 lacti
1723 4588 1789 4645 illius

995 4656 1037 4735 sui
1054 4656 1370 4714 rationeinredditurns.
1397 4659 1566 4716 Excusantis
1590 4676 1641 4734 per
1665 4659 1787 4719 Ecclesia

992 4743 1065 4800 iura,
1079 4736 1105 4784 et
1122 4728 1343 4786 necadrocatum
1357 4746 1406 4800 pro
1421 4747 1449 4785 se
1467 4730 1608 4788 mittentis
1619 4731 1694 4789 bona
1705 4730 1790 4788 emma

994 4800 1157 4870 proscribit:
1176 4816 1223 4871 per
1237 4801 1432 4857 cancellarium
1447 4800 1541 4874 palatii
1564 4810 1644 4861 vetat
1667 4802 1789 4861 subdito·

994 4886 1055 4925 ruin
1068 4887 1232 4944 quemquam
1249 4873 1363 4928 domino
1378 4888 1427 4929 suo
1441 4873 1533 4944 episco
1554 4890 1571 4929 o
1586 4876 1681 4932 ullum
1696 4873 1788 4931 debita

992 4942 1136 5022 servitutis
1148 4944 1312 5015 obsequium
1326 4944 1432 5000 deterre
1448 4961 1454 4998 :
1473 4889 1606 5018 quodque
1617 4958 1787 5019 supraemos

993 5013 1159 5094 propudium
1170 5024 1222 5082 est,
1241 5013 1381 5141 pudicium
1407 5013 1477 5070 illud
1497 5030 1546 5087 per
1570 5015 1693 5075 infames
1712 5015 1788 5075 sacris

991 5084 1167 5165 prolenisque
1187 5087 1239 5157 legi
1261 5104 1292 5142 ns
1303 5101 1432 5158 personas
1446 5093 1568 5154 exercet,
1578 5102 1656 5217 lquas
1673 5088 1787 5147 liberiet

991 5173 1049 5211 sant
1064 5157 1162 5227 capiitis
1181 5157 1242 5213 laici
1260 5158 1359 5214 merito
1379 5165 1559 5215 recusassent.
1604 5175 1677 5234 eque
1704 5168 1787 5217 tamen

990 5227 1065 5284 cinni
1083 5230 1164 5300 culpa
1191 5229 1243 5284 boc
1271 5229 1300 5285 in
1320 5229 1430 5301 negotio
1444 5245 1556 5286 ιιιιιιι
1579 5229 1785 5290 canoniensis

989 5299 1167 5379 Hincinaruin
1185 5300 1342 5373 colligimus
1359 5318 1393 5357 ex
1409 5300 1570 5369 Rbemensi,
1588 5302 1626 5360 ad
1646 5303 1736 5386 ipsunt
1753 5302 1786 5359 lta

989 5371 1142 5427 scribente:
1163 5372 1251 5427 «Post
1270 5372 1339 5438 baec,
1355 5388 1430 5428 ruere
1457 5380 1510 5429 tuae
1540 5372 1738 5433 instabilitatis
1758 5387 1785 5429 ac

989 5441 1191 5523 inconstantia,
1209 5453 1304 5500 contra
1319 5442 1452 5501 domnum
1474 5460 1566 5526 regern
1586 5445 1619 5502 in
1640 5454 1748 5504 tantuin
1762 5450 1786 5499 ιι

987 5530 1046 5568 siue
1077 5523 1182 5571 ratione
1210 5517 1408 5572 contumaciter
1439 5516 1552 5574 erexisti
1557 5560 1612 5573 .....
1651 5519 1725 5577 unde
1762 5520 1786 5570 et

987 5584 1096 5664 scriptis
1112 5597 1138 5641 et
1158 5587 1249 5642 serbis
1262 5605 1310 5660 pre
1327 5597 1352 5644 ιι
1362 5595 1486 5661 satagetis
1497 5588 1580 5647 illum
1594 5589 1651 5648 tibi
1665 5585 1782 5651 reconci-

987 5655 1085 5715 lieri.»
1104 5657 1182 5725 Quod
1198 5659 1236 5715 ita
1250 5668 1355 5732 gestum
1369 5669 1421 5718 est.

1021 5728 1092 5785 Acce
1114 5737 1169 5787 ιιιιι
1179 5746 1195 5787 a
1207 5746 1270 5806 rege
1277 5730 1408 5805 injuriant
1418 5731 1587 5793 Hincntttrtts
1595 5728 1785 5793 metronis

985 5814 1075 5857 eunuc
1106 5800 1278 5860 eltbeinensi
1291 5819 1339 5876 per
1348 5802 1454 5865 litteras
1464 5802 1617 5883 signiaco,
1627 5821 1687 5864 non
1696 5812 1784 5864 tatum
