3834 6136
124 210 177 271 863

635 201 764 260 cellola
784 200 891 259 CALVI
912 201 1128 260 FRANCORUM
1148 199 1251 258 REGIS

1728 197 1781 255 titii

125 359 264 435 synodum
276 355 493 414 'venerabilium
500 353 743 427 episcoporum,ac
750 361 918 410 conventum
933 352 1146 421 Asententiam,
1174 359 1202 408 et
1226 349 1386 408 secundum
1414 349 1487 420 leges
1514 364 1546 404 au
1564 346 1691 420 capitula
1709 348 1782 420 regia

125 452 249 509 fidelium
273 456 430 505 nostrorum
445 445 518 518 apud
533 445 702 502 Carisiacum
717 443 834 500 fecimus
849 459 922 499 con·
977 441 1115 498 emendari
1137 449 1249 514 cogetur
1271 448 1299 496 et
1318 438 1470 496 secundum
1491 436 1629 510 judicium
1658 435 1780 496 fidelium

125 541 229 597 venire.
246 538 314 598 Cum
330 537 440 609 quibus,
456 536 528 591 inter
542 532 833 591 ceteraecclesiastica
847 531 921 586 utili·

124 630 190 687 tatis
212 645 244 684 ac
262 627 338 699 regni
357 623 528 682 necessitatis
549 623 659 696 negotia
675 620 921 688 consideravimus,

125 718 245 792 qualiter
259 716 372 787 rapine,
387 721 414 771 et
427 712 665 786 depopulationes,
680 727 740 784 quae
758 712 858 783 partim
872 725 924 764 oc-

125 806 235 865 casione
254 803 501 877 superirruentium
518 817 696 874 paganorum,
712 799 813 873 partim
829 797 924 854 mobi-

125 895 203 952 litate
216 892 397 968 qucrumdam
410 891 534 948 fidelium
550 899 708 947 nostrorum
723 889 752 944 iii
771 903 854 959 regno
869 902 925 941 no·

125 993 194 1053 stro,
213 1001 261 1057 per
274 1000 321 1040 eos
335 983 418 1039 etiam
434 981 482 1055 qui
496 979 648 1038 Ecclesiam
669 978 719 1034 Dei
739 975 884 1033 defendere
898 984 925 1032 et

126 1075 208 1143 tueri,
229 1082 256 1130 et
282 1074 357 1145 regni
385 1070 554 1128 soliditatem
578 1077 606 1125 et
629 1067 749 1142 quietem
774 1065 926 1122 debuerant

127 1163 282 1235 providere,
304 1170 469 1233 grassantur,
487 1159 582 1233 aliquo
602 1157 696 1225 inodo,
716 1163 853 1211 annuente
872 1156 924 1211 Do·

128 1254 215 1320 mino,
230 1250 320 1307 sedari
336 1250 446 1306 valeant
460 1256 488 1306 et
503 1248 638 1304 amoveri.

161 1342 284 1409 Quorum
306 1341 435 1396 consultu
457 1338 642 1405 decrevimus,
666 1344 696 1392 ut
719 1336 784 1408 quia
806 1339 926 1406 peccata,

128 1447 189 1504 que
204 1430 232 1485 in
247 1445 299 1485 suo
309 1428 402 1495 initio,
417 1436 448 1484 ut
462 1435 537 1495 sunt,
551 1423 643 1496 magni
654 1423 784 1498 ponderis
792 1421 928 1479 aestimau-

978 541 1135 589 nostrorum
1147 531 1312 602 condignam
1323 527 1476 585 vindictam
1486 527 1629 599 suscipiet.

1013 622 1084 677 Etsi
1100 622 1164 676 talis
1179 636 1294 694 persona
1308 618 1402 687 luerit,
1418 624 1449 674 ut
1463 617 1586 689 episcopi
1599 624 1627 672 et
1643 615 1723 672 missi
1736 633 1780 673 no-

979 710 1029 766 stri
1044 727 1076 767 ac
1090 710 1203 767 comites
1217 710 1247 765 iii
1262 709 1373 764 illorum
1390 705 1553 763 ministeriis
1569 704 1646 779 quod
1669 720 1781 776 pravum

979 807 1072 858 actum
1083 798 1166 855 fuerit
1178 799 1319 870 potuerint
1332 795 1488 863 emendare,
1504 793 1661 852 secundum
1671 795 1780 867 praelln

980 892 1085 946 monita
1100 889 1169 946 illud
1184 888 1329 945 emendare
1348 886 1487 954 studeant,
1503 894 1552 942 aut
1568 902 1617 959 per
1634 884 1780 958 fidejusso-

981 999 1023 1038 res
1036 980 1071 1038 ad
1085 989 1206 1038 nostiam
1220 977 1394 1052 presentiam
1409 975 1505 1031 venire
1518 973 1636 1031 iaciant.
1653 973 1682 1030 si
1693 983 1781 1033 autem

981 1071 1081 1144 aliquis
1096 1069 1270 1144 quiscunque
1285 1065 1449 1123 inobediens
1463 1064 1616 1132 exstiterit,
1632 1079 1696 1120 cum
1711 1082 1781 1122 suui-

983 1176 1027 1216 ma
1037 1159 1213 1216 testinatione
1223 1156 1304 1213 nobis
1318 1161 1415 1211 notum
1431 1153 1519 1210 tacere
1532 1159 1646 1218 curent,
1660 1161 1692 1210 ut
1701 1169 1782 1226 quan·

983 1256 1011 1305 to
1025 1249 1108 1307 citius
1119 1247 1153 1304 ad
1168 1254 1289 1302 nostram
1303 1242 1476 1316 presentiam
1489 1241 1571 1297 illum
1584 1240 1685 1298 venire
1695 1242 1785 1314 jubea-

985 1336 1351 1409 mus,etdignamultionem
1359 1331 1785 1404 secundumjudiciumlidelium

984 1440 1141 1487 nostrorum
1164 1428 1307 1484 sustineat.
1325 1426 1398 1484 Etsi
1414 1424 1500 1499 (quod
1516 1422 1604 1495 absit)
1620 1423 1685 1480 talis
1703 1440 1784 1481 emer·

127 1528 184 1589 tur,
205 1518 360 1591 pernicioso
376 1533 504 1590 processu
520 1517 579 1589 ipso
593 1515 677 1570 etiarn
692 1511 832 1570 exitiabili
847 1526 929 1583 supra

126 1610 172 1683 jus
187 1609 327 1666 mentibus
341 1607 500 1681 loquantur,
516 1612 544 1661 et
558 1603 635 1676 quasi
654 1600 830 1658 insensibiles
842 1600 873 1653 l:
899 1614 929 1653 ac

127 1700 150 1757 si
166 1700 276 1773 quaudo
299 1699 457 1771 resipiscere
472 1698 636 1764 moliuntur,
654 1694 712 1768 [eas
726 1690 837 1766 sepius]
854 1690 966 1771 casi-qq
983 1704 1090 1774 fugiam
1106 1700 1184 1766 solas,
1204 1695 1375 1770 quiscunque
1398 1695 1444 1749 1110
1459 1694 1554 1762 fuerit,
1571 1692 1640 1766 quia
1653 1698 1684 1749 οι
1697 1709 1785 1750 m.

127 1790 179 1847 bus
193 1791 251 1847 suis
261 1790 393 1861 obligent,
405 1797 436 1845 ut
446 1789 470 1844 si
484 1802 625 1858 resurgere
636 1785 800 1852 velint,non
811 1781 926 1855 possint.
985 1793 1051 1850 dum
1073 1786 1233 1845 canonicam
1248 1784 1441 1841 auctoritatem
1455 1781 1489 1837 ab
1506 1781 1636 1837 omnium
1656 1779 1782 1840 chrigffl.

127 1881 284 1951 Assifflluaffl
302 1893 418 1935 00¹l⁸¹¹l⁸
440 1876 633 1943 eoelesiffliffli
656 1891 688 1931 ³0
705 1875 804 1945 letales
821 1879 929 1928 senten·
985 1895 1085 1937 norum
1106 1883 1190 1942 coetu,
1212 1881 1240 1929 et
1260 1879 1361 1929 sancte
1380 1871 1510 1928 Ecclesiae
1533 1870 1693 1938 consortio,
1716 1870 1784 1927 etin

128 1968 173 2023 tie
188 1967 349 2038 hujusmodi
365 1964 529 2038 predatores
547 1962 711 2019 terribiliter
725 1969 753 2016 et
766 1959 929 2017 damnabili·
985 1971 1055 2028 &210
1070 1975 1098 2024 et
1111 1965 1141 2021 in
1153 1972 1226 2020 terra
1240 1963 1347 2020 alienus
1358 1961 1504 2030 efficietur,
1518 1970 1547 2016 et
1561 1960 1651 2032 regali
1663 1967 1784 2033 potestate

127 2064 170 2112 ter
192 2055 307 2122 feriant,
331 2052 452 2124 09580091
473 2052 575 2125 quique
598 2051 627 2105 ill
650 2049 708 2106 ³11ss
726 2048 875 2121 l²l⁰⁰hfi⁸i
903 2056 931 2104 θῑ
986 2055 1202 2132 atqueomnium
1217 2053 1295 2124 regni
1309 2051 1433 2108 fidelium
1448 2050 1651 2119 unanimitate,
1664 2051 1784 2108 sicutllei

129 2146 206 2202 missi
230 2146 259 2202 ia
280 2144 395 2200 illorum
419 2142 576 2209 missaticis,
600 2141 770 2212 comitesque
789 2139 817 2194 in
832 2155 929 2196 eorum
985 2159 1014 2206 01
1038 2144 1169 2204 Ecclesiae
1183 2143 1314 2199 inimicus
1336 2151 1364 2198 oi
1379 2142 1455 2213 regni
1470 2141 1637 2198 devastator
1653 2157 1782 2215 pemque.

127 2236 304 2293 cnmitatibus
318 2233 420 2308 pariter
434 2233 534 2306 placita
555 2240 676 2300 teneant,
693 2246 748 2303 quo
763 2246 860 2286 ornnes
874 2230 929 2285 rei·
987 2241 1043 2300 tur,
1059 2232 1222 2306 usquedum
1238 2248 1350 2303 aregno
1360 2229 1574 2287 exterminetur.

129 2325 244 2398 publice
271 2321 393 2378 ministri
412 2331 439 2378 et
459 2323 531 2377 vassi
547 2320 692 2389 dominici,
706 2334 854 2391 omnesque
871 2319 930 2391 qui·
1023 2329 1059 2384 Et
1072 2327 1095 2383 si
1110 2327 1211 2401 aliquis
1221 2344 1312 2384 comes
1325 2328 1418 2396 fuerit,
1428 2328 1475 2400 qui
1487 2329 1516 2383 jn
1530 2328 1587 2385 1100
1597 2345 1652 2385 suo
1662 2330 1782 2386 mmmm

129 2438 239 2494 cunque
253 2420 296 2475 vel
311 2432 539 2491 quorumcunque
554 2415 680 2472 homiues
695 2414 724 2470 in
739 2413 836 2468 iisdem
853 2428 931 2484 paro·
987 2416 1095 2485 fecerit,
1120 2424 1169 2473 aut
1192 2416 1232 2473 ibi
1251 2416 1318 2474 talia
1338 2416 1490 2474 increscere
1505 2418 1682 2489 permiserit,
1699 2427 1726 2474 et
1738 2418 1783 2490 ipsa

129 2509 201 2567 chiis
211 2517 239 2564 ei
248 2506 437 2573 comitatibus,
446 2505 506 2561 sine
516 2504 574 2559 ulla
581 2518 761 2576 personarum
772 2500 931 2574 acceptione
988 2507 1037 2562 illa
1052 2523 1108 2562 non
1123 2506 1258 2575 emendet,
1273 2514 1320 2562 aut
1336 2514 1400 2562 lloltt
1415 2507 1497 2563 nohis
1511 2522 1570 2562 non
1587 2506 1698 2576 fecerit,
1709 2515 1738 2563 ul
1746 2524 1783 2563 no-

128 2606 156 2654 et
170 2598 347 2655 excusatione
359 2604 407 2652 aut
424 2596 557 2652 dilatione
571 2596 748 2653 conveniant.
765 2596 801 2650 Et
809 2595 929 2668 episcopi
987 2604 1045 2651 stra
1067 2595 1216 2652 auctoritas
1229 2594 1296 2651 talia
1310 2595 1447 2667 corrigat:
1464 2596 1534 2652 sciat
1550 2595 1619 2668 quia
1634 2596 1720 2652 talem
1736 2610 1782 2651 sen·

130 2686 209 2741 illius
236 2685 373 2759 parochie
407 2685 529 2741 breviter
560 2692 704 2742 annotatas
727 2684 876 2741 sententias
898 2684 932 2741 de
989 2685 1104 2741 tentiam
1128 2683 1193 2740 inde
1215 2683 1374 2753 sustinebit,
1400 2684 1472 2741 sicut
1494 2692 1623 2758 tempore
1647 2694 1782 2742 uumerus

133 2773 269 2844 ejusmodi
288 2789 382 2839 causa,
407 2772 571 2844 evangelice
592 2772 721 2829 videlicet
736 2782 763 2829 et
776 2772 932 2845 apostolice
988 2791 1050 2830 rum
1072 2785 1229 2832 nostrorum
1248 2774 1418 2832 cousuetudo
1432 2775 1495 2831 luit.
1512 2776 1549 2831 lii
1564 2775 1589 2831 si
1603 2775 1696 2849 aliqui
1715 2775 1783 2831 itine-

985 1521 1062 1589 serit,
1077 1520 1125 1592 qui
1139 1519 1190 1576 Dei
1203 1518 1331 1575 timorem
1346 1523 1511 1588 postponat,
1533 1521 1560 1570 et
1575 1513 1787 1572 ecclesiasticam

985 1611 1176 1668 auctoritatem
1198 1613 1365 1673 contemnat,
1390 1622 1422 1660 ac
1442 1604 1547 1676 regiam
1568 1610 1736 1677 potestatem
1750 1620 1785 1660 re·

132 2868 160 2916 et
182 2860 349 2932 prophetice
363 2862 547 2928 auctoritatis,
563 2877 672 2917 necnon
692 2870 719 2917 et
733 2862 842 2917 decreta
860 2875 933 2933 apo-
988 2870 1080 2920 rantes
1094 2863 1311 2937 depredationes
1319 2870 1345 2920 et
1356 2864 1465 2935 rapinas
1479 2880 1527 2936 per
1538 2880 1661 2937 regnum
1671 2873 1781 2921 nostrum

132 2951 231 3006 stolica
245 2958 328 3023 atque
341 2950 473 3007 canonica
494 2949 624 3005 omnibus
643 2950 774 3022 relegant,
790 2959 817 3007 et
836 2957 932 3022 aperto
989 2952 1115 3022 fecerint,
1131 2961 1158 3009 et
1170 2953 1291 3026 episcopi
1308 2969 1357 3009 seu
1371 2952 1448 3009 missi
1458 2959 1486 3008 et
1499 2953 1622 3009 comites
1637 2953 1692 3011 hoc
1704 2968 1781 3009 einen·

130 3056 258 3096 sermone
281 3039 389 3096 cunctis
410 3038 491 3112 quale
510 3045 700 3112 quantumque
718 3046 860 3111 peccatum
885 3038 930 3104 sit,
949 3072 970 3130 C
988 3040 1052 3097 dare
1064 3040 1461 3115 nonpotuerint‚quamcitius
1469 3040 1590 3114 possint,
1605 3042 1780 3099 nobisiictun

130 3138 157 3184 et
183 3128 291 3201 qualem
312 3135 498 3201 quantamque
518 3126 720 3198 poenitentiam,
736 3135 763 3182 et
777 3143 858 3200 quam
880 3127 932 3182 iiii·
988 3129 1077 3185 iacere
1097 3138 1206 3198 curent,
1228 3138 1258 3186 ut
1277 3127 1423 3200 jubeamus
1438 3128 1511 3202 ipsos
1525 3128 1731 3201 depredatores
1744 3146 1782 3202 par

130 3232 238 3272 manem
262 3215 521 3287 severissimamque
536 3214 690 3271 vindictam
705 3223 843 3287 exposcat,
868 3232 930 3271 cuiii
988 3218 1114 3275 eamdem
1130 3220 1204 3274 viam
1224 3236 1287 3275 cuni
1303 3220 1388 3276 misso
1401 3228 1497 3275 nostro
1511 3219 1618 3289 redire,
1634 3228 1663 3277 et
1676 3221 1721 3277 illi
1734 3238 1781 3276 oni·

129 3304 192 3360 aliis
205 3304 305 3361 debitis
319 3311 346 3360 et
354 3304 516 3360 necessariis
529 3312 612 3378 atque
624 3304 741 3361 utilibus
761 3304 931 3378 predicatio·
986 3308 1043 3374 nia,
1066 3323 1126 3379 que
1147 3307 1194 3362 alii
1210 3315 1335 3379 egerunt,
1353 3308 1475 3380 legaliter
1493 3307 1656 3379 emendare,
1671 3317 1699 3365 et
1713 3310 1781 3365 taleni

130 3393 213 3450 nibus
227 3394 398 3451 innotescere
413 3403 520 3451 curent.
987 3395 1176 3464 armiscaram,
1198 3397 1269 3453 sicut
1284 3413 1299 3451 a
1313 3396 1394 3453 nobis
1411 3394 1521 3468 jussum
1545 3396 1646 3466 fuerit,
1662 3407 1708 3455 aut
1718 3396 1781 3469 judi

167 3481 243 3538 Missi
258 3497 367 3556 quoque
380 3480 478 3553 legales
488 3481 650 3550 sententias,
665 3480 737 3540 sicut
751 3497 797 3537 eas
807 3481 932 3554 cognitas
986 3485 1073 3555 cium,
1088 3485 1161 3542 sicut
1174 3502 1237 3542 cum
1253 3484 1381 3542 fidelibus
1392 3486 1495 3542 uostris
1506 3486 1778 3555 consideraverimus,

131 3572 244 3639 habent,
259 3570 403 3636 adnotent,
420 3576 447 3624 et
464 3572 695 3642 predecessorum
712 3580 869 3627 nostrorum
884 3587 932 3628 re·
986 3575 1134 3631 sustinere.
1157 3574 1185 3630 Si
1208 3582 1299 3630 autem
1314 3575 1410 3632 dilecti
1427 3574 1521 3631 fratris
1541 3577 1646 3645 nostri,
1666 3593 1697 3634 au
1709 3591 1783 3648 nepe

131 3677 195 3732 gum
207 3666 289 3731 atque
304 3659 513 3728 imperatorum,
530 3666 679 3733 nostraque
697 3660 819 3732 capitula
834 3660 867 3716 de
881 3661 932 3717 hac
986 3674 1045 3721 tum
1058 3671 1216 3720 nostrorum
1232 3663 1359 3721 homines
1370 3665 1484 3731 luerint,
1495 3666 1546 3738 qui
1559 3667 1630 3724 talia
1641 3666 1751 3742 egerint,
1759 3672 1783 3722 et

130 3763 212 3804 causa
233 3747 262 3802 in
287 3763 374 3802 unum
397 3746 512 3802 collecta
540 3747 670 3804 omnibus
696 3755 762 3803 uota
789 3748 866 3805 fiant.
896 3751 932 3805 Et
986 3753 1040 3810 boc
1055 3753 1136 3810 nohis
1150 3755 1315 3825 innotescat,
1330 3765 1361 3812 ut
1376 3756 1433 3813 illis
1446 3764 1512 3812 nota
1527 3757 1686 3826 iaciamus;
1706 3766 1733 3816 et
1748 3757 1782 3814 illi

131 3836 253 3910 episcopi
265 3837 315 3894 Dei
327 3844 355 3892 et
369 3836 487 3907 apostoli
502 3838 667 3894 auctoritate
676 3837 744 3893 tales
754 3836 932 3910 depraedatio·
986 3859 1051 3898 suos
1063 3843 1201 3913 homines,
1217 3844 1289 3902 sicut
1304 3844 1360 3900 illis
1374 3843 1473 3901 mulius
1487 3846 1580 3902 visum
1592 3845 1783 3904 fueritdetali

131 3942 180 3982 nes
194 3926 324 3982 omnibns
349 3923 528 3992 interdicant,
542 3931 570 3980 et
583 3925 660 3980 missi
674 3933 701 3981 et
716 3925 830 3981 comites
845 3927 931 3982 nostri
986 3930 1038 3987 bus
1053 3932 1188 4004 castigare
1204 3941 1364 4005 procurent,
1385 3933 1457 3990 sicut
1470 3942 1498 3990 et
1513 3951 1565 3991 nos
1580 3945 1695 3993 nostrus
1707 3935 1783 3992 bumi-

131 4014 240 4070 cunctis
257 4030 292 4069 eu
317 4014 391 4085 regin
415 4019 510 4068 nostro
534 4013 626 4069 banno
649 4013 795 4086 prohibere
816 4014 932 4071 siriiiiter
987 4036 1035 4074 nes
1049 4020 1182 4092 castigare
1196 4023 1336 4078 volumus.
1350 4021 1378 4077 Si
1393 4022 1547 4079 inillorum
1560 4024 1783 4097 reguisindeeeu·

131 4102 270 4169 studeant,
285 4110 311 4158 et
326 4110 492 4173 cognoscant
504 4117 599 4158 omnes
609 4105 674 4176 quia
686 4103 709 4158 si
725 4102 826 4160 abhinc
837 4104 932 4160 inante
987 4108 1035 4177 tia,
1051 4117 1078 4165 et
1091 4109 1185 4181 aliqua
1199 4111 1284 4166 noxia
1298 4110 1384 4183 (quod
1398 4111 1482 4182 absit)
1499 4112 1593 4168 lacere
1614 4128 1784 4186 presumpse

131 4191 161 4247 in
185 4206 268 4263 regno
292 4198 386 4247 nostro
401 4191 467 4247 talia
482 4191 570 4248 lacere
590 4191 690 4265 aliquis
716 4193 931 4266 presumpserit,
987 4198 1054 4265 rint,
1071 4197 1255 4254 ⁰adinonendi
1267 4199 1390 4271 suntqui
1400 4201 1491 4256 aliena
1501 4217 1599 4273 rapere
1609 4201 1783 4268 contendunt,

130 4279 281 4338 secundum
313 4279 423 4337 divinas
451 4281 602 4337 sententias
629 4282 785 4355 specialiter
813 4282 933 4355 excipiet
988 4293 1017 4341 ut
1027 4284 1279 4355 solliciteaudiaut,
1290 4285 1365 4359 quod
1374 4287 1490 4343 veniens
1499 4287 1529 4342 in
1536 4286 1784 4360 judiciollomiuvs

166 4411 176 4436 ¹
204 4398 348 4479 Synadcia.
370 4397 438 4454 Cum
459 4397 503 4479 liis
519 4399 690 4480 temporibus
704 4399 732 4453 in
745 4399 835 4455 Gallia
846 4399 927 4480 undi·
945 4425 969 4484 D
985 4399 1100 4481 busdam
1120 4398 1172 4455 hac
1189 4398 1297 4471 synodo
1313 4400 1587 4482 gestis'Flodoardus
1603 4403 1654 4459 lib.
1672 4421 1716 4473 m,
1730 4419 1783 4475 cap.

130 4485 183 4550 que
198 4469 331 4525 sactiones
344 4476 372 4524 et
386 4468 560 4551 subditorum
584 4469 748 4551 rebelliones
767 4469 927 4539 ebullirent,
984 4471 1028 4538 lli,
1040 4478 1094 4526 ista
1105 4488 1123 4552 ³.
1137 4495 1145 4517 ι
1160 4470 1230 4552 Cum
1245 4472 1352 4554 synodo
1366 4488 1560 4601 episcoporum
1575 4473 1653 4554 apud
1668 4474 1784 4556 Carina·

131 4539 233 4612 ubique
257 4540 340 4608 furta,
362 4539 589 4613 depredationes,
614 4548 805 4612 grassationes,
830 4550 856 4597 et
878 4559 928 4598 ue·
982 4558 1046 4597 cum
1061 4542 1155 4598 liabita
1177 4543 1275 4599 scribit
1298 4542 1431 4600 Hilduino
1473 4546 1544 4600 areli
1566 4561 1641 4617 regis
1666 4545 1783 4602 arcbics·

130 4609 189 4678 des,
213 4611 360 4698 omniaque
373 4612 501 4669 violente
523 4611 705 4685 turpitudinis
721 4629 819 4684 genera
832 4613 928 4668 inere·
982 4613 1102 4739 geilana,
1127 4623 1154 4670 et
1173 4629 1223 4685 pro
1242 4615 1366 4671 Ecclesia
1381 4614 1534 4686 lingonica
1549 4631 1636 4689 quani
1653 4615 1782 4674 Vuliadui

130 4681 296 4749 brescerent,
307 4683 421 4738 Larcius
434 4698 482 4737 rex
492 4681 676 4738 adevellenda
690 4683 739 4738 illa
754 4683 929 4740 incommoda
1006 4683 1113 4740 cclesiae
1129 4683 1290 4741 llhemeiisis
1304 4687 1434 4741 alumnus
1442 4695 1541 4743 contra
1556 4687 1697 4744 canonica
1710 4703 1782 4744 occu·

130 4767 203 4806 anno
219 4751 322 4807 Christi
335 4752 388 4813 856
404 4753 432 4806 in
448 4753 515 4807 villa
530 4752 927 4813 Carisiacumnoininatahanc
982 4762 1093 4827 paverat
1109 4755 1228 4811 decreta.
1253 4757 1331 4814 Unde
1354 4766 1525 4829 suggesserat
1543 4758 1643 4814 eadem
1665 4757 1782 4831 synodus

130 4820 267 4900 synodum
280 4823 465 4895 congregavit,
482 4838 516 4878 eii
531 4823 632 4895 quaed
646 4825 796 4895 episcopos,
814 4826 923 4895 missos,
981 4825 1052 4898 regit
1068 4834 1097 4880 ut
1109 4826 1229 4883 alterum
1240 4828 1275 4884 ad
1291 4828 1435 4900 regendam
1447 4828 1592 4900 prefatam
1604 4831 1780 4887 constitueret

129 4901 157 4948 et
180 4899 295 4948 comites
311 4891 406 4972 Gallie
424 4894 539 4963 epistola
557 4894 605 4949 illa
625 4894 765 4966 synodalis
782 4896 875 4967 (quam
892 4914 926 4952 ex
981 4897 1143 4965 Ecclesiam,
1160 4906 1187 4954 et
1197 4914 1246 4953 rex
1258 4898 1377 4970 jusserat
1392 4907 1423 4955 ut
1437 4899 1562 4972 episcopi
1577 4907 1736 4973 quererent
1749 4909 1780 4956 u·

130 4962 225 5021 codice
247 4963 363 5018 Antonii
387 4964 534 5035 Augustini
555 4965 660 5036 primus
674 4965 703 5019 in
719 4966 808 5022 lucem
835 4967 926 5023 emisit
980 4967 1045 5034 lem,
1062 4968 1110 5041 qui
1125 4977 1217 5041 posset
1231 4970 1260 5025 in
1275 4971 1424 5044 episcopali
1445 4971 1605 5028 ministerio
1620 4972 1712 5030 eidem
1731 4971 1779 5027 Ec-

130 5034 277 5106 Barouius)
291 5034 343 5090 sub
360 5036 472 5090 nomine
485 5034 575 5091 Caroli
590 5036 661 5107 regis
675 5036 777 5109 scripta
790 5044 818 5092 et
830 5045 926 5094 trans-
980 5039 1071 5095 clesias
1105 5039 1208 5096 refici:
1224 5050 1455 5114 eorumquevota
1473 5042 1502 5097 in
1522 5045 1600 5100 isaac
1618 5043 1709 5116 ipsius
1723 5042 1779 5099 llil·

130 5107 214 5162 missa
226 5106 289 5162 fuit.
306 5106 349 5161 Ex
364 5106 458 5187 eadem
472 5105 579 5186 synodo
594 5109 727 5188 nonnulla
741 5108 862 5179 capitula
876 5110 927 5165 mi·
980 5109 1059 5166 duini
1075 5056 1144 5168 disci
1149 5114 1244 5183 pulum
1255 5120 1453 5184 convenerant,
1468 5113 1652 5170 observantes
1661 5113 1743 5195 buius
1752 5112 1775 5166 iu

129 5186 225 5233 serunt
245 5178 279 5234 ad
303 5176 538 5234 reconciliandum
553 5178 607 5233 sibi
621 5178 763 5234 subditum
782 5181 924 5252 populum,
980 5180 1031 5237 bac
1058 5182 1184 5239 llilduini
1204 5199 1379 5253 consensum,
1405 5193 1432 5240 et
1451 5184 1679 5255 deprecationem
1703 5184 1777 5258 ipsius
1815 5202 1819 5210 ·

131 5250 346 5305 neiiniuemores
358 5249 473 5321 prestiti
481 5248 631 5320 juramenti
646 5248 787 5306 fidelitatis
797 5251 926 5307 deiectio·
981 5268 1030 5325 pro
1049 5270 1082 5309 eo
1097 5255 1171 5327 apud
1185 5270 1285 5327 regem.
1302 5280 1311 5304 ι
1331 5255 1396 5313 Suv.
1413 5256 1476 5312 Biiv.

129 5335 191 5374 nem
208 5328 344 5391 pararent.
361 5320 426 5387 Quae
442 5320 558 5376 libenter
573 5320 625 5376 hoc
640 5321 700 5377 loco
715 5338 777 5377 cuni
797 5322 926 5394 predicta
1015 5325 1027 5359 ¹2
1043 5325 1131 5380 Locus
1147 5332 1304 5398 corruptus,
1319 5326 1360 5383 sic
1379 5325 1521 5399 legendus,
1538 5344 1590 5384 usa
1603 5331 1700 5402 prucis
1711 5342 1775 5383 sies·

130 5391 246 5459 epistola
266 5391 293 5446 in
310 5391 451 5463 publicum
467 5392 630 5459 emisissem,
646 5392 670 5447 si
685 5394 808 5464 predicti
822 5393 925 5449 codicis
980 5394 1049 5451 tibus
1063 5397 1195 5465 uocatur,
1208 5403 1233 5451 et
1245 5414 1271 5468 q.
1288 5414 1308 5454 ι.
1328 5397 1454 5454 reddunt.

130 5458 249 5514 habendi
265 5463 381 5518 facultas
395 5464 503 5519 luisset.
519 5465 584 5531 Qum
598 5464 633 5519 ad
647 5465 790 5519 vitandam
810 5464 924 5536 prolixi·
1015 5468 1071 5522 clii
1086 5467 1169 5525 Sirm.
1180 5467 1258 5525 edit:
1275 5468 1431 5525 Conurcuio
1443 5487 1480 5526 nn
1491 5487 1678 5530 simoninus.
1691 5472 1775 5540 crece

130 5536 213 5609 tatem
233 5547 344 5586 suorum
362 5536 512 5590 Annalium
528 5535 775 5591 ecclesiasticorum
795 5551 924 5592 reveren·
977 5536 1036 5592 rias
1058 5537 1087 5592 ia
1107 5538 1189 5594 Libro
1203 5540 1342 5605 Pcttcrcii
1355 5540 1438 5596 dicit:
1462 5541 1706 5612 ‹Admonendi‚·
1729 5548 1774 5596 eit·

130 5597 260 5655 dissimus
273 5602 420 5660 cardinalis
436 5606 570 5662 Bainnius
584 5606 688 5662 omisit.
704 5607 743 5662 De
759 5605 840 5662 rebus
856 5607 924 5680 qui-

1679 5744 1688 5771 Ι
