3834 6136
79 202 138 261 ais
206 267 209 272 ,

634 209 951 272 Maarvaotooittli.
971 247 1006 257 -
1025 217 1119 273 MENS
1138 219 1218 277 DEC.

78 329 163 386 anuis
171 328 281 384 duobus
291 337 318 386 et
328 329 469 386 mensibus
479 339 550 388 octo.
563 331 613 388 llic
623 334 768 389 constituit
777 351 887 393 cereum
901 346 926 404 Α
941 338 1147 399 cantuariensis
1161 344 1282 417 episcopi
1292 335 1321 402 et
1337 356 1476 420 martyris.
1493 351 1546 418 Qui
1569 351 1649 423 juxta
1673 354 1746 412 alios

78 400 208 458 benedici
232 401 262 454 iii
282 399 400 455 Sabbata
428 411 523 459 sancto
550 403 671 472 Pascha,
696 413 723 460 et
741 414 773 461 ut
790 424 887 464 servus

79 474 140 529 ullo
161 471 271 545 [opinor
286 471 377 545 nullo]
400 472 482 529 modo
500 474 617 531 clericus
636 477 799 544 efficeretur,
816 486 842 534 et
856 486 888 534 ut

80 545 176 600 nullus
191 543 310 599 clericus
321 544 349 597 ιιι
362 544 475 614 publico
484 551 579 615 potum
594 547 734 604 venderet.
746 550 813 605 ltem
823 566 886 606 con·

79 616 184 682 stituit,
202 624 232 671 ut
252 614 395 685 dyaconus
416 615 445 669 in
475 617 590 672 ecclesia
605 618 787 691 Evangelium
803 622 886 691 legat,

79 696 107 743 et
120 686 195 759 quod
211 685 340 741 homines
354 693 426 741 stare
440 685 558 743 debeant
570 689 598 742 in
608 690 770 762 Evangelio,
786 700 887 748 etcum

81 774 181 830 magna
196 757 351 812 reverentia
364 756 469 812 audire.
483 759 551 815 ltem
566 760 595 814 in
611 761 693 818 missa
712 761 887 819 Christianus

79 828 188 902 aliquid
208 829 266 884 Deo
280 827 386 883 oderat.
403 829 438 884 Et
455 830 578 901 sepultus
599 840 640 887 est
661 833 690 888 iii
712 833 880 890 Vaticano.»

82 902 113 957 lii
131 900 255 982 secunda
270 899 337 954 satis
351 915 436 971 purus
450 908 501 956 est.
523 902 553 957 ln
568 900 622 958 line
637 903 713 959 addit
727 905 762 959 de
776 904 887 962 Castore

78 982 106 1031 et
121 988 218 1040 sociis,
234 979 373 1042 utsupra.

116 1041 540 1100 blsrmc.-Ciar.-Uiriiiiiicr.
555 1045 640 1100 Totus
654 1054 747 1103 textus
761 1047 796 1104 de
811 1064 887 1104 more

80 1115 281 1172 contrahitur:
305 1139 313 1159 ι
334 1113 497 1169 Sanctorum
521 1117 725 1175 innocentium.
751 1119 886 1192 Eutychii

81 1186 238 1259 presbyteri
253 1193 281 1241 et
296 1184 448 1240 Domitiani
462 1185 583 1242 diaconi.
604 1213 612 1235 ·

116 1257 266 1325 Vinicium,
283 1256 305 1311 si
327 1272 353 1310 n.
371 1272 449 1312 num.
464 1257 544 1325 5949,
560 1258 654 1314 deicit
669 1259 697 1313 ιιι
712 1266 886 1317 totaanuun·

78 1330 198 1385 tiatione
217 1273 324 1384 secund

115 1400 213 1456 Editio
226 1399 424 1457 bonico-Cot.
439 1418 444 1456 :
464 1425 473 1448 ι
487 1401 568 1471 Apud
584 1402 724 1459 Bethleem
734 1404 820 1473 ludas,
832 1421 887 1461 na-

81 1474 138 1528 tale
152 1479 312 1527 sanctorum
329 1472 523 1538 lnnocentum,
561 1490 612 1529 uos
636 1475 756 1531 Herodes
768 1476 887 1532 Ascalo-

84 1545 154 1612 nita,
171 1559 233 1598 cuni
249 1540 352 1598 Christi
368 1543 541 1599 nativitatem
585 1560 696 1615 agarum
714 1546 818 1602 indicio
834 1563 886 1603 co-

83 1615 234 1685 gnovisset,
251 1628 373 1669 osunesa
387 1614 494 1669 bimatu
510 1621 538 1668 et
557 1616 628 1670 inira
651 1617 769 1674 interfici
791 1617 884 1689 jussit,

942 410 1057 491 habetur
1070 429 1163 484 supra,
1178 416 1285 473 decimo
1300 433 1328 472 se
1350 419 1417 474 timo
1437 421 1573 477 Kalendas
1589 424 1651 479 Maii
1674 424 1745 498 [citit

941 483 1039 564 dcere,
1053 500 1105 538 iiiii
1119 486 1278 562 Kalendas]
1297 514 1305 536 ·
1328 435 1419 561 Bergit
1435 509 1441 546 :
1465 492 1642 550 ‹Treiislatio
1656 497 1744 553 sancti

940 552 1055 635 loannis
1070 571 1146 627 papae
1161 566 1188 613 et
1201 568 1271 614 mart
1294 561 1342 625 ris,
1360 561 1394 616 de
1409 562 1541 619 Ravenna
1558 565 1681 621 Romam.
1692 569 1745 623 Eo·

941 623 1002 679 dem
1019 624 1073 692 die,
1089 635 1246 684 sauctorum
1290 631 1388 686 utliicii
1405 643 1432 688 et
1446 635 1579 690 Florentii
1596 637 1744 693 monacho·

941 711 1001 749 rum
1018 698 1253 778 etooniessorum.
1279 701 1402 768 Quorum
1426 705 1573 777 Eutycius,
1599 714 1629 760 ut
1654 706 1745 781 inquit

941 767 1090 849 Gregorius
1104 770 1141 824 lll
1154 771 1343 841 Dialogcrum,
1365 775 1393 828 in
1414 775 1532 845 spiritali
1546 778 1605 833 zelo
1619 785 1702 850 atque
1715 778 1745 834 in

941 838 1050 894 fervore
1064 847 1200 896 virtutum
1215 859 1244 897 se
1258 853 1429 911 exercuerat,
1449 848 1601 903 multorum
1623 864 1656 904 ue
1679 849 1746 905 ani-

942 925 1000 964 mas
1014 910 1047 964 ad
1062 911 1150 965 Deum
1166 913 1315 984 perducere
1329 915 1503 973 exhortando
1518 865 1665 989 satagebat.
1683 921 1744 975 Flo·

941 981 1048 1036 rentius
1062 982 1235 1054 simplicitati
1259 995 1341 1067 atque
1365 989 1483 1043 orationi
1508 989 1629 1045 deditam
1658 991 1744 1046 vitam

940 1051 1160 1134 ducebatiimbo
1174 1072 1249 1123 vero,
1264 1059 1461 1114 miraculorum
1472 1061 1560 1131 gloria
1572 1062 1703 1128 illustres,
1715 1061 1745 1117 in

941 1124 1060 1179 llommo
1086 1137 1286 1196 quieveruut·
1314 1128 1385 1184 Vide
1409 1130 1533 1200 Gregorii
1558 1133 1744 1188 narrationem

941 1194 1012 1264 apud
1027 1193 1149 1251 Surium.
1165 1198 1317 1269 Sequitur:
1341 1199 1526 1271 «Theodora,
1542 1211 1674 1258 matronas
1693 1205 1745 1261 llo·

942 1281 1063 1320 maure·

975 1337 1084 1391 blotan.
1101 1338 1135 1394 de
1150 1340 1360 1407 innocentibus,
1381 1352 1444 1412 post
1464 1343 1597 1414 interfecti
1615 1351 1685 1413 suat,
1709 1361 1745 1401 ex

941 1406 1037 1461 Arione
1052 1409 1141 1489 textui
1153 1411 1215 1466 aliis
1226 1412 1326 1466 litteris
1337 1412 1435 1468 inserit
1451 1433 1457 1469 ι
1476 1415 1638 1486 «trigesimo
1666 1415 1744 1471 uinta

941 1494 1013 1533 auno
1028 1494 1103 1558 regni
1114 1481 1156 1535 sui
1171 1500 1177 1548 ;
1197 1483 1244 1553 qui
1259 1499 1332 1537 auno
1345 1485 1487 1554 trigesimo
1501 1495 1580 1542 sexto
1596 1432 1692 1542 morito
1703 1487 1744 1542 in·

940 1557 1054 1630 terentis
1068 1567 1144 1622 aquae
1160 1562 1186 1608 et
1203 1555 1372 1610 scatentibus
1388 1562 1446 1611 toto
1464 1573 1579 1629 corpore
1604 1558 1745 1614 vermibus

940 1621 1137 1677 miserabiliter
1147 1631 1174 1678 et
1187 1624 1269 1695 digne
1281 1627 1427 1681 moritur·
1446 1628 1477 1683 ln
1493 1629 1563 1684 line:
1583 1630 1632 1684 «ln
1644 1628 1745 1700 iiphri·

82 1686 158 1741 sicut
171 1684 335 1754 Evangelica
349 1685 446 1757 pandit
461 1685 604 1741 historia·
622 1688 694 1743 Pura
703 1696 744 1744 est
754 1689 783 1743 in
794 1690 885 1762 Ancy·
898 1692 922 1751 Β
937 1707 977 1758 ea,
999 1694 1089 1747 natale
1105 1703 1263 1750 salictorum
1281 1696 1412 1766 Castoris,
1434 1724 1443 1744 ι
1462 1708 1514 1755 etc.
1541 1703 1580 1756 De
1604 1700 1744 1773 Eutychio

76 1757 166 1812 ranis.
186 1758 214 1811 ln
230 1756 284 1810 line
298 1764 389 1811 autem
405 1755 520 1813 subdit:
538 1759 589 1813 ‹ln
603 1759 708 1826 Airica,
724 1760 883 1816 natalesan·

74 1836 186 1883 ctorum
201 1827 334 1894 Castoris,
350 1854 358 1874 ·
381 1835 435 1884 etc.

112 1898 240 1955 Gaisvsrv.
255 1917 261 1953 :
272 1922 281 1945 ι
291 1901 322 1954 lii
331 1899 435 1967 Africa,
446 1906 604 1955 sanctorum
613 1900 741 1968 Castorii,
750 1902 882 1973 Victoris,

73 1969 233 2040 Rogatiani.
250 1970 318 2025 ltem
335 1973 486 2026 secundum
502 1969 683 2042 Catbalogum
697 1970 753 2041 bic,
766 1973 885 2045 Alpbegi

937 1770 964 1816 et
980 1764 1131 1831 Florentio,
1148 1766 1275 1820 Gaurum
1292 1769 1386 1831 verba,
1408 1786 1469 1840 quae
1494 1771 1621 1841 superius
1643 1771 1745 1828 retuli-

939 1850 1009 1912 mus,
1026 1834 1183 1915 descripsit.
1191 1837 1335 1893 Editiones
1344 1842 1511 1909 posteriores
1521 1858 1584 1898 cum
1596 1842 1647 1898 hac
1658 1842 1744 1915 priori

939 1920 968 1957 in
983 1905 1113 1961 omnibus
1128 1908 1208 1978 plane
1222 1910 1404 1965 conveniunt.

72 2158 112 2215 tv'
128 2159 195 2215 liat

1634 2167 1684 2222 Die
1698 2167 1742 2224 29.

108 2247 312 2317 iherosolimis,
328 2249 417 2305 David
433 2248 514 2320 regis.
532 2249 614 2320 Apud
630 2247 778 2315 Arelatem,
796 2246 897 2302 natalis
911 2247 1000 2301 sancti
1015 2247 1172 2318 Trophimi,
1193 2248 1274 2319 cujus
1289 2250 1416 2305 meminit
1441 2253 1543 2308 l‘aulus
1565 2253 1689 2311 scribens
1709 2256 1744 2312 ad

70 2340 264 2409 Timotheum,
279 2342 326 2414 qui
341 2343 376 2397 ab
391 2343 485 2398 eodem
503 2342 637 2414 Apostolo
652 2343 798 2412 episcopus
813 2339 967 2404 ordinatus,
983 2337 1103 2406 praelatas
1115 2336 1177 2390 urbi
1192 2336 1297 2408 primus
1310 2339 1345 2392 ob
1361 2340 1464 2396 Christi
1481 2342 1663 2412 Evaiigelium
1675 2360 1743 2415 prai-

69 2429 220 2487 dicaudum
233 2431 358 2488 directus
370 2441 420 2489 est.
438 2433 480 2487 lix
495 2431 575 2504 cujus
591 2432 678 2498 iovite,
696 2438 726 2486 ut
742 2446 809 2501 papa
824 2427 952 2484 Zosimus
968 2426 1076 2492 scribit,
1091 2432 1149 2479 tota
1165 2426 1254 2480 Gallia
1269 2426 1333 2481 fidei
1350 2428 1456 2482 rivulos
1475 2430 1590 2499 accepit.
1617 2431 1649 2484 lii
1673 2447 1742 2502 pago

68 2520 227 2590 Oisimensi,
242 2522 332 2578 sancti
347 2522 455 2579 Ebrulli
470 2521 647 2578 contessoris.
661 2519 758 2593 [Addit
768 2519 937 2575 Basiliam:
952 2526 962 2550 ⁸
978 2518 1046 2572 ltem
1063 2515 1274 2587 Hierosolymis,
1283 2523 1386 2571 sanctas
1396 2517 1522 2573 Melaniae
1531 2519 1587 2574 Deo
1601 2520 1740 2594 sacrata]

844 2645 962 2700 NOTAE.

111 2745 175 2800 Sola
188 2754 216 2800 et
228 2744 311 2802 unica
325 2760 360 2800 eii
375 2743 451 2800 ouini
463 2751 540 2815 parte
557 2760 625 2816 pura
639 2752 679 2799 est
693 2743 797 2800 Metam
808 2742 897 2797 editio.

107 2935 118 2960 ι
135 2914 187 2969 Ηιι
200 2929 266 2968 sane
282 2912 422 2969 mirandus
437 2912 580 2980 Solleiius,
598 2912 656 2985 qui,
680 2911 789 2982 rejectis
810 2927 875 2966 mss.

68 2985 219 3042 codicibus
233 2985 362 3040 omnibus
373 2985 454 3040 etiam
466 2983 522 3039 auti
546 2985 598 3047 uis,
614 2984 666 3039 soli
682 2984 797 3040 Melana
810 2981 878 3037 edi-

69 3056 146 3112 tioni
171 3055 319 3110 adhereat.
343 3054 422 3122 Quasi
446 3073 512 3111 vero
557 3055 675 3110 ratensis
696 3054 794 3121 codex,
816 3053 877 3124 ipso

71 3128 194 3192 latente,
208 3126 231 3180 si
255 3142 309 3180 uon
327 3125 515 3198 primigenius,
539 3127 636 3182 saltem
653 3125 876 3198 antiquissimus,

71 3196 192 3267 majoris
206 3212 260 3252 nou
287 3205 355 3252 esset
373 3199 554 3255 auctoritatis.
578 3198 670 3269 Neque
694 3197 777 3253 refert
802 3195 875 3322 quod

69 3276 170 3323 sancta
184 3267 302 3324 Melania
316 3268 344 3323 in
359 3268 413 3324 fine
427 3269 538 3326 articuli
548 3269 655 3340 adjecta
669 3269 715 3336 sit,
727 3284 790 3324 cum
816 3282 875 3338 ega-

931 2910 984 2966 dus
1003 2910 1210 2976 memoraverit,
1237 2910 1452 2980 incompertum.
1479 2912 1577 2968 Festus
1601 2910 1661 2983 ejus
1683 2910 1743 2967 dies

932 2981 1033 3037 colitur
1051 2981 1133 3051 vulgo
1152 2997 1232 3036 xxxi.
1256 2980 1335 3046 Quod
1351 2988 1456 3052 spectat
1470 2981 1504 3037 ad
1521 2990 1647 3038 sanctum
1663 2982 1743 3038 Tho-

932 3070 1005 3108 mam
1021 3052 1259 3119 cantuariensem,
1275 3068 1356 3122 quem
1374 3069 1457 3106 mauu
1477 3053 1595 3108 Gothico
1606 3053 1742 3124 scriptum

931 3132 958 3178 et
972 3123 1024 3178 sub
1039 3124 1122 3177 smem
1134 3122 1272 3193 adjectum
1288 3123 1324 3177 rl.
1342 3122 1515 3178 Castellauus
1530 3123 1559 3177 in
1575 3123 1680 3177 famosa
1692 3123 1742 3179 illa

931 3195 1048 3265 epistola
1063 3211 1079 3248 a
1094 3193 1212 3248 Sollerio
1229 3193 1309 3248 toties
1326 3193 1436 3247 laudata
1452 3193 1560 3260 asserit,
1580 3192 1610 3247 id
1626 3193 1741 3249 omuino

931 3265 1077 3320 averitate
1098 3265 1231 3319 alienum.
1254 3265 1293 3318 De
1318 3272 1413 3319 sancto
1437 3264 1543 3318 Thoma
1565 3278 1600 3318 ne
1623 3262 1740 3319 verbum

68 3347 119 3394 tur
134 3339 164 3393 in
180 3338 321 3395 nonnullis
331 3340 474 3396 codicibus
484 3357 547 3397 cum
558 3341 592 3395 ab
603 3341 662 3410 ipso
678 3338 804 3405 laudatis,
818 3346 876 3393 tum
893 3334 914 3393 C
932 3336 1043 3408 quidem
1059 3335 1089 3390 in
1105 3333 1230 3390 Pratensi
1244 3334 1350 3390 codice.
1365 3335 1425 3388 lam
1440 3333 1667 3462 hincqerspiciat
1679 3334 1749 3390 veri·

68 3410 99 3464 ιιι
117 3410 191 3466 Prat.
208 3410 268 3465 cod.
285 3410 316 3465 B.
337 3412 370 3466 D.
387 3412 419 3466 E.
436 3418 464 3465 et
478 3410 661 3480 Montisburg.
677 3411 809 3466 Preterea
823 3409 877 3464 hoc

67 3481 291 3537 additamentum
308 3498 365 3536 uon
380 3482 414 3536 ab
428 3482 528 3548 aliena,
548 3481 595 3536 sed
610 3498 626 3536 a
662 3480 773 3535 rimaris
793 3497 876 3535 iuauu

67 3561 215 3608 exaratum
230 3560 286 3619 est;
303 3569 359 3624 qua
370 3552 403 3606 de
414 3567 495 3607 causa
506 3551 559 3607 boc
568 3551 613 3606 die
651 3551 768 3606 elauiam
779 3551 877 3606 Usuar-

930 3408 1072 3462 studiosus
1088 3408 1174 3463 lector
1188 3413 1321 3477 quantum
1340 3406 1368 3460 in
1381 3405 1498 3476 reliquis
1533 3405 1739 3461 astellanocre-

930 3478 1051 3533 deiidum
1067 3478 1113 3533 sit.
1132 3479 1303 3532 llouiiiaar.

710 3678 914 3737 violantes
926 3676 1134 3735 LECTIONES.

106 3779 169 3834 Haec
182 3778 238 3833 duo
253 3777 388 3833 duntaxat
402 3777 429 3832 iri
446 3779 555 3834 llolaiio
565 3777 728 3850 displicent:
742 3777 815 3849 quod
826 3792 875 3848 pro

71 3850 223 3922 Trophimi,
239 3848 341 3904 scribat
358 3850 496 3929 Trophiiri,
512 3857 539 3904 et
555 3849 687 3920 Fbrutpbi
697 3850 874 3920 prthrulfi.

66 3921 150 3978 Nunc
163 3919 342 3976 ostendendae
358 3921 489 3990 capitales
503 3920 687 3986 variationes,
703 3920 738 3974 ob
751 3936 819 4045 quas
834 3925 875 3974 tot

66 3992 206 4049 codicese
223 4007 354 4062 purorum
370 4006 485 4046 numero
499 3990 604 4045 fuerint
618 3988 754 4045 excluden
776 3990 795 4045 ι.
806 3990 874 4045 Prae·

67 4073 180 4119 tensum
195 4064 324 4118 Prateuse
338 4061 539 4134 autographum
553 4077 616 4116 cum
633 4059 741 4116 duobus
751 4076 874 4116 consue-

67 4136 105 4190 tis
117 4134 203 4191 sociis
219 4131 437 4204 antuerp-Mai.
461 4140 488 4188 et
501 4132 647 4214 llosweyd.
669 4129 770 4203 quibus
790 4147 872 4202 saepe,

66 4214 95 4262 et
109 4205 158 4261 hic
170 4204 271 4260 tertius
286 4203 499 4275 aquicinctinus
514 4202 629 4271 accedit,
649 4220 665 4259 a
681 4202 795 4275 reliquis
810 4217 875 4257 om-

67 4277 153 4332 nibus
168 4276 198 4330 in
211 4291 244 4330 eo
262 4275 411 4343 discordat,
428 4274 501 4346 quod
517 4275 606 4330 textui
622 4275 651 4329 ιιι
673 4274 727 4329 siue
741 4272 871 4344 adjiciat:

65 4349 134 4404 item
148 4347 343 4414 hierosolimis,
359 4353 455 4401 sanctie
474 4347 607 4413 Melaniae,
629 4346 683 4400 Deo
697 4351 819 4413 sacrata,
839 4343 873 4399 de

65 4433 123 4491 qua
139 4418 209 4474 nulli
222 4434 333 4490 prorsus
343 4417 390 4473 alii
404 4417 513 4474 codices
526 4416 636 4472 hoodie
652 4416 811 4483 meminere,
828 4431 873 4470 ex-

929 3784 1009 3848 cepto
1023 3793 1080 3831 unc
1092 3774 1175 3831 unico
1184 3773 1302 3830 Greveni
1313 3770 1447 3827 auctario.
1460 3768 1554 3826 Codex
1565 3768 1738 3826 Heriuiensis

930 3847 1095 3920 purissimus
1109 3854 1190 3912 esset,
1207 3843 1260 3900 nisi
1284 3842 1405 3899 secundo
1425 3843 1486 3922 loco
1511 3841 1654 3922 proprium
1675 3841 1737 3920 ¹lle-

929 3935 1022 3975 mense
1036 3917 1207 3989 interjiceret
1223 3935 1228 3972 :
1251 3915 1355 3973 Relatio
1369 3928 1559 3984 preciosissimi
1572 3928 1703 3982 corporis,
1720 3930 1738 3967 a

928 3991 1032 4045 ciuitate
1045 3992 1199 4056 Remorum,
1219 3988 1287 4042 beati
1302 3985 1423 4056 Remigii.
1445 3983 1544 4040 Caeteri
1566 3982 1623 4038 iere
1641 3999 1737 4038 oiiiiies

928 4068 1013 4131 agunt
1027 4060 1061 4115 de
1077 4060 1182 4114 Thoma
1197 4057 1400 4124 Caiituarieosi,
1417 4063 1448 4110 ut
1461 4056 1559 4111 ordine
1573 4071 1624 4110 suo
1637 4054 1666 4109 in
1681 4054 1737 4110 Au-

928 4131 1023 4187 ctariis
1037 4129 1300 4185 demonstrabimus.
1318 4129 1400 4182 Notat
1415 4126 1597 4192 castellanus,
1617 4125 1645 4180 iii
1670 4141 1737 4197 pra·

928 4203 984 4257 fato
999 4200 1124 4255 Prateusi
1139 4198 1235 4254 codice
1250 4198 1302 4252 suh
1323 4198 1406 4251 linem
1425 4204 1556 4265 praeterea
1569 4195 1653 4266 adjici
1672 4215 1678 4251 :
1701 4198 1737 4252 m

929 4273 957 4328 S.
981 4272 1028 4326 Th.
1048 4272 1180 4327 Cautucr.
1197 4268 1249 4323 Sed
1264 4283 1346 4321 manu
1359 4264 1488 4330 Gothico,
1501 4265 1602 4335 inquit,
1620 4265 1667 4319 ubi
1681 4266 1736 4322 Mc·

929 4343 1002 4398 lania
1012 4339 1222 4410 Carlovingiaco
1237 4338 1394 4393 charactere
1403 4334 1561 4400 ascribitur,
1575 4351 1630 4406 quo
1645 4342 1734 4390 totuin

928 4413 1051 4469 codicem
1070 4419 1214 4467 exaratum
1231 4424 1302 4480 saepe
1316 4414 1432 4462 testatus
1451 4412 1501 4460 est.
1593 4419 1600 4431 ·

746 4537 1048 4597 GESERVATIONES.

103 4639 199 4697 Liceat
214 4639 261 4697 hic
274 4641 325 4697 sub
340 4641 429 4713 operis
449 4641 531 4696 sineru
552 4639 636 4694 verbo
651 4647 783 4709 repetere,
800 4635 1037 4710 quodDiueiim‚
1073 4636 1160 4690 fateor
1193 4632 1326 4688 hactenus
1357 4629 1494 4685 incertum
1521 4645 1588 4684 esse.
1618 4629 1733 4686 Interim
1791 4656 1800 4670 κ

66 4726 125 4766 non
141 4713 225 4766 semel
236 4728 318 4783 snpra
329 4712 473 4768 manifeste
483 4710 665 4777 ostendimus,
676 4727 764 4765 nuum
776 4726 875 4781 nempe

64 4799 81 4837 e
108 4782 299 4853 singularibus
322 4783 439 4840 iloinani
465 4783 544 4855 parvi
572 4782 779 4838 characteribus
807 4797 875 4850 esse,

64 4854 144 4979 qnod
167 4861 267 4925 praeter
289 4863 403 4910 caeteros
420 4855 630 4927 martyrologos,
648 4855 739 4925 plures
753 4869 768 4908 e
783 4851 877 4910 Veteri

88 4932 246 4981 estamento
271 4925 441 4997 patriarchas
468 4934 495 4981 et
523 4926 679 4996 prophetas,
710 4924 876 4981 Christianis

63 4997 155 5053 sacris
170 4995 298 5064 insertos,
316 5004 500 5067 repraesentet.
519 4997 575 5052 iles
589 4996 678 5051 Drcid
694 5011 745 5050 uec
764 4997 798 5051 ab
816 4996 876 5052 ullo

64 5067 301 5138 Hieronymiano,
312 5083 363 5123 nec
377 5084 392 5122 a
405 5068 477 5123 Beda
491 5075 538 5123 aut
547 5065 606 5137 ejus
616 5066 778 5147 sequacibus
794 5066 876 5121 Floro

63 5146 94 5194 et
111 5137 234 5206 Rabano,
255 5139 277 5194 si
298 5146 380 5193 natus
396 5138 540 5210 reperitur,
557 5135 605 5196 aad
620 5152 742 5208 primum
763 5136 797 5191 ab
819 5154 875 5192 au-

63 5216 145 5266 ctore
166 5209 250 5337 qarvi
272 5156 348 5264 iilius
363 5208 565 5291 Martyrologii,
588 5207 632 5263 bis
657 5206 749 5263 verbis
765 5225 771 5262 :
788 5208 877 5262 David

63 5296 95 5336 re
120 5280 125 5291 '
142 5323 149 5336 .
192 5297 231 5338 aec
246 5281 307 5336 Ado
321 5280 485 5352 simpliciter
496 5277 680 5349 transcripsit,
690 5278 788 5334 Noster
797 5279 876 5333 auxit

63 5367 97 5408 so
111 5367 128 5407 a
151 5352 292 5424 praemissa
317 5351 464 5423 positione,
480 5350 527 5407 sed
543 5350 667 5422 neglecto
685 5349 785 5420 elogio,
801 5347 875 5420 quod

62 5431 162 5478 ιιιιιιιι
177 5423 240 5478 aliis
256 5422 417 5494 hujusmodi
437 5424 540 5479 sanctis
563 5438 598 5477 sae
657 5419 795 5493 applicare
820 5436 875 5475 uon

62 5494 256 5566 praetermisit.
283 5493 375 5549 Patuit
390 5494 418 5550 id
433 5493 586 5550 clarissime
601 5437 671 5548 fficis
705 5490 824 5558 laribus,
843 5498 876 5547 ut

62 5564 133 5621 vide
147 5582 178 5621 vr
192 5565 270 5630 Julii,
286 5582 316 5621 vi
332 5565 511 5637 Septembris,
527 5563 628 5636 saepius
643 5562 679 5619 al'
701 5564 721 5629 ι,
737 5577 769 5618 ac
783 5577 875 5618 recen·

63 5635 177 5694 tissime
191 5653 241 5692 xvi
254 5636 426 5692 Decembris.
437 5636 536 5692 Utrum
548 5633 764 5693 wandalbertus
777 5633 875 5691 licina·

63 5723 136 5764 num
152 5722 267 5778 parvom
281 5707 394 5775 viderit,
410 5714 505 5763 utrum
519 5705 601 5762 ambo
613 5703 800 5788 antiquiorem
814 5702 875 5761 iori-

62 5787 126 5839 tem
141 5778 344 5848 consuluerint,
370 5785 436 5836 utut
461 5779 591 5837 cumaeis
613 5772 745 5835 bisilicas·
760 5778 878 5835 conatus

929 4716 1078 4780 utmmque
1091 4713 1217 4761 sanetum
1230 4703 1284 4760 boc
1294 4702 1339 4758 die
1349 4717 1364 4756 a
1374 4701 1486 4757 laudato
1496 4710 1607 4756 auctore
1617 4702 1733 4758 Romani

930 4796 1007 4852 parvi
1028 4778 1208 4844 celebraturo,
1224 4775 1265 4832 sic
1281 4773 1407 4829 versibus
1420 4773 1479 4827 suis
1493 4773 1642 4829 honoravit
1656 4781 1735 4844 poeta

932 4852 1137 4923 martyrolcgus
1156 4867 1161 4904 :

931 4968 1012 5018 Vates
1028 4980 1123 5029 resque
1141 4965 1206 5028 pius.
1218 4963 1314 5012 divinia
1325 4968 1350 5010 et
1361 4961 1450 5024 stirpis
1466 4961 1541 5022 origo

930 5030 1043 5091 halguit
1052 5037 1172 5093 quartum
1191 5024 1276 5075 David
1288 5038 1408 5073 sermone
1419 5023 1532 5085 fideque.

931 5092 1055 5154 Urhsque
1070 5092 1174 5151 Arelas,
1188 5088 1329 5150 Trophimo
1342 5084 1459 5147 gaudens
1476 5091 1587 5146 pastore,
1606 5090 1734 5132 coiisseut.

966 5207 1015 5261 Est
1029 5205 1113 5282 igitur
1128 5201 1303 5258 annuntiatio
1320 5208 1413 5254 nostra
1428 5196 1549 5252 secunda
1572 5210 1588 5249 a
1611 5195 1733 5250 Romano

930 5294 1014 5350 parvo
1029 5292 1068 5330 sic
1083 5274 1204 5354 primum
1219 5286 1327 5344 quoque
1339 5270 1428 5341 posita
1445 5287 1450 5322 :
1468 5269 1504 5323 Et
1525 5265 1663 5337 Trophimi
1672 5265 1733 5335 epi-

930 5348 1011 5418 scopi,
1027 5344 1153 5414 disesputi
1170 5344 1361 5414 apostotorum.
1384 5338 1567 5409 Frequentius
1585 5351 1734 5417 supra-ie-

930 5424 1077 5476 curreruut
1090 5413 1178 5471 sancti
1194 5413 1236 5468 illi
1248 5409 1376 5483 apostoli,
1391 5426 1439 5465 seu
1454 5408 1641 5479 apostolorum
1652 5407 1734 5464 disci-

930 5490 1000 5562 puli,
1014 5504 1049 5543 eit
1061 5486 1140 5543 Novo
1154 5484 1329 5539 Testamenta
1342 5480 1446 5545 educti,
1459 5496 1543 5551 parvo
1557 5479 1732 5550 huicblarty·

930 5560 1046 5631 relegio,
1062 5572 1118 5613 nun
1133 5555 1226 5611 minus
1240 5569 1321 5625 quam
1344 5550 1506 5623 patriarchas
1529 5559 1557 5606 et
1580 5550 1730 5623 prophetae,

930 5635 1045 5687 omniuo
1059 5643 1109 5702 pro
1129 5626 1164 5682 rii
1179 5643 1185 5682 :
1200 5640 1251 5682 nec
1264 5623 1383 5680 dubium
1392 5622 1514 5692 videtur,
1530 5621 1598 5694 quin
1609 5621 1655 5676 hic
1669 5637 1733 5675 vere

929 5700 1090 5772 designetur
1105 5642 1268 5770 immeo
1280 5694 1371 5764 ille,c
1391 5693 1434 5750 'us
1448 5708 1549 5762 nomen
1563 5700 1604 5750 est
1615 5693 1730 5759 noim,

928 5786 1003 5831 ren.
1017 5768 1047 5843 i,
1059 5774 1090 5829 ot
1101 5780 1277 5840 mmm,
1289 5780 1364 5833 tetta
1421 5778 1579 5839 tqueiiiqae
1592 5763 1733 5836 apostolus

1693 224 1900 288 ὥθ’.
