3834 6136
165 172 216 229 ast

734 238 736 243 .
826 163 987 223 usuram
1005 163 1165 224 uouacni

1768 160 1822 223 232

767 308 970 365 vastamus
994 308 1199 368 sudatorias.

199 411 311 468 dederim
329 409 493 481 simpliciter
513 409 638 466 scribunt
658 407 765 464 codIces
786 423 893 474 omnes,
910 424 966 463 eir-
982 410 1081 468 Acen.
1098 407 1144 463 sed
1159 407 1276 462 Greuen.
1292 422 1401 463 sensum
1425 403 1551 471 invertit,
1575 421 1622 476 per
1643 404 1758 461 Neronis
1772 404 1820 460 im·

164 491 243 565 cepto
262 482 383 536 Pratensi
406 489 499 536 nostre
520 479 686 553 apographo,
707 479 736 534 in
752 496 806 552 quo
821 487 847 534 et
862 480 964 547 Escioe,

163 563 203 611 uti
219 554 307 609 Belin.
325 559 351 607 et
368 553 467 607 Melan.
486 552 597 607 habent.
611 553 773 618 Tornaceu.,
789 551 923 606 Munerat.
939 558 966 605 et

164 625 212 681 alii
228 628 317 689 isuaia,
330 642 379 680 uos
394 642 455 678 cuin
471 624 610 679 lleriiiien.
622 632 650 678 et
664 624 781 678 Greven.
794 630 825 676 ut
837 622 864 677 in
875 630 963 678 textu.

163 700 193 753 In
217 696 381 751 Toriiacensi
405 695 480 751 deest
496 695 588 763 jurate,
610 702 672 749 ante
693 701 835 749 troiisitiun
852 695 964 760 Oembae,

164 769 378 839 momentique,
397 775 437 822 est
451 767 480 822 iu
497 767 663 833 lleriuiensi,
679 766 707 820 in
725 766 832 832 ilelino,
854 766 964 821 Oetam.

163 840 259 897 Ceteri
283 839 458 894 communius
482 840 594 894 Octauo.
621 838 733 893 Neronis
748 836 855 908 imperii
871 845 964 892 trans-

162 912 240 984 ponit
261 912 395 968 Munerat.
420 911 448 965 in
472 910 578 982 imperii
601 909 727 976 ll'ei’onis,
752 911 794 965 uti
813 915 840 964 et
855 908 964 963 Torna-

1018 480 1068 550 pii.
1086 479 1120 535 Et
1144 495 1248 546 rursus,
1271 477 1338 533 ad...
1363 476 1565 547 Coiisessionem'
1580 482 1748 544 memoraret,
1771 493 1822 548 pro

1021 558 1119 606 oraret.
1137 550 1182 605 Sic
1194 551 1338 616 Munerat,
1361 550 1493 619 lapidibus
1506 563 1554 619 pro
1576 548 1721 618 lapidatus.
1748 548 1823 604 lnter

1038 639 1111 686 uros,
1132 622 1207 676 solus
1226 621 1333 675 Praten.
1353 621 1418 691 legit
1434 619 1589 689 litigiosae,
1602 628 1632 674 ut
1647 635 1711 673 mox
1727 619 1822 690 pluri-

1020 639 1070 747 bus
1084 693 1184 747 dicam.
1200 692 1297 746 Melius
1318 691 1427 762 reliqui,
1453 692 1480 743 iu
1497 707 1564 761 pugo
1592 692 1756 758 Treverensi,
1768 707 1821 764 pro

1019 781 1073 835 quo
1089 764 1158 818 male
1168 763 1297 819 scribitur
1312 763 1339 816 in
1356 761 1496 817 Herinien.
1518 761 1684 817 Treverensi.
1700 761 1759 818 Alii
1773 762 1822 818 ali·

1018 842 1059 890 ter
1076 836 1180 908 legunt,
1196 835 1252 903 sed,
1269 834 1298 889 ni
1313 834 1403 902 fallor,
1420 850 1496 906 arque
1510 833 1648 890 aberrant.

842 1022 1143 1081 OBSERVATIONES.

198 1126 367 1182 Hodiernum
394 1124 476 1180 etiam
499 1132 607 1179 textum
633 1140 668 1178 ex
694 1121 790 1178 Adone
812 1122 961 1190 Usuardus‚

161 1198 208 1254 ille
222 1215 257 1252 ea
272 1199 394 1253 Romano
407 1213 491 1267 parto
503 1203 590 1251 totum
607 1193 771 1266 desumpsit,
789 1210 874 1266 neque
888 1193 962 1249 enim

161 1269 190 1324 in
208 1269 439 1339 hieronymianis,
455 1284 469 1322 e
487 1266 579 1322 relatis
597 1266 705 1322 Sanctis
719 1266 864 1338 quisquam
877 1274 962 1320 nota-

160 1349 215 1408 tur,
233 1341 279 1397 sed
295 1341 328 1396 de
342 1342 400 1396 sola
416 1341 514 1395 Octauii
534 1339 716 1408 apostolorum
736 1337 836 1408 agitur,
861 1337 895 1392 de
909 1352 963 1409 qua

160 1419 187 1467 et
203 1412 284 1479 Beda,
301 1413 456 1483 proplietam
476 1411 574 1465 iscium
590 1408 741 1481 prefigens,
766 1417 796 1463 ut
812 1408 877 1463 fecit
896 1424 962 1480 per-

160 1490 258 1556 petuus
272 1480 331 1554 ejus
352 1491 470 1538 sectator
484 1481 620 1538 nauanus.
642 1483 681 1537 lle
705 1480 892 1559 Tranquilliiiq
907 1495 960 1534 ine·

160 1554 243 1609 minit
269 1553 380 1625 quidem
405 1552 513 1621 Florus,
537 1552 585 1607 sed
610 1553 658 1618 ita,
683 1561 714 1608 ut
729 1568 779 1606 nec
803 1551 894 1606 Adoni
911 1567 961 1607 nec

160 1624 284 1681 Usuardo
300 1624 461 1696 praeluxisse
475 1624 532 1679 ullo
549 1622 631 1679 modo
645 1623 783 1678 videatur.
800 1624 893 1694 Itaque
909 1625 958 1679 Ro·

160 1713 272 1752 manum
286 1712 478 1767 parvuuiscum
498 1695 566 1750 isaia
584 1695 682 1748 Joeiem
703 1694 860 1760 annuntiat,
877 1694 918 1749 uti
933 1699 960 1748 et

159 1768 229 1823 Ado.
246 1768 282 1822 At
298 1776 400 1834 noster,
416 1766 516 1822 omissa
532 1766 691 1837 posteriore,
707 1781 792 1836 genus
808 1765 915 1832 mortis,
931 1771 959 1820 et

158 1839 306 1910 sepulturae
321 1838 499 1894 locumalteri
515 1835 714 1910 superaddidit.
730 1836 836 1907 Opinor
850 1835 957 1916 epri-

158 1909 272 1983 phanio,
293 1910 372 1981 cujus
396 1917 552 1965 extractum
572 1908 684 1963 exhibet
709 1908 806 1963 Surius
829 1907 955 1975 hoodie,

1017 1123 1089 1190 ruit,
1106 1120 1185 1193 cujus
1200 1121 1319 1192 priorem
1332 1126 1437 1194 partem
1452 1136 1487 1176 ex
1507 1118 1618 1175 Melane
1640 1119 1669 1175 in
1685 1120 1823 1178 Additio-

1018 1193 1100 1249 nibus
1121 1193 1307 1249 recitabimus.
1334 1194 1395 1263 lpsa
1416 1190 1503 1247 sancti
1531 1191 1596 1247 Vita
1616 1191 1651 1247 ab
1679 1208 1823 1265 anonymo

1017 1264 1067 1320 sub
1078 1264 1187 1337 equali,
1199 1264 1305 1319 rudiori
1314 1265 1387 1334 stylo
1397 1263 1558 1335 composita,
1571 1269 1598 1317 et
1611 1263 1697 1318 altera
1708 1281 1723 1319 a
1734 1267 1820 1322 Wan-

1016 1335 1141 1392 dalberto
1156 1352 1190 1390 ex
1210 1335 1282 1391 usito
1295 1335 1374 1391 editae
1389 1342 1453 1390 sunt
1467 1343 1495 1390 et
1508 1333 1749 1392 observationibus
1758 1337 1822 1394 illu·

1016 1416 1107 1462 siriae
1124 1424 1139 1463 a
1154 1352 1301 1462 blabilione
1315 1407 1407 1462 seculo
1429 1423 1449 1461 ιι
1465 1405 1619 1473 Benedici,
1636 1423 1652 1461 a
1677 1423 1738 1479 pag.
1756 1409 1820 1467 275.

1016 1479 1154 1534 Posterior
1173 1479 1255 1533 etiam
1274 1485 1364 1534 exstat
1378 1477 1450 1549 apud
1466 1478 1589 1544 Surium,
1609 1477 1657 1534 sed
1671 1480 1822 1552 antiquio-

1016 1567 1071 1604 rem
1088 1549 1198 1622 praelert
1212 1550 1348 1617 cointius,
1364 1548 1479 1621 sparsim
1500 1548 1534 1604 de
1549 1549 1635 1604 Goare
1651 1549 1680 1605 iu
1695 1552 1822 1607 Annali-

1013 1622 1066 1677 bus
1085 1622 1141 1677 suis
1164 1638 1247 1692 agens
1269 1622 1302 1678 ad
1317 1638 1404 1677 annos
1423 1637 1529 1688 nexuri,
1553 1638 1672 1690 unuani,
1695 1639 1769 1679 nexi
1793 1633 1821 1683 et

1014 1709 1143 1759 nnxnvn3
1167 1710 1227 1766 quae
1251 1693 1344 1748 omnia
1363 1691 1487 1748 ulteriori
1507 1692 1672 1749 discussioni
1694 1710 1819 1752 reserua-

1014 1781 1084 1820 rnus.
1099 1764 1237 1830 Quaeritur
1253 1763 1299 1820 hic
1313 1765 1452 1837 quomodo
1466 1763 1647 1837 depositionis
1660 1766 1757 1822 locum
1770 1783 1817 1823 ex·

1013 1836 1141 1907 presserit
1160 1835 1324 1892 Usuardusl
1351 1836 1488 1891 Pratensis
1502 1852 1565 1892 cum
1587 1835 1677 1893 tribus
1691 1837 1747 1893 sibi
1762 1839 1818 1911 ple·

1013 1923 1128 1978 rumque
1147 1908 1348 1975 consimilibus,
1371 1906 1597 1979 Antuerp.·h{aj.,
1624 1908 1774 1982 llosweyd.
1790 1918 1818 1968 et

158 1998 221 2037 cum
244 1983 330 2036 altero
353 1981 435 2036 etiam
455 1979 488 2035 ad
511 1980 608 2035 lsaiam
632 1988 781 2051 spectante,
797 1995 832 2034 ex
851 1978 956 2034 isidoro
971 1983 993 2042 B
1010 1978 1217 2050 Aquicinctino‚
1234 1979 1316 2059 legit:
1343 1980 1376 2034 Iu
1389 1996 1457 2049 papo
1472 1979 1631 2048 illegitima,
1656 1981 1817 2052 Mepaieiisi,

158 2051 313 2124 Hispalensi
329 2050 483 2122 desumpto.
500 2053 536 2106 iti
551 2058 648 2106 aemuia
660 2051 840 2122 apostoloram
856 2049 955 2104 iisdem

158 2139 254 2180 omnes
268 2122 360 2179 verbis
374 2123 547 2195 consignant.
560 2125 598 2179 De
633 2123 703 2179 riano
718 2121 781 2178 item
794 2122 862 2176 beati
875 2120 958 2176 Pauli

157 2195 271 2266 apostoli
289 2195 407 2265 iiigiessu
433 2195 461 2248 ia
489 2196 581 2250 urbem
605 2139 716 2250 Bonum
746 2193 837 2265 phrasi
861 2208 958 2263 parum

157 2266 306 2322 admodum
321 2266 462 2322 differunt.
487 2266 565 2320 Anne
579 2267 691 2320 seeiiudo
707 2265 819 2321 Neronis
841 2265 955 2335 imperii,

157 2337 286 2409 adjunxit
301 2338 373 2403 Ado,
388 2354 448 2418 quae
464 2338 561 2394 Noster
575 2336 730 2409 descripsit,
754 2338 877 2408 neglecta
891 2337 958 2390 Pau-

158 2410 279 2464 linaruni
303 2410 554 2482 peregrinationum
585 2410 666 2482 longa
689 2409 770 2476 serie,
797 2424 858 2480 quae
886 2406 958 2479 apud

156 2481 281 2537 Adonem
297 2482 385 2538 videri
401 2490 499 2552 potest.
520 2481 650 2554 Sequitur
665 2480 692 2536 in
708 2481 831 2537 Romano
853 2495 957 2559 parvo:

156 2554 193 2608 Et
215 2553 397 2622 Tiunqiallini
412 2553 560 2623 inui·tqi·is;
586 2551 664 2623 cujus
687 2552 769 2607 breve
789 2552 909 2621 elogium
924 2548 958 2604 ab

157 2623 253 2678 Adone
281 2638 315 2677 eir
339 2623 416 2678 Actis
437 2623 525 2677 saneti
547 2622 698 2677 Sebastiam
716 2622 773 2693 jam
796 2638 853 2676 non
875 2621 958 2675 semel

158 2692 258 2760 citatis,
275 2694 483 2759 concinnatum,
497 2692 637 2747 Usuardus
653 2693 681 2746 in
698 2693 828 2763 pauciora
843 2699 958 2746 contra-

159 2765 211 2830 xit,
227 2780 242 2818 a
258 2763 354 2818 inediae
369 2770 440 2818 notai
464 2762 606 2818 codicibus
629 2763 714 2818 ferme
738 2763 843 2834 integre
863 2761 958 2817 reddi-

158 2842 228 2901 tum,
245 2835 319 2889 utin
335 2834 473 2890 Auctariis
487 2833 694 2889 monstrabitur.

194 2906 296 2959 Ultima
324 2906 434 2960 demum
455 2905 681 2962 commemoratio
709 2903 748 2959 sic
780 2903 809 2958 in
834 2905 957 2961 Romano

158 2992 243 3058 parvo
257 2977 387 3031 ellertur:
405 2980 441 3032 Et
455 2977 554 3032 natulis
569 2977 659 3034 suncti,
669 2976 766 3032 Goaris
779 2976 957 3044 consessoris;

157 3065 184 3102 ru
214 3048 309 3103 Adone
329 3056 439 3103 autem:
461 3050 560 3103 Eodem
585 3049 635 3115 die,
665 3047 790 3118 depositio
816 3047 958 3102 beatissimi

159 3122 256 3176 Goaris
270 3120 438 3190 confessoris.
454 3121 493 3175 lta
508 3119 672 3191 simpliciter
686 3119 787 3245 absque
807 3119 863 3173 ulla
878 3120 958 3190 posi·

155 3191 241 3257 tione,
256 3192 371 3265 quernei
387 3209 538 3264 perperam,
554 3193 581 3246 iii
596 3209 663 3317 pqqo
681 3193 744 3246 Tiar
763 3191 853 3245 arensi
867 3190 957 3245 ascri-

155 3263 197 3319 bit
223 3264 345 3332 hlabilio,
372 3264 431 3320 loco
456 3263 528 3319 inira
552 3263 625 3319 citan
648 3280 674 3330 o,
700 3263 773 3318 utin
797 3262 957 3334 praelatione

154 3336 335 3392 ostendimus.
351 3336 478 3393 llabanus
503 3336 655 3409 longiorem
670 3333 735 3390 vitae
751 3333 895 3391 historiam
908 3341 957 3389 te·

1014 2051 1058 2104 vel
1079 2049 1251 2116 Alsietinam,
1273 2066 1354 2122 quem
1370 2049 1451 2105 nobis
1475 2066 1586 2122 prorsus
1606 2050 1735 2122 ignotum
1751 2051 1818 2109 tate·

1014 2137 1086 2177 mur.
1103 2121 1204 2192 Pagum
1225 2124 1418 2190 Trevereusein,
1444 2122 1479 2178 ab
1493 2121 1555 2177 aliis
1573 2123 1713 2193 signatum
1733 2124 1818 2197 probs

1015 2191 1154 2260 novimus,
1170 2193 1389 2250 necduhitamus
1404 2193 1471 2266 quin
1496 2193 1535 2248 ita
1552 2193 1693 2250 Usuardus
1713 2196 1818 2268 primi-

1014 2263 1093 2390 qenia
1107 2263 1200 2336 phrasi
1213 2264 1364 2336 scripserit,
1379 2271 1410 2321 ut
1420 2264 1536 2337 proinde
1554 2264 1588 2320 ab
1603 2265 1735 2338 imperito
1748 2284 1818 2340 quo·

1033 2352 1088 2404 ein,
1116 2337 1239 2392 Pratensi
1264 2336 1353 2392 codici
1392 2337 1512 2407 ignotam
1555 2353 1652 2393 vocem
1681 2339 1814 2397 insertam

1014 2414 1146 2478 oporteat,
1166 2424 1225 2479 quae
1237 2407 1302 2463 inde
1317 2408 1345 2463 in
1360 2409 1439 2476 alios,
1455 2424 1489 2462 eir
1499 2424 1531 2464 eo
1541 2407 1635 2465 codice
1650 2407 1815 2483 descriptos,

1013 2479 1163 2534 transierit.
1177 2478 1249 2545 Quid
1260 2480 1399 2535 Molanum
1409 2479 1587 2536 absterruerit
1602 2479 1635 2535 ab
1651 2481 1753 2538 ultima
1765 2482 1816 2540 hac

1013 2551 1226 2609 annuntiatione
1239 2551 1363 2608 Usuardo
1381 2551 1559 2623 vindicanda,
1580 2551 1718 2623 conjicere
1733 2570 1816 2626 pror-

1013 2638 1059 2676 sus
1087 2637 1202 2693 nequeo,
1234 2622 1261 2677 in
1284 2630 1338 2677 tarn
1365 2631 1457 2694 aperta
1483 2623 1639 2678 rivulorum
1664 2640 1728 2680 cum
1755 2625 1815 2698 ipso

1013 2693 1099 2759 lonte,
1114 2693 1166 2748 hoe
1179 2701 1220 2748 est
1235 2696 1314 2750 Rom.
1340 2694 1429 2775 parvi,
1444 2693 1550 2749 Adonis
1566 2702 1594 2749 et
1616 2695 1735 2752 Usuardi
1751 2713 1814 2754 con·

1012 2765 1148 2831 sannone,
1165 2780 1247 2835 quain
1262 2773 1289 2820 et
1310 2765 1352 2819 illi
1374 2766 1494 2820 ostendit
1518 2765 1745 2836 wandalbertus,
1767 2768 1815 2824 ho·

1012 2835 1122 2960 diernqs
1143 2843 1261 2904 sanctos,
1296 2836 1418 2910 quinque
1443 2837 1588 2894 versiculis
1611 2839 1652 2895 sic
1677 2839 1815 2912 eleganter

1012 2923 1092 2979 comp
1106 2922 1194 2962 exus:

1075 3092 1193 3143 Eximius
1209 3092 1290 3143 Vates
1306 3093 1389 3158 pridie
1404 3094 1526 3146 desectus
1544 3097 1569 3146 iu
1581 3099 1644 3148 orbe

1074 3156 1198 3218 Martyria
1215 3156 1305 3205 Esaias
1323 3159 1416 3207 virture
1433 3168 1508 3222 atque
1526 3175 1569 3209 ore
1584 3166 1713 3217 coruscat.

1073 3217 1260 3282 Tranquilline,
1276 3222 1353 3269 siruul
1368 3221 1465 3283 duplici
1479 3222 1616 3285 splendore
1634 3227 1758 3288 refulges.

1073 3281 1227 3331 Sanctorum
1253 3285 1363 3344 genitor,
1387 3293 1489 3333 sanctes
1510 3287 1631 3336 comitate
1650 3295 1812 3352 peremptos3

1073 3342 1190 3407 Tumque
1202 3344 1272 3395 Goar
1287 3347 1381 3396 tunso
1401 3348 1494 3396 colitur
1504 3349 1668 3413 larnulusque
1679 3366 1812 3415 sacerque.

886 3454 1078 3513 atturniam.

189 3551 414 3611 Ameana-lilii.
430 3563 491 3625 post
505 3551 613 3622 isaiam,
628 3551 749 3610 secunde
762 3553 823 3609 loco
838 3553 951 3608 inserit:
968 3557 989 3614 ti
1008 3553 1215 3626 prophetarum,
1234 3554 1293 3627 qui,
1308 3556 1445 3628 siquidem
1456 3557 1551 3615 Ysaias
1564 3569 1664 3629 sectus,
1676 3569 1731 3620 ete.
1752 3563 1812 3635 Ipso

160 3627 266 3693 «lieni,
282 3626 418 3696 depositio
439 3626 524 3680 sancti
551 3625 678 3679 Teulredi
694 3624 839 3679 diaconi.»
870 3626 904 3680 Et
924 3625 953 3679 in

154 3697 208 3752 fine
232 3696 388 3752 subnectit:
422 3697 507 3766 ‹lpso
522 3695 576 3761 die,
603 3696 631 3749 in
648 3695 953 3765 Britannia-depositio

152 3775 252 3824 sancta
275 3766 461 3837 Seirhurgae.·
496 3765 575 3833 Quod
591 3782 640 3838 pro
663 3766 824 3835 Treui-renai,
851 3766 953 3822 scribat

134 3837 311 3909 Megaieasi,
323 3837 380 3908 jam
394 3836 528 3892 diximus.

189 3911 337 3967 lloswiirn.
353 3909 467 3979 incipit:
490 3907 612 3963 ·Octava
625 3910 812 3979 apostolorum
832 3908 904 3963 Petri
927 3916 954 3964 et

152 3981 241 4038 Pauli.
256 4007 265 4031 ι
284 3980 421 4038 Convenit
440 3980 470 4033 in
487 3980 641 4050 augmentis
658 3996 720 4034 cuin
737 3981 953 4036 Asinaia-iti-

151 4070 229 4119 ionr,
244 4051 291 4109 sed
306 4068 355 4123 pro
375 4049 499 4119 Tertiaedi
514 4051 538 4105 le
558 4049 590 4118 ii,
610 4050 765 4120 Throfreili:
788 4060 814 4107 et
838 4052 951 4107 Scabris·

150 4141 210 4195 poa:
226 4139 273 4195 per
293 4138 366 4177 eram
381 4121 479 4177 tribuit
492 4068 606 4177 litabam
626 4122 752 4194 Virginis.
774 4123 826 4178 Pro
853 4126 952 4179 Treue-

151 4195 224 4250 reiisi
239 4139 322 4250 habet
335 4194 506 4251 Machinensi'.

186 4267 341 4322 Puesausu.
357 4282 443 4338 purus
457 4273 596 4338 estusque
610 4264 645 4321 ad
657 4264 841 4338 Tranquilliai
849 4271 950 4337 marty·

149 4338 189 4392 ris
206 4338 352 4394 inclusive.
374 4337 477 4395 Cratera
489 4338 599 4394 desunt.

185 4411 282 4467 Brenn
312 4410 401 4483 prima
425 4409 510 4465 editio
537 4417 564 4466 et
597 4410 730 4466 horines
758 4409 891 4467 deficiunt
920 4410 948 4466 in

149 4482 248 4540 ultima
265 4481 487 4551 annuntiatione,
503 4480 537 4537 de
554 4497 608 4554 qua
622 4481 748 4555 superius
766 4481 795 4538 iu
808 4483 950 4540 Observa-

149 4554 224 4612 tione
239 4555 319 4626 plura
332 4554 466 4610 diximus.
912 4600 918 4606 .

184 4626 326 4681 Arrruaae.
340 4634 367 4681 et
375 4626 565 4681 blau-Lunae.
579 4644 585 4681 :
603 4625 712 4682 ‹Ysaiae
727 4627 893 4702 Prophetae
909 4626 948 4682 ihi

148 4694 279 4751 sistendo.
296 4699 377 4751 Deest
392 4713 480 4751 aniius
491 4698 628 4767 ingressus
643 4698 730 4754 Pauli.
751 4700 790 4754 De
805 4698 948 4771 Tranquil·

148 4765 206 4820 lino
221 4764 385 4835 adjungunt,
399 4781 458 4836 qua·
470 4767 608 4821 Usuardus
618 4777 814 4839 suppresserat,
830 4785 946 4840 nempe:

1008 3626 1064 3692 die,
1083 3626 1188 3697 primus
1203 3627 1289 3683 sancti
1303 3629 1378 3683 l'auli
1390 3629 1514 3700 Apostoli
1527 3632 1665 3703 ingressus
1678 3633 1811 3691 inurbem

1008 3699 1134 3753 lloinam.
1163 3699 1233 3753 Dum
1263 3698 1320 3753 ise
1350 3699 1383 3753 ad
1407 3701 1599 3772 imperatorem
1623 3707 1812 3777 appellans,a

1008 3770 1087 3823 Festo
1094 3769 1218 3892 tqiraeside
1230 3715 1330 3849 luthere
1345 3770 1413 3827 illuc
1428 3774 1539 3829 vinctus
1554 3776 1722 3845 mitteretur,
1739 3793 1810 3834 anno

1008 3855 1091 3895 secun
1113 3855 1129 3893 o
1149 3855 1257 3911 imperii
1282 3842 1432 3898 Neronis.»
1462 3846 1501 3899 lle
1517 3846 1713 3919 Tranquillino
1730 3849 1811 3906 habet

1008 3921 1144 3981 utsupra.
1161 3911 1229 3966 Tum
1243 3929 1249 3966 :
1267 3912 1378 3982 (addere
1395 3914 1441 3970 hic
1456 3914 1555 3971 iterum
1575 3926 1683 3990 poterat
1722 3936 1752 3976 er
1766 3937 1810 3977 an·

1007 3980 1209 4063 ticipatiouein)
1233 3984 1336 4056 «Apud
1351 3986 1559 4056 Alexandriam,
1582 3991 1672 4047 sancti
1695 3936 1811 4049 lssanthe·

1008 4054 1062 4134 inii·
1082 4052 1230 4135 [Pantaeni]
1255 4057 1429 4135 confessoris,
1452 4058 1505 4113 viri
1530 4063 1676 4131 apostolici
1693 4072 1721 4119 et
1735 4064 1809 4119 omni

1006 4135 1141 4196 sapientia
1155 4124 1290 4182 adornati.
1315 4127 1400 4199 Cujus
1415 4138 1521 4185 tantum
1547 4133 1643 4200 studii,
1667 4142 1695 4190 et
1708 4135 1811 4192 auroris

1006 4212 1071 4276 erga
1091 4197 1205 4252 verbum
1232 4198 1280 4252 liei
1301 4198 1364 4266 luit,
1391 4210 1421 4256 ut
1436 4202 1518 4257 etiam
1543 4203 1577 4258 ad
1602 4205 1808 4275 praedicandum

1006 4267 1109 4326 Christi
1124 4270 1296 4340 evangelium
1312 4270 1442 4327 omnibus
1457 4273 1593 4344 gentibus,
1611 4278 1658 4348 qui
1674 4278 1705 4332 in
1715 4279 1808 4334 Orien·

1005 4339 1041 4396 tis
1056 4340 1164 4396 ultimis
1188 4341 1360 4398 successibus
1379 4343 1578 4412 reconduntur,
1599 4347 1665 4403 fidei
1680 4356 1708 4404 et
1729 4349 1807 4405 devo·

1005 4411 1090 4466 tionis
1118 4428 1265 4468 succensus
1289 4415 1391 4483 calore,
1418 4415 1555 4486 protectus
1570 4418 1642 4473 sit.»
1673 4421 1746 4478 Vide
1766 4422 1807 4477 die

1004 4484 1140 4564 sequenti.
1170 4484 1202 4540 ln
1231 4485 1318 4541 Goere
1343 4503 1428 4568 purus
1455 4495 1505 4543 est.
1532 4490 1675 4562 Denique:
1699 4491 1806 4565 «Apud

1004 4555 1151 4622 Viennam,
1166 4556 1252 4612 sancti
1274 4557 1350 4612 Foldi
1369 4557 1492 4632 [anldi]
1518 4562 1651 4633 episcopi,
1672 4563 1754 4634 cujus
1769 4565 1805 4620 in·

1004 4625 1110 4682 dustria
1124 4627 1174 4682 reli
1196 4628 1248 4682 uiae
1264 4639 1422 4685 sanctorum
1448 4640 1602 4705 martyrum
1625 4634 1805 4692 Thebaeorum

1003 4699 1038 4753 ad
1061 4697 1157 4753 urbem
1177 4645 1323 4756 [hiumam
1343 4701 1438 4757 delatae
1454 4711 1553 4759 sunt.»
1586 4705 1679 4762 Verba
1701 4706 1807 4763 Adonis

1003 4777 1068 4825 sunt
1082 4771 1167 4824 relata
1182 4770 1216 4824 ad
1230 4769 1303 4826 diem
1321 4781 1490 4845 sequentem.

155 4837 265 4918 «Patris
282 4837 372 4916 ‘Marci
396 4845 423 4890 et
450 4837 619 4924 Marcelliani
639 4846 820 4920 martyrum,¹
839 4840 886 4912 qui
912 4840 946 4921 ad
1041 4841 1222 4924 llacnuornu.
1250 4843 1334 4900 Totus
1360 4855 1400 4901 est
1430 4848 1457 4901 in
1483 4848 1680 4920 prophetarum
1698 4851 1805 4925 elogiis,

147 4908 371 4981 praedicationem
397 4906 468 4962 beati
493 4907 657 4976 bebastiani,
682 4910 794 4966 credens
814 4927 842 4965 in
862 4911 987 4976 Chri-1)
1004 4928 1122 4985 quorum
1136 4930 1274 4984 specimen
1297 4916 1423 4972 dedimus
1437 4919 1482 4974 die
1508 4920 1684 4991 precedenti,
1709 4923 1805 4980 llicde

147 4987 231 5049 stuin,
248 4979 314 5034 dum
339 4978 383 5046 ad,
408 4986 459 5034 etc.
481 5003 490 5024 ι
515 4979 546 5032 In
562 4977 634 5034 sine:
672 4982 752 5052 «Ipso
771 4982 825 5049 die,
851 4983 947 5039 Goaris

146 5052 322 5111 confessoris.
340 5075 349 5098 ι
376 5049 453 5106 Nihil
464 5057 605 5120 praterea.

182 5123 428 5189 Aurorae-biam,
460 5122 640 5189 Uareniana„
660 5123 784 5180 Lernan.
810 5132 836 5181 et
858 5126 947 5183 Lorii·

145 5213 220 5253 ureu.
243 5196 306 5252 Puri
330 5203 395 5252 sunt
409 5193 531 5266 exceptis
555 5193 599 5263 iis,
617 5210 677 5266 quie
697 5194 730 5250 de
754 5196 947 5271 Tranquillino

148 5269 283 5336 inserunt,
300 5276 330 5323 ut
342 5268 398 5340 jam
415 5266 550 5339 proxime.

182 5342 340 5394 Aeneaden.
363 5350 390 5396 et
419 5343 514 5395 Dauic.
543 5336 691 5409 incipiunt,
720 5337 782 5394 ille:
818 5341 947 5398 «Octavo

145 5410 342 5478 apostolorum,
366 5411 430 5467 hic:
448 5411 550 5466 Octava
573 5418 732 5465 sauctorum
756 5414 945 5483 apostolorum

1002 4984 1070 5041 isaia
1090 4985 1198 5055 longam
1216 4986 1358 5043 historiam
1376 4998 1478 5058 narrat,
1494 5007 1577 5063 quam
1593 5009 1649 5048 non
1666 5002 1747 5050 vacat
1761 4994 1805 5051 de·

1001 5056 1130 5112 scrihere.
1159 5058 1198 5112 De
1219 5057 1421 5131 Trariquillino,
1442 5070 1472 5117 ut
1496 5080 1587 5135 supra.
1605 5066 1636 5120 ln
1651 5066 1716 5121 aliis
1741 5068 1806 5123 satis

1002 5144 1087 5208 purus¹
1112 5136 1163 5184 est.
1179 5129 1267 5210 Tum:
1303 5133 1387 5203 «lpse
1411 5133 1465 5197 die,
1484 5135 1512 5189 in
1538 5151 1606 5207 pago
1630 5136 1805 5207 Treverensi,

1002 5206 1089 5256 saiietr
1104 5200 1200 5255 Goaris
1216 5201 1358 5272 presbiteri
1375 5213 1404 5259 et
1420 5204 1570 5274 heremitae,
1591 5205 1671 5280 cujus
1696 5209 1807 5266 sancti-

1002 5279 1084 5328 tatem
1103 5273 1181 5327 eudit
1204 5278 1276 5344 tputo
1304 5277 1367 5330 velle
1380 5277 1465 5330 dicere
1482 5278 1615 5351 prodidit)
1639 5279 1807 5337 mirabiliter

1001 5343 1094 5397 intans
1112 5343 1208 5398 abillo
1224 5345 1415 5417 interrogatus.
1431 5349 1498 5405 Nam
1515 5351 1644 5407 Rusticus
1664 5351 1806 5434 archiepi-

1000 5431 1101 5485 scopus
1113 5416 1193 5471 Goari
1210 5424 1347 5487 stuprum,
1362 5420 1435 5492 quod
1453 5421 1511 5492 ipse
1530 5431 1748 5494 perpetraverat,
1764 5440 1806 5480 ru·

145 5480 219 5535 Petri
233 5487 260 5534 et
274 5480 386 5535 Pauli.»
418 5484 500 5538 Deest
522 5484 550 5536 in
566 5490 682 5555 utroque
697 5482 835 5552 ingressus
856 5485 944 5554 Pauli,
998 5485 1075 5557 jecit,
1093 5495 1120 5541 et
1134 5487 1225 5544 inlaiis
1247 5496 1349 5561 septem
1374 5492 1481 5547 dierum
1497 5493 1577 5548 illum
1592 5498 1751 5564 excusavit,
1778 5503 1807 5552 et

144 5558 172 5607 et
196 5551 229 5605 de
250 5551 442 5621 Tranquillino
462 5554 555 5609 eadem
578 5554 661 5609 etiam
687 5553 799 5623 habent,
821 5572 881 5628 quae
893 5560 945 5611 Au·
1001 5559 1159 5636 episcopum

145 5638 244 5678 rusae.
264 5629 291 5676 et
305 5621 495 5679 Mam-Luem.

181 5695 361 5750 Bnuxiimiiu.
376 5711 381 5749 :
400 5694 576 5752 ‹Translatio
587 5707 687 5756 sancte
697 5697 805 5755 Gudilae
815 5696 941 5770 virginis,

144 5774 245 5825 nostrae
267 5773 400 5839 patrouae.
424 5765 506 5837 Apud
529 5767 654 5839 ledeam,
679 5769 769 5826 Ysaiae
792 5779 820 5827 et
839 5769 946 5826 lohelis

1168 5568 1280 5685 (quatrem
1294 5559 1352 5631 ejus
1370 5564 1560 5635 proclamauit.
1577 5566 1629 5620 Pro
1652 5583 1708 5638 quo
1730 5567 1806 5624 lacto

1001 5645 1145 5709 episcopus
1187 5631 1263 5687 eliriit
1277 5649 1292 5686 a
1307 5650 1368 5706 rege
1395 5637 1516 5692 Franciae
1532 5637 1644 5693 destitui
1665 5645 1692 5693 et
1707 5638 1807 5695 Goaris

1000 5707 1120 5781 institui.
1146 5701 1182 5757 Et
1197 5703 1246 5758 vix
1270 5705 1422 5777 impetratis
1445 5708 1585 5781 aliquibus
1600 5708 1710 5779 diebus,
1727 5708 1806 5767 infir·

999 5778 1124 5828 mitatem
1143 5783 1302 5847 perpetuam
1317 5793 1333 5832 a
1354 5777 1472 5835 Domino
1486 5780 1576 5852 petiit,
1599 5788 1628 5838 et
1641 5781 1750 5856 accepit
1763 5781 1806 5840 fo·
