3840 6136
211 208 264 269 hil

874 201 1032 260 USUARDI
1050 198 1224 261 nonnulii.

1806 194 1865 254 its

212 332 377 416 periculum,
404 329 438 385 ad
462 328 623 384 interiorem
647 326 789 383 heremum
803 343 833 383 se
858 329 1011 396 transtulit,
1025 330 1052 390 A
1065 327 1135 383 mini
1143 341 1233 382 occxv
1244 325 1279 382 de
1288 323 1415 393 Athenis,
1430 323 1613 381 undeclaram
1621 324 1703 380 duxit
1714 324 1864 397 originem,

209 410 292 473 iuxta
307 402 424 458 lluiium
445 399 561 466 Radani,
578 399 607 453 in
624 398 715 455 locum
730 398 778 470 qui
792 397 952 469 Septimana
964 416 1011 456 vo·

213 483 292 532 eatur
320 480 347 529 et
366 472 405 528 ibi
436 486 550 527 manens
568 468 732 537 triennium,
752 470 842 526 solum
862 469 1009 528 herbarum

214 545 354 602 radicibus
373 550 401 599 et
420 543 489 600 lacte
508 539 650 612 cujusdam
670 556 757 597 cervae
777 540 860 597 vixit.
890 542 1011 599 Tandem

213 617 287 675 diem
302 615 394 672 obitus
404 616 444 669 sui
458 613 594 670 Dominus
604 612 645 668 illi
661 628 709 685 per
722 611 851 695 spiritum
863 615 1011 695 revelarit,

215 704 296 761 quem
314 687 362 743 ille
384 685 517 741 iratribus
541 683 677 751 indicans,
694 683 811 740 feliciter
832 701 868 739 mi
889 695 961 741 ravit
978 684 1012 741 ad

214 760 374 816 Dominum.
395 757 532 824 Treveris,
548 755 690 812 translatio
712 753 799 811 sancti
818 701 928 838 ilari-is
941 772 1012 829 apo·

215 831 278 887 stoli
297 831 331 886 de
346 829 432 887 Roma
447 827 620 896 Treverim,›
642 835 706 894 etc,
723 834 754 882 ut
768 827 869 882 melius
880 828 953 883 inira
967 827 1012 884 de·

214 901 366 959 scribemus
389 916 424 956 ex
438 900 581 956 Gaurano.
610 897 757 969 Sequitur:
790 897 895 980 «Apud
920 897 1012 954 Bene-

215 980 364 1038 ventum,-
386 971 419 1026 de
430 987 470 1025 ιιιι
483 969 624 1038 iratribus,
640 977 777 1050 utsupra.
795 992 805 1016 ι
820 968 938 1027 Civitate
948 972 1012 1026 Am·

215 1043 400 1108 hianensium,
429 1041 564 1112 depositio
591 1040 677 1096 sancti
697 1039 814 1096 Firmini
844 1041 964 1114 episcopi
986 1049 1013 1098 et

215 1114 389 1172 confessoris.
415 1112 465 1168 llic
482 1121 556 1167 tanta
574 1111 689 1168 scientia
703 1119 730 1166 et
751 1111 895 1168 sanctitate
907 1113 1011 1182 floruit,

215 1186 424 1259 quodomnium
439 1184 556 1255 Europae
569 1183 745 1238 ecclesiarum
763 1183 859 1240 doctor
883 1191 910 1239 et
925 1191 1014 1241 rector

216 1255 380 1313 efficeretur.
396 1254 501 1311 Deinde
516 1254 660 1327 episcopus
684 1253 805 1310 ecclesias
820 1254 1013 1311 Ambiauensis

219 1327 364 1384 ordinatus
378 1336 428 1393 est,
440 1333 467 1381 et
481 1325 626 1398 completis
640 1324 720 1381 annis
734 1326 823 1382 aetatis
833 1343 889 1383 sum
899 1326 1012 1399 quadra·

217 1399 292 1472 ginta
319 1406 433 1470 septem,
449 1397 483 1454 ad
511 1396 652 1454 Christum
680 1396 826 1466 transiens,
850 1405 944 1454 sancto
959 1397 1013 1454 line

218 1471 337 1543 quierit.
353 1469 406 1536 Qui
423 1470 546 1540 sepultus
560 1469 589 1525 in
605 1467 720 1546 ecclesia
734 1467 818 1526 beatae
833 1469 925 1526 lilariae
943 1469 1014 1527 vir-

218 1540 289 1614 ginis
296 1539 378 1613 juxta
390 1556 490 1612 corpus
500 1540 706 1613 praedecessoris
715 1540 769 1609 sui,
784 1542 871 1598 saneti
884 1540 1013 1614 martyris

1066 396 1190 466 veniens,
1201 396 1273 470 apud
1294 403 1418 454 sanctum
1430 394 1581 453 Caesarium
1593 395 1781 476 Arelatensem
1796 395 1864 469 epi-

1066 484 1179 542 scopum
1194 467 1308 526 biennio
1321 467 1431 524 mansit.
1447 466 1500 524 Sed
1514 481 1637 522 eremum
1658 481 1692 522 cii
1714 481 1785 535 iens,
1803 465 1865 523 hu-

1067 555 1207 614 manaeqne
1221 538 1310 595 laudis
1323 539 1424 595 timens
1434 537 1599 620 periculum,
1614 539 1683 593 clam
1694 482 1824 618 Siscessit
1833 538 1864 594 iu

1066 612 1168 678 locum,
1199 611 1227 666 ui
1237 609 1406 682 Septimania
1416 609 1530 677 dicitur,
1541 607 1589 664 iibi
1600 608 1729 688 Rudinus
1745 624 1775 665 in
1789 624 1865 666 mare

1066 682 1172 751 delluit,
1210 682 1336 738 orbarum
1355 681 1504 747 radicibus,
1520 688 1547 735 et
1562 696 1650 736 cervae
1664 679 1811 752 cuiusdam
1826 681 1864 763 la·

1066 763 1108 811 cte
1123 753 1243 810 triennio
1257 753 1365 809 virens.
1382 752 1503 809 Tandem
1513 760 1673 808 constructo
1683 758 1864 821 monasterio,

1067 826 1169 882 multos
1183 823 1215 880 ad
1229 832 1418 896 contemptum
1435 821 1543 886 mundi,
1569 823 1656 878 vitam
1676 838 1710 878 ue
1724 822 1866 880 monasti-

1066 912 1125 952 cam
1141 897 1292 963 instrueus,
1324 896 1401 951 lenus
1412 893 1467 950 lide
1478 902 1505 950 et
1517 891 1647 974 operibns
1658 838 1742 975 honis
1756 893 1866 976 quievit

1066 967 1095 1022 in
1111 983 1185 1039 pace.
1202 912 1351 1031 Rolliiliis,
1367 966 1467 1038 regine
1477 966 1610 1020 Francia.
1622 965 1653 1020 ln
1665 964 1779 1022 dimcesi
1793 965 1865 1024 Con·

1066 1039 1222 1102 stantiensi,
1234 1047 1334 1094 sanctae
1350 1037 1463 1093 Veronae
1474 1035 1600 1106 virginis,
1616 1051 1650 1091 ex
1660 1044 1795 1093 societate
1804 1052 1865 1094 san·

1066 1118 1174 1168 storum
1189 1108 1379 1165 Thebaeorum.
1402 1106 1538 1173 Treveris,
1548 1106 1693 1163 translatio
1706 1108 1866 1167 sanctiils-

1066 1181 1132 1236 thia
1146 1179 1273 1252 apostoli,
1287 1180 1320 1236 ab
1335 1179 1404 1236 urbe
1420 1177 1601 1258 Roma2Cum
1615 1177 1689 1258 euim
1704 1177 1739 1235 sd
1753 1179 1867 1236 instau-

1067 1251 1134 1307 tiam
1163 1259 1263 1308 sanctas
1292 1251 1402 1307 Helenae
1417 1250 1543 1306 Treveris
1563 1249 1711 1321 indigenas,
1731 1249 1867 1309 silvester

1067 1339 1136 1450 papa
1154 1321 1264 1379 beatum
1285 1323 1433 1394 Agracium
1453 1319 1638 1394 patriarcham
1656 1321 1866 1385 Antiochenam

1090 1394 1280 1450 reverensibus
1303 1393 1461 1466 episcopum
1485 1391 1604 1474 mittere,
1614 1391 1737 1475 ¹tradidit
1750 1392 1777 1450 ei
1791 1409 1867 1476 pris·

1067 1465 1122 1522 iata
1137 1464 1299 1538 imperatrix
1348 1483 1362 1521 r
1378 1481 1475 1522 manus
1489 1472 1578 1521 sancti
1592 1465 1730 1530 Silvestri,
1741 1471 1866 1523 tunicum

1066 1535 1178 1595 Domini
1195 1537 1312 1594 inconsu
1324 1538 1400 1605 tiam,
1415 1552 1477 1594 cum
1489 1550 1588 1592 unoex
1598 1535 1697 1604 clavis,
1708 1551 1742 1594 ιο
1751 1536 1867 1595 cultello

217 1620 245 1668 et
255 1614 389 1668 antistitis
398 1613 527 1678 Firmini,
537 1610 616 1682 cujus
631 1627 731 1667 nomen
747 1612 804 1681 ipse
813 1613 929 1668 sortitus
943 1619 1005 1668 est·
1068 1606 1183 1681 [primur
1194 1609 1255 1664 edit.
1267 1607 1385 1682 Christ]
1394 1624 1453 1735 §uo
1466 1607 1496 1662 in
1512 1622 1588 1664 coena
1602 1623 1667 1663 usus
1676 1606 1769 1665 luerat
1789 1607 1866 1665 insu·

217 1682 249 1739 ln
268 1682 360 1739 Prisco
386 1690 414 1738 et
440 1684 519 1738 Sixto
545 1698 613 1754 pura
640 1689 690 1738 est.
719 1682 758 1736 De
773 1682 849 1754 Lupo
864 1682 1015 1739 Senonensi
1030 1683 1054 1744 B
1069 1696 1117 1753 per
1131 1687 1158 1735 et
1171 1695 1271 1751 corpus
1284 1679 1373 1735 sancti

217 1753 361 1834 conjungit
371 1753 490 1824 elogium
502 1753 678 1809 Adonianum
688 1767 749 1807 cum
761 1751 924 1810 Usuardino.
948 1779 956 1802 ι
967 1752 1024 1811 Ce··

217 1840 376 1893 nonianiiis,
391 1825 420 1880 S.
435 1823 554 1881 Victorii
579 1823 700 1894 episcopi
718 1829 745 1876 et
759 1824 934 1882 confessoris.
955 1826 1016 1880 Eo-

217 1895 280 1951 dem
296 1896 350 1960 dic,
367 1897 395 1950 S.
409 1895 525 1951 Vivardi
541 1893 662 1966 episcopi
677 1899 704 1947 et
718 1894 893 1953 confessoris.
909 1921 920 1945 ι

252 1966 361 2029 Barim,
379 1964 407 2020 in
421 1973 500 2020 textu
515 1980 570 2020 non
586 1964 652 2019 satis
668 1972 766 2033 tersus,
782 1965 912 2037 subjicit:
931 1968 1013 2024 «ltem

216 2035 303 2091 sancti
319 2032 411 2106 Egidii
426 2035 543 2092 abbatis.
564 2034 668 2091 Eodem
682 2033 737 2102 die,
760 2034 922 2105 Beneventi,
947 2055 1015 2096 san-

215 2115 323 2162 ctorum
336 2114 407 2162 mart
429 2123 490 2162 rum
505 2105 652 2163 duodecim
668 2105 815 2163 fratrum.»
835 2111 871 2165 Et
886 2111 914 2165 in
928 2111 1016 2168 altera

216 2176 358 2234 editione:
387 2123 517 2234 «ilodem
532 2178 588 2245 die,
616 2177 705 2232 sancti
725 2177 820 2236 Lazari
840 2181 1008 2254 martyris.»

251 2247 399 2306 Gustum:
418 2271 428 2298 ι
447 2250 509 2322 lpso
523 2249 568 2306 die
583 2246 735 2305 secundum
751 2251 887 2321 Adonem,
895 2252 1016 2327 Longini

215 2319 314 2376 militis
336 2328 363 2375 et
380 2320 519 2393 martyris,
543 2320 590 2394 qui
613 2319 684 2375 latiis
704 2319 817 2379 Domini
839 2323 933 2382 lancea
946 2341 1015 2398 ape-

216 2392 282 2446 ruit.
301 2391 352 2447 llic
373 2392 406 2447 ab
423 2393 555 2464 apostolis
578 2391 742 2462 baptizatus,
758 2411 821 2450 cum
835 2395 908 2468 apud
923 2395 1015 2469 Capa-

215 2462 323 2518 dociam
337 2463 492 2535 precipuus
505 2464 625 2536 degeret,
641 2460 677 2517 ob
690 2460 793 2523 Christi
813 2467 1013 2525 confessionem

215 2532 439 2604 comprehensus,
456 2535 552 2607 lingua
565 2533 677 2607 praecisa
706 2533 890 2612 dentibusque
911 2555 1014 2596 excus-

215 2604 262 2668 sis,
278 2620 309 2658 ca
331 2605 367 2659 ite
395 2613 547 2674 truncatus,
572 2575 766 2676 triumphavit.
787 2608 927 2666 Usuardns
950 2626 1012 2666 eum

215 2672 298 2728 habet
311 2620 407 2730 idibus
426 2675 527 2732 blartii.
543 2676 613 2733 Cum
631 2675 691 2747 ipso
707 2678 798 2755 'simul
813 2690 960 2736 coronatus
973 2688 1014 2737 est

214 2743 372 2800 Airodisiua
381 2745 652 2811 Commentariensis,
666 2762 714 2816 qui
725 2756 786 2822 post
797 2750 1013 2823 linguaeabscis-

214 2814 320 2870 sionem
348 2813 488 2871 Christum
506 2817 634 2890 expedite
664 2815 837 2888 loquebatur.
865 2822 1014 2880 Bethsaida

214 2886 313 2965 prima,
334 2885 433 2942 natalis
454 2891 541 2944 sancti
556 2886 694 2945 blarcialis
714 2893 815 2963 {primo
831 2894 921 2962 editio,
936 2896 1013 2951 blar-

1422 1679 1535 1735 athiaa
1554 1678 1647 1747 ostoli,
1661 1677 1738 1751 quod
1760 1678 1822 1753 ipss
1832 1679 1867 1736 de

1070 1749 1164 1807 ludes
1177 1751 1292 1807 Romam
1305 1751 1480 1818 ranstulerat,
1495 1758 1527 1806 iit
1536 1693 1595 1832 hec
1609 1749 1714 1831 honore
1728 1749 1868 1824 condigno

1071 1821 1133 1877 urbi
1163 1838 1219 1877 sua
1246 1821 1371 1883 inferret.
1398 1821 1452 1890 Qui
1471 1821 1612 1878 'l'reverim
1631 1836 1758 1892 veniens,
1776 1837 1868 1881 ιιοιιι

1072 1893 1121 1949 reli
1142 1893 1202 1950 uias
1223 1892 1340 1950 diversis
1365 1894 1464 1951 inlocis
1486 1892 1640 1961 distribuit,
1657 1901 1787 1953 mustum
1800 1908 1867 1951 vero

1070 1908 1202 2020 blatiiiam
1216 1963 1298 2035 justa
1311 1982 1413 2039 corpus
1427 1971 1586 2022 sanctoruni
1602 1971 1711 2046 patrum
1731 1963 1867 2047 Euelisrii

1071 2043 1098 2093 et
1125 2034 1229 2093 Valerii
1251 2036 1454 2109 episcoporum,
1483 2035 1680 2095 venerabiliter
1704 2036 1866 2095 collusisse.

1070 2109 1138 2164 ltem
1153 2106 1288 2175 Treveris,
1304 2108 1430 2166 inventio
1444 2107 1567 2181 ejusdcm
1581 2106 1708 2180 Apostoli
1722 2107 1800 2190 apud
1807 2122 1867 2165 sun·

1070 2178 1380 2307 ctumCEucharium.›
1416 2180 1463 2237 Sic
1483 2178 1565 2235 etiam
1590 2178 1673 2236 habet
1701 2177 1790 2237 editio
1807 2179 1868 2237 liu-

1070 2265 1149 2307 naco-
1173 2265 1217 2305 on.

1106 2321 1215 2379 boiis.
1227 2330 1290 2393 post
1302 2321 1413 2380 Victorii
1421 2323 1545 2397 episcopi,
1560 2323 1671 2383 subdit:
1692 2319 1804 2396 «Cuius

1070 2399 1113 2449 sta
1131 2391 1269 2449 habentur
1286 2395 1416 2466 praeclara
1442 2396 1473 2451 in
1492 2397 1636 2453 sanctitate
1658 2403 1687 2452 et
1712 2395 1866 2455 miraei&

1071 2465 1150 2532 ltem,
1162 2464 1251 2520 sancti
1263 2465 1355 2537 Egidii
1370 2465 1477 2523 abbatis
1496 2467 1524 2523 in
1540 2466 1696 2525 Provincia.
1708 2466 1867 2535 Ambianis,

1070 2535 1202 2592 transitus
1227 2536 1314 2592 sancti
1343 2536 1460 2593 Firmini
1487 2537 1609 2610 episcopi
1636 2547 1664 2596 et
1687 2537 1866 2597 oonieuoris.

1070 2605 1224 2663 'l'ranslatio
1247 2607 1334 2664 sancti
1351 2607 1461 2664 blathiae
1484 2610 1610 2682 Apostoli
1629 2609 1664 2666 de
1688 2610 1779 2668 Roma
1805 2609 1867 2666 'Pre-

1069 2677 1154 2733 viros.
1171 2677 1275 2734 Eodem
1289 2678 1345 2747 die,
1361 2680 1498 2751 depositio
1516 2681 1604 2738 sancti
1618 2680 1745 2738 Nivardi.
1761 2680 1865 2749 Remis,
1903 2704 1907 2717 ·

1069 2747 1206 2829 depositio
1234 2749 1308 2805 beati
1335 2749 1444 2819 Sinicii,
1475 2753 1641 2811 successoris
1671 2751 1763 2811 sancti
1781 2752 1865 2820 Sinti,

1068 2819 1152 2892 primi
1171 2819 1293 2876 civitatis
1310 2821 1397 2893 ipsius
1415 2823 1546 2895 episcopi.
1574 2822 1679 2881 Eodem
1704 2822 1763 2891 dte,
1783 2824 1867 2883 sene

1069 2891 1158 2957 venti,
1173 2897 1331 2947 sanctorum
1347 2901 1501 2966 martyrum
1515 2894 1663 2953 duodecim
1677 2893 1809 2955 baum.
1823 2893 1867 2953 Ad

213 2955 301 3039 ciani]
326 2956 457 3038 episcopi,
473 2958 589 3015 Sisiiinii
612 2966 640 3014 et
654 2959 779 3019 Amansi.
796 2962 870 3018 Petri
889 2964 1009 3038 episcopi
1068 2961 1161 3042 Aquas
1175 2960 1268 3031 duras,
1286 2964 1376 3021 natale
1396 2975 1497 3047 sanctu
1520 2965 1633 3024 Versum
1651 2965 1807 3050 virginisn
1827 2967 1867 3025 De

213 3026 395 3083 Alexandrini
411 3036 438 3084 et
453 3030 615 3103 martyris·
636 3029 668 3084 ln
683 3028 895 3103 Beneventanis,
925 3036 1010 3092 ferme
1027 3037 1048 3095 C
1064 3030 1115 3089 hee
1128 3048 1187 3105 lpse
1196 3042 1290 3090 sancte
1299 3034 1407 3092 Venena
1420 3037 1520 3095 ultimo
1539 3055 1590 3096 suo
1610 3037 1749 3097 Peniculo
1764 3045 1807 3097 tit
1824 3054 1865 3097 w

212 3105 349 3172 utsupra.
375 3099 551 3157 «Terentiam
568 3099 689 3174 episcopi
704 3113 732 3162 et
747 3107 885 3188 martyris.
901 3107 1010 3165 Secun-

211 3168 278 3225 dum
302 3170 371 3226 alios
386 3187 462 3241 vero,
488 3191 519 3229 ιιι
536 3171 652 3230 Kalend.
669 3169 849 3250 Septembris.
865 3179 898 3235 ln
912 3179 1013 3237 Tuscia

211 3241 323 3297 civitate
334 3242 454 3308 Lucana,
472 3246 559 3301 sancti
579 3241 676 3317 Reguli
696 3248 818 3321 episcopi
830 3259 858 3306 et
870 3252 1011 3323 martyris.

210 3313 290 3381 ltem,
303 3322 460 3371 sanctoruni
472 3314 626 3373 Constantii
641 3318 669 3370 et
685 3318 830 3378 Peliciani.
846 3321 948 3391 Remis,
965 3322 1013 3381 Vi·

210 3384 288 3439 iardi
299 3386 420 3458 episcopi
430 3394 457 3442 et
466 3388 642 3445 confessoris.
659 3384 816 3460 Ambianis,
832 3394 920 3450 sancti
947 3393 1014 3451 Fir-

210 3455 281 3510 mini
294 3456 414 3529 episcopi
426 3467 453 3514 et
463 3460 640 3529 contessoris,
664 3463 711 3536 qni
732 3471 838 3545 epatre
854 3465 1012 3534 Faustiano,

209 3525 379 3595 vironobili,
388 3528 420 3582 ad
434 3528 565 3586 honorem
578 3546 645 3586 sanc
654 3534 677 3583 ιι
687 3535 806 3592 Firmini
821 3536 1014 3594 Ambianensis

210 3597 342 3668 episcopi,
356 3600 539 3672 martyrisque
552 3599 677 3671 gloriosi,
697 3620 779 3676 quem
792 3607 850 3677 ipse
860 3608 1013 3679 sepelierat,

209 3666 328 3744 Firmini
344 3669 456 3723 nomine
468 3678 582 3725 vocatus
596 3680 647 3729 est.
670 3677 796 3746 Cumque
811 3676 869 3732 rita
881 3684 908 3733 et
918 3678 1015 3734 erudi-

208 3741 285 3790 tione
299 3736 463 3818 precipnus,
474 3738 573 3795 dictam
586 3743 673 3802 eccles
683 3749 740 3804 iam
753 3746 849 3803 multis
863 3748 1015 3806 annisstre·

211 3820 265 3886 nne
281 3815 407 3876 rexisset,
424 3825 452 3863 in
468 3811 587 3866 Domino
615 3813 737 3875 feliciter
751 3818 930 3876 obdormivit.
952 3821 1014 3893 lpso

212 3875 267 3945 ilie,
282 3877 637 3960 secundum'Cathalogum,
654 3890 743 3947 sancti
756 3888 1014 3948 Berchariiabbatis

212 3955 240 4004 et
254 3957 394 4028 martprie.
411 3951 462 4006 llio
476 3953 527 4031 sub
540 3964 636 4011 sancto
653 3960 779 4016 Vivardo
795 3960 941 4018 Remorum
958 3963 1013 4034 epi·

212 4033 299 4098 scopo¹
306 4034 438 4089 primum,
448 4021 549 4102 deinde
560 4026 611 4082 sub
620 4028 752 4087 Eustasio
763 4029 870 4099 abbate,
882 4032 911 4088 iu
925 4032 1015 4090 Luxo-

212 4103 301 4145 viensi
312 4096 611 4154 inonasteriomoribus
625 4109 652 4156 et
669 4103 804 4176 sapientia
815 4101 1014 4173 imbutus,cum

212 4166 335 4242 tempore
350 4162 468 4234 quodam
484 4175 579 4238 potuin
602 4185 637 4226 ex
650 4191 717 4231 vase
732 4174 853 4240 eliceret,
868 4173 948 4246 jussu
962 4176 1015 4231 ab·

211 4229 284 4287 batis
298 4242 422 4303 vocatus,
439 4240 649 4300 moii'omnibus
666 4246 781 4313 relictis,
798 4261 849 4302 nec
858 4246 949 4319 ipsum
964 4265 1012 4305 vas

213 4302 367 4374 obstruens,
398 4323 452 4380 quo
485 4312 647 4382 vocabatur,
680 4332 823 4375 occurrere
857 4319 1009 4376 lestinsvit.

212 4372 337 4448 Curiique
356 4392 391 4433 ex
415 4395 477 4436 vase
501 4381 551 4438 illo
577 4387 751 4446 continenter
771 4388 862 4462 liquor
875 4388 1007 4460 efflueret,
1028 4391 1052 4450 D

1066 3103 1135 3160 cinit
1150 3104 1382 3164 wandalbertus:

1130 3209 1185 3261 llas
1199 3219 1225 3263 et
1236 3213 1347 3266 llerenar
1363 3217 1470 3267 rutilant
1484 3219 1610 3271 solemnis
1628 3229 1735 3270 mucia.

1067 3325 1137 3383 Dein
1151 3326 1226 3454 tsspis
1240 3328 1411 3389 minoribus:
1434 3354 1444 3380 ι
1461 3332 1665 3392 Dominicsdie
1679 3341 1744 3393 onte
1757 3332 1866 3394 nativi·

1067 3405 1151 3479 tatem
1183 3407 1250 3457 estas
1273 3401 1365 3460 llariae
1387 3403 1439 3460 Dei
1461 3405 1611 3477 genitricis,
1628 3406 1746 3464 lovanii
1768 3406 1800 3465 in
1819 3407 1865 3466 bu·

1068 3470 1147 3549 srlica
1156 3472 1243 3528 sancti
1253 3472 1327 3556 Petri
1347 3475 1507 3559 solemnitas
1518 3478 1718 3536 recollectionis
1729 3479 1865 3563 ιἰιιοηιιιι

1069 3541 1866 3695 ratisblttlttltltl'intenttileth

1069 3681 1135 3739 bent
1144 3685 1308 3756 elogiumde
1318 3688 1439 3755 Victore,
1454 3690 1528 3770 quod
1538 3706 1620 3763 supra
1628 3691 1768 3751 dedimus.
1787 3694 1866 3751 dtsni

1069 3753 1099 3808 iii
1112 3755 1267 3824 Provincia,
1291 3759 1379 3816 sancti
1394 3760 1487 3832 Egidii
1501 3761 1617 3820 abbatis.
1635 3787 1646 3814 ι
1665 3764 1706 3820 De
1724 3764 1867 3823 Βοιιιιοιι·

1069 3825 1151 3892 tanis,
1169 3833 1200 3881 ut
1212 3827 1240 3881 in
1252 3828 1350 3899 prima.
1372 3853 1381 3877 ι
1393 3830 1423 3885 ln
1435 3833 1618 3903 Alto-villari,
1628 3833 1768 3914 depositio
1777 3837 1864 3894 sancti

1068 3895 1182 3952 Nivardi
1193 3897 1314 3971 episcopi
1331 3901 1504 3959 Remensis.»
1534 3905 1573 3961 De
1591 3906 1717 3963 Firmino
1728 3906 1865 3976 breviter,

1068 3974 1100 4023 ut
1119 3983 1210 4039 supra.
1236 3991 1246 4016 ι
1266 3971 1297 4027 lii
1316 3972 1456 4030 territorio
1474 3973 1689 4046 Constantiensi,
1716 3977 1754 4034 sd
1773 3978 1867 4053 Αᾳιιιι

1068 4037 1161 4107 duras,
1173 4047 1226 4096 etc.
1237 4041 1269 4097 ln
1278 4042 1324 4099 die
1334 4045 1432 4115 prima,
1443 4047 1530 4103 sancti
1551 4048 1681 4120 martyris
1690 4049 1824 4120 Aithaia,
1836 4055 1866 4107 st

1069 4117 1224 4192 sanctarum
1247 4121 1406 4197 'martyrum
1458 4117 1619 4191 uadraginta
1648 4119 1812 4191 mulierum,
1837 4128 1866 4178 st

1069 4181 1214 4237 Ammonis
1225 4181 1335 4241 diaconi
1349 4193 1376 4242 at
1398 4133 1571 4247 reiterasset
1589 4190 1597 4245 i
1648 4206 1731 4248 mm:
1755 4198 1784 4249 et
1805 4206 1866 4250 ιιι·

1068 4258 1175 4308 ctorum
1190 4262 1355 4327 martyrum,
1370 4203 1506 4327 galliatae,
1526 4262 1567 4317 Ev
1608 4261 1628 4317 ii
1642 4271 1670 4318 et
1682 4262 1866 4336 Hermogenis

1069 4323 1196 4381 fratrum.
1208 4326 1244 4381 Et
1255 4328 1421 4402 principium
1436 4331 1597 4391 indictionis
1606 4333 1730 4407 novique
1743 4334 1867 4393 anniAEt

1068 4400 1293 4454 commemoratio
1323 4401 1555 4473 superbenedicta
1579 4404 1628 4461 Dei
1656 4404 1815 4477 genitricis,
1839 4405 1868 4462 in

211 4461 276 4502 vase
288 4448 392 4529 repleto
415 4454 459 4522 (ut
473 4453 603 4511 meritum
625 4459 789 4517 obedientias
816 4460 1010 4536 innotesceret)
1067 4465 1190 4524 blasinis.
1206 4469 1342 4541 Treveris,
1359 4474 1502 4530 translatio
1516 4475 1605 4533 sancti
1623 4475 1737 4534 Mathia)
1749 4476 1869 4559 apostoli

214 4517 305 4589 liquor
315 4536 344 4574 m
357 4520 475 4602 sublime
487 4525 549 4581 tolli
561 4531 654 4600 caepit,
670 4548 721 4589 nec
735 4532 902 4606 quicumque
915 4532 944 4588 in
958 4541 1010 4591 ter·

214 4589 414 4649 ramdelluint.
444 4595 621 4654 Postmodum
648 4619 714 4659 vero
743 4603 849 4672 alitio,
876 4619 958 4676 quem
975 4606 1011 4664 ob

214 4659 323 4741 culpam
339 4664 518 4742 corripuerat,
532 4670 650 4740 occisus,
668 4682 823 4747 martyrum
841 4691 956 4732 numero
970 4693 1011 4734 ss·

214 4744 314 4785 sociari
345 4743 456 4814 meruit.
486 4737 589 4808 Remis,
614 4747 702 4800 sancti
728 4746 826 4802 Siiiicii
845 4746 965 4819 episcopi
984 4757 1012 4805 et

214 4799 407 4884 confessoris...
417 4805 496 4933 Agud
508 4878 514 4888 ι
525 4811 666 4871 Arelatum
686 4817 818 4889 oppidum
846 4816 1008 4889 Provinciae,

215 4881 303 4930 sancti
315 4874 439 4946 Egidiia
459 4879 530 4935 batis
552 4888 579 4937 et
599 4887 773 4945 confessoris.
797 4887 849 4954 Qui
864 4904 936 4945 anno
950 4891 1011 4947 Do-

1065 4535 1099 4592 de
1115 4537 1209 4595 Roma.
1226 4565 1236 4588 »
1254 4542 1359 4599 Rursus
1382 4544 1482 4601 minori
1496 4546 1671 4604 charactere:
1699 4548 1869 4606 «mmmm

1065 4607 1110 4664 die
1130 4609 1220 4682 prima
1238 4615 1341 4670 mensis
1359 4614 1538 4689 Septembris,
1561 4617 1677 4674 Lorarii
1696 4617 1727 4675 iu
1752 4617 1870 4677 basille·

1065 4686 1156 4761 etc.,3
1186 4689 1217 4737 ut
1244 4700 1327 4757 supra
1359 4687 1419 4742 Non
1441 4688 1544 4744 minori
1569 4689 1871 4762 apparatusodeinso·

1065 4751 1194 4808 lemnitas
1211 4754 1407 4813 Reeotlectiooi'i
1428 4758 1616 4831 festivitatem,
1633 4770 1688 4818 etc.
1702 4761 1869 4836 Antusrpisi

1064 4825 1212 4903 quotannis
1221 4827 1376 4885 celebratur
1384 4830 1529 4889 Dominica
1539 4841 1601 4904 post
1610 4841 1738 4893 ocmvani
1749 4834 1866 4893 Assum

1065 4900 1169 4964 ptionis
1184 4897 1307 4966 eiusdem
1322 4899 1487 4959 beatissima
1501 4903 1637 4976 Virginis.

934 5031 1141 5047 ψ

215 5067 255 5126 lV
272 5068 343 5125 Nori.

1775 5098 1869 5160 net.

251 5157 379 5232 Lugduni
391 5160 497 5228 Galliae,
508 5162 707 5222 natalissancti
718 5164 788 5225 lusti
802 5170 922 5248 episcopi
933 5177 1144 5253 etconiessoris,
1156 5183 1204 5256 qni
1215 5183 1244 5240 in
1255 5184 1399 5244 heremum
1414 5186 1552 5259 secedens,
1572 5204 1636 5248 cum
1657 5188 1768 5264 aliquot
1787 5190 1872 5249 ιιιιιίι

217 5248 372 5320 proximam
387 5252 491 5323 angelis
505 5252 604 5325 egisset
619 5252 716 5325 vitam,
732 5264 759 5313 et
773 5258 873 5332 dignus
887 5264 992 5324 adesset
1006 5267 1069 5326 linis
1084 5272 1169 5328 tantis
1183 5272 1335 5345 laboribus,
1354 5292 1468 5351 regnum
1484 5279 1614 5337 scandere
1635 5281 1773 5339 emiorum
1786 5280 1871 5340 buco

216 5337 294 5393 lucro
308 5340 470 5409 promeruit.
489 5339 577 5413 liujus
595 5352 721 5403 sanctum
738 5353 933 5423 corpusculum
947 5372 1010 5414 cnm
1021 5358 1128 5417 ossibus
1140 5360 1213 5419 beati
1231 5362 1353 5421 viatoris
1366 5364 1426 5438 ejus
1441 5367 1573 5438 ministri,
1589 5375 1684 5442 postea
1696 5368 1872 5445 Lugdunum

215 5425 331 5572 muni
344 5438 397 5529 est.
411 5430 515 5577 ιΙΞοιιιιιιι
530 5433 585 5505 die,
600 5433 672 5510 apud
687 5437 828 5509 prefatam
843 5441 951 5513 urbem,
961 5448 1050 5506 saneti
1065 5449 1185 5524 llelpidii
1201 5452 1323 5528 episcopi
1338 5462 1365 5512 et
1379 5456 1555 5518 contessoris.
1570 5457 1603 5516 ln
1616 5457 1767 5533 Appositis,
1780 5456 1872 5521 suisti

292 5531 352 5574 uini
366 5535 409 5575 ma
438 5539 506 5595 yria.

333 5708 336 5715 .
1028 5660 1050 5720 Τ
1089 5702 1098 5727 ·

250 5736 295 5800 Sic
309 5739 404 5812 legunt
418 5745 537 5816 Protesi,
553 5746 700 5824 Herioi‘eo,
715 5755 960 5830 sirmia-limos,
978 5658 1124 5837 zema„
1143 5767 1252 5829 Greisa
1268 5781 1295 5830 et
1310 5773 1415 5838 licium
