3834 6136
124 227 176 285 stt

775 220 926 276 USUAlllll
945 220 1106 277 lllONAClll

1726 215 1779 274 818

124 351 297 426 Chrysogoni
312 351 444 421 legitur.»
463 348 533 403 Tum
544 346 699 402 minoribus
714 347 788 473 13313
801 362 835 401 ex
848 347 920 403 Gna·
932 352 959 411 Α
978 347 1034 401 133
1049 344 1195 416 adjicitur:
1221 343 1348 400 «Eodem
1363 343 1417 411 die,
1434 342 1520 398 333311
1535 340 1621 413 patris
1637 346 1666 394 31
1673 340 1780 396 euntes

124 441 189 480 van.
202 424 273 479 hanc
281 420 519 477 annuntiationem
529 418 671 490 subjungit
682 434 687 470 :
698 420 746 473 «Ea

123 504 210 551 trouae
234 500 342 561 sanctae,
367 508 384 546 a
409 492 489 547 beato
513 491 682 560 Hieronymo
707 489 859 544 laudatae.»
883 490 921 544 Be

126 565 177 622 bac
190 564 261 620 nihil
277 565 306 619 in
321 562 491 619 editionibus
505 560 715 633 posterioribus,
730 560 777 614 uhi
789 562 922 632 postZoe·

125 717 227 773 vxat.

768 418 919 485 313133333-
977 418 1047 473 soris
1062 416 1199 472 Theodori
1212 415 1366 489 scriptoris,
1381 423 1409 470 et
1422 412 1515 468 fratris
1531 412 1591 483 ejus
1601 410 1782 483 Theophanis

975 496 1072 614 33313.
1090 513 1098 536 ι
1121 487 1191 544 Vide
1210 487 1316 560 egregia
1336 487 1455 543 duorum
1477 483 1597 539 fratrum
1617 481 1689 539 11313
1709 482 1781 555 apud

997 560 1099 615 urium.

1674 703 1782 762 Dete.

159 803 311 871 Bethleem,
323 802 422 858 natalis
432 809 589 858 sanctorum
603 799 806 867 Innocentium,
817 799 863 872 331
875 798 908 855 ab
919 801 1025 858 Herode
1036 817 1097 874 rege
1109 799 1249 858 interiecti
1261 807 1336 856 sunt.
1347 798 1453 854 Aucira
1472 795 1597 863 Galatiae,
1622 802 1782 850 3333133333

126 892 220 951 Eutici
234 892 380 965 presbiteri
395 898 422 947 et
437 891 590 948 Domitiani
602 889 722 947 diaconi.

899 987 1017 1044 NOTAE.

162 1091 203 1144 lta
220 1087 344 1160 puriores
357 1086 465 1143 codices
483 1088 604 1154 Praten,
619 1085 769 1154 11313133,
793 1087 949 1154 Vononem,
972 1085 1195 1156 Antoren-Mei„
1211 1084 1360 1156 llosweyd,
1376 1083 1507 1152 Antuerp.
1530 1087 1558 1135 et
1581 1079 1784 1148 1133111133,

128 1180 238 1234 Greeen.
253 1185 282 1233 et
291 1178 394 1235 Melan.

740 1273 942 1331 VARlANTES
961 1273 1167 1331 LECTIONES.

163 1377 298 1447 Antuerp.
315 1382 342 1430 31
353 1372 550 1430 Max-Labeo.
567 1372 723 1444 incipiunt:
741 1373 822 1454 Apud
841 1375 926 1428 Beth-

982 1372 1123 1440 Gelntln'oe,
1141 1371 1265 1439 Gelaciae,
1291 1378 1342 1427 ete.
1360 1368 1447 1441 Major
1471 1367 1622 1425 eoncordia
1637 1368 1735 1437 Batiai,
1752 1367 1784 1424 in

127 1450 200 1515 leem,
219 1446 248 1501 in
268 1462 322 1518 333
345 1462 360 1500 3
382 1444 487 1501 caeteris
507 1444 636 1500 omnibus
655 1445 834 1511 dissentiunt,
855 1445 928 1499 sient
981 1460 1035 1515 qno
1059 1442 1143 1498 ferme
1168 1459 1263 1499 ornnes
1283 1441 1463 1508 conveniunt,
1479 1439 1642 1496 verosimile
1656 1440 1785 1496 estscri-

126 1518 229 1574 Melan.
244 1517 283 1572 sic
297 1517 444 1589 incipiens,
456 1517 585 1571 Bethleem
594 1515 680 1570 Inde.
695 1515 808 1570 Variant
817 1514 928 1571 codices
980 1513 1101 1569 bendum
1111 1515 1279 1586 Eutychii,ut
1289 1513 1516 1584 legitBornanum
1528 1527 1533 1565 :
1543 1512 1622 1566 solus
1631 1512 1784 1583 sumerp-

127 1589 157 1644 in
172 1590 342 1645 Innocentiam
358 1595 385 1643 et
404 1588 594 1654 licencentiam,
609 1593 779 1668 postremum
798 1586 927 1658 praetuli-

128 1675 199 1715 mus.
216 1660 318 1715 Ancirc
335 1659 461 1726 (1313313,
476 1673 650 1714 communior
664 1665 706 1713 est
719 1657 846 1713 codicum
862 1657 927 1712 scri·

127 1729 211 1786 bendi
227 1730 317 1796 ratio;
338 1730 385 1785 alii
403 1728 505 1784 habeut
523 1729 654 1796 Anchiali,
677 1729 797 1798 Ancyra,
817 1727 927 1795 Antira,

982 1584 1046 1656 llaj.
1063 1584 1145 1641 habet
1160 1585 1270 1640 Euticii.
1286 1586 1316 1641 ln
1332 1582 1446 1656 optimis
1459 1590 1501 1638 est
1513 1582 1676 1663 Domitiani,
1690 1582 1786 1638 innon

982 1655 1256 1781 gffi’sillomietnni:
1271 1653 1786 1726 131133333333311111333111313333

803 1848 1104 1908 OBSERVATIONES.

166 1957 303 2010 Hactenus
317 1969 368 2007 uec
380 1950 509 2022 quaesivit
523 1966 573 2005 uec
587 1949 715 2005 delinivit
727 1950 860 2017 Ecclesia,
873 1965 928 2075 333
943 1952 967 2011 Β
984 1948 1130 2005 bitandum
1140 1965 1209 2016 esse,
1224 1951 1292 2023 quin
1306 1950 1529 2022 protestantium,
1546 1948 1696 2022 legendum
1711 1949 1785 2020 plane

130 2024 241 2107 proprio
256 2022 301 2078 die
316 2021 387 2094 passi
404 2021 459 2075 sint
477 2021 624 2074 innocentes
645 2037 661 2075 a
681 2019 788 2076 bimatu
802 2027 830 2075 et
845 2020 873 2075 in
889 2036 927 2088 ra,

131 2095 209 2167 rnrpii
227 2094 343 2149 llerodis
354 2091 434 2163 jussu
449 2090 638 2146 crudelissime
650 2091 798 2157 trucidati;
815 2090 930 2147 necdiei

131 2173 235 2240 3333133
262 2172 323 2236 post
347 2164 445 2218 testum
469 2162 629 2218 Natiuitatis
656 2162 754 2217 electio
781 2162 847 2233 quid
888 2178 931 2216 arn

131 2238 257 2295 conferre
271 2235 382 2305 videtur
396 2233 431 2289 ad
445 2233 641 2288 stabiliendum
659 2249 713 2324 333
731 2249 804 2288 3333
819 2233 847 2287 13
861 2233 931 2289 anti·

132 2309 237 2365 cidium
251 2305 408 2376 contigerit,
420 2305 453 2359 de
486 2303 567 2359 uibus
581 2304 645 2360 ride
658 2303 822 2359 llorentinii
838 2313 932 2360 notam

133 2379 255 2446 hoodie,
272 2376 384 2449 ejusque
400 2376 433 2431 de
454 2320 593 2445 liagorum
614 2375 647 2430 ad
663 2374 805 2431 Christum
820 2375 932 2430 venien-

134 2452 205 2508 tium
232 2448 358 2514 historia‚
376 2447 537 2518 itinerisque
551 2454 683 2518 ternpore,
699 2446 932 2502 Exercitationem

134 2537 228 2592 apag.
254 2519 315 2575 219.
340 2520 380 2573 De
399 2517 535 2588 pluribus,
561 2516 594 2572 ad
618 2516 776 2572 eorumdem
792 2518 931 2588 Magorum

134 2590 333 2656 adorationem,
351 2595 433 2659 atque
452 2588 487 2642 ad
505 2587 654 2642 infantium
670 2588 770 2643 eaedem
786 2587 932 2659 spectanti-

133 2661 196 2724 bus,
212 2661 242 2714 iu
258 2657 490 2729 Ephemeridibus
504 2657 719 2724 Graeco-Moscrs,
735 2658 769 2713 ad
787 2675 856 2713 xxix
876 2660 933 2713 Be-

134 2730 264 2797 rembris,
279 2736 306 2784 et
321 2729 471 2783 novissime
485 2728 514 2782 in
528 2729 763 2800 Responsiouibus
777 2728 932 2800 disputavit

135 2799 356 2872 Papebrochius3
383 2815 434 2853 uos
452 2797 498 2853 hic
520 2815 554 2853 ex
577 2800 698 2869 professo
729 2800 932 2856 institutionem

134 2871 199 2927 testi
213 2877 241 2925 et
255 2868 472 2939 martyrologum
489 2868 608 2939 genesim
624 2871 809 2941 exploramus.
823 2870 883 2925 Non
895 2871 934 2925 ia·

134 2943 188 2998 3113
211 2939 373 3013 probabitur
396 2939 575 2993 lnnocentmu
595 2946 750 2995 nostrorum
771 2941 932 2997 memoriam

135 3012 262 3083 Origenis
285 3017 364 3065 etate
385 3010 414 3064 in
438 3009 561 3065 Ecclesia
581 3010 742 3066 celebratam
767 3011 861 3079 luisse,
883 3028 934 3067 nec

135 3083 223 3154 magis
246 3098 278 3137 ex
303 3081 459 3208 Augustino
473 3081 553 3137 educi
568 3097 645 3153 posse
665 3081 776 3136 videtur
793 3084 885 3137 cultus
900 3099 933 3138 eo

136 3164 258 3226 tempore
269 3169 331 3208 eum
369 3159 458 3219 clava,
469 3159 501 3207 ut
514 3152 571 3207 3113
585 3153 769 3208 ecclesiastico
781 3153 930 3225 loquimur.

108 3259 112 3265 -
135 3227 172 3282 At
188 3241 253 3280 vero
268 3240 361 3280 eorum
379 3223 591 3291 solemnitatem,
607 3224 687 3279 etiarn
704 3232 767 3279 ante
781 3224 931 3296 Augustini

135 3306 260 3368 tempora
277 3296 401 3350 festivam
418 3294 511 3362 luisse,
528 3293 600 3349 nihil
616 3303 692 3350 vetat
710 3311 837 3352 asserere.
863 3296 968 3362 Cer-c

135 3377 195 3424 tum
210 3366 395 3440 antiquissimi
410 3367 502 3421 cultus
517 3375 725 3422 monumentum
737 3366 821 3423 habes
832 3367 860 3422 in
876 3368 932 3423 lau·

135 3440 199 3496 dato
222 3455 292 3509 saepo
314 3437 379 3493 alibi
405 3437 612 3509 Carthaginensi
630 3437 805 3506 Kalendario,
820 3437 932 3494 hoodie

135 3513 254 3583 legente:
281 3526 298 3562 v
322 3510 388 3563 lint.
409 3508 471 3562 Jan.
501 3515 651 3562 sanctornm
678 3509 838 3577 Infantiam,
868 3527 932 3578 3333

134 3582 250 3636 Herodes
273 3579 376 3632 occidit.
397 3577 555 3650 Sequuntur
573 3578 738 3634 Kalendaria
752 3580 815 3647 3113,
832 3580 932 3636 Sacra-

135 3649 279 3712 mentaria,
295 3655 322 3702 et
336 3663 505 3719 quaecunque
516 3658 626 3703 exstant
636 3649 769 3718 religiosae
779 3651 931 3706 veneratio·

134 3721 177 3774 nis
199 3718 311 3788 antiqua
325 3724 513 3772 monumenta.
529 3719 604 3772 lnter
617 3718 771 3790 apographa
792 3720 932 3793 Hierony-

134 3790 226 3845 miana
240 3789 441 3860 Epternacense
452 3789 668 3842 vetustissimum
682 3789 721 3844 sic
734 3789 817 3845 habet
831 3807 836 3843 ε
854 3792 930 3846 Beth-

135 3863 197 3915 leem
220 3860 302 3925 1333,
321 3859 420 3912 cremiis
446 3855 585 3927 infantam
596 3876 606 3922 ,·
627 3858 680 3912 alia
700 3861 782 3930 paulo
801 3860 928 3918 uberius:

133 3931 273 3996 Bethleem,
290 3930 379 3983 331313
393 3933 544 3981 cancerem
565 3927 710 3998 infantium
727 3936 750 3984 et
766 3932 929 4002 luctantium,

133 4003 180 4071 331
189 4001 237 4056 snb
251 4000 354 4055 Herode
366 4015 417 4069 pro
434 3998 537 4054 Christo
544 4001 620 4071 passi
634 4007 704 4055 sent.
715 4001 776 4056 Non
787 4002 867 4059 video
882 4003 931 4060 du·

986 2019 1022 2075 sit
1038 2020 1197 2089 lactentium,
1220 2029 1251 2077 31
1274 2021 1361 2078 estin
1380 2021 1599 2093 hieronymiano
1615 2019 1785 2095 Corbeieusi,

986 2092 1113 2163 quamvis
1133 2092 1250 2164 priorem
1275 2093 1422 2148 lectionem
1447 2101 1557 2149 secutus
1580 2092 1620 2148 sit
1642 2091 1783 2163 Babanus,

987 2162 1020 2218 ad
1035 2179 1096 2236 quae
1111 2164 1298 2235 scrupulosior
1311 2163 1421 2220 videtur
1436 2163 1603 2220 Florentiuii
1619 2163 1781 2236 observatio,

987 2233 1053 2288 dum
1072 2240 1173 2289 matres
1192 2235 1345 2291 infantibus
1360 2235 1446 2290 ferme
1462 2234 1594 2307 conjungi
1618 2237 1784 2307 333331331-

988 2314 1064 2360 nuat.
1080 2305 1153 2360 Beda
1167 2305 1239 2362 clare
1254 2314 1280 2361 et
1292 2305 1396 2362 nitide:
1414 2307 1521 2362 Natalis
1539 2312 1698 2360 sanctornm
1715 2325 1782 2365 mar·

989 2383 1076 2447 tyram
1097 2377 1287 2432 Innocentium.
1313 2378 1388 2432 Flori
1412 2378 1531 2449 elogium
1547 2394 1606 2433 non
1620 2381 1715 2449 magni
1735 2398 1783 2436 mo

988 2447 1073 2502 menti
1094 2455 1143 2502 est.
1167 2450 1321 2504 Romanum
1350 2464 1465 2520 parvum
1487 2449 1570 2504 solito
1595 2450 1689 2520 stylo:
1718 2453 1782 2508 Bell·

989 2521 1060 2585 leem,
1076 2525 1227 2573 sanctorem
1243 2520 1431 2574 lnnocentinm.
1450 2520 1511 2575 Ado
1526 2522 1646 2592 paucula
1670 2522 1782 2594 subjun-

989 2589 1041 2654 xit,
1062 2606 1122 2662 3333
1143 2590 1171 2645 13
1194 2590 1332 2646 Auctariis
1354 2590 1490 2662 descripta
1511 2591 1632 2648 13133133
1652 2592 1781 2651 dabimus.

987 2660 1178 2716 Usnardusvel
1193 2677 1227 2716 ex
1261 2670 1373 2733 erpetuo
1387 2661 1501 2718 ductore
1517 2661 1674 2719 Viennensi
1690 2674 1781 2747 marty·

987 2733 1091 2802 rologo,
1111 2733 1155 2787 vel
1178 2748 1212 2787 ex
1234 2678 1459 2804 dieronymianis
1473 2733 1541 2805 ipsis
1555 2735 1675 2806 seligere
1691 2745 1779 2808 potuit,

988 2819 1047 2875 333
1062 2802 1153 2874 phrasi
1171 2819 1226 2859 suae
1237 2804 1323 2875 magis
1333 2805 1481 2860 convenire
1490 2805 1680 2862 existimavit.
1694 2809 1781 2864 Exstat

987 2874 1059 2946 apud
1081 2873 1192 2929 Surium
1209 2874 1243 2930 de
1263 2874 1417 2931 lnlantibus
1436 2875 1534 2946 oratio,
1556 2893 1619 2949 333
1642 2894 1706 2934 eum
1727 2879 1780 2935 aliis

988 2954 1144 3000 sanctorum
1161 2947 1271 3001 Patrunr
1291 2947 1435 3014 encomiis,
1452 2946 1481 3001 in
1498 2946 1599 3018 majori
1618 2965 1703 3021 opera
1716 2958 1780 3024 pote·

988 3017 1024 3070 rit
1048 3016 1191 3071 illustrari.
1217 3017 1262 3072 Sic
1289 3017 1393 3088 primos
1415 3017 1479 3073 illos
1499 3019 1604 3076 Christi
1634 3031 1779 3095 martyrum

987 3086 1115 3142 flosculos
1130 3087 1230 3144 cecinit
1245 3088 1477 3145 wandalbertus:

1050 3204 1182 3253 Uberibus
1194 3213 1302 3253 matrum
1318 3206 1403 3266 rapuit
1415 3219 1479 3268 3333
1489 3206 1554 3255 11333
1567 3208 1665 3272 cupido

1048 3265 1236 3328 Regnandique
1250 3267 1324 3322 sitis;
1343 3267 1472 3318 Christum
1491 3267 1552 3318 dum
1572 3271 1684 3333 perdere
1700 3278 1778 3321 natant

1050 3328 1166 3378 llerodes
1178 3331 1257 3392 cupit,
1270 3328 1385 3379 Infantes
1395 3332 1485 3394 quinto
1497 3345 1666 3384 veneramur.

1023 3436 1169 3507 Entyclins
1183 3445 1211 3491 et
1225 3437 1394 3491 Domitianus
1410 3447 1546 3510 martyres
1558 3451 1627 3499 sunt
1636 3444 1780 3500 solofernrc

987 3509 1100 3563 nomine
1113 3516 1140 3563 et
1155 3507 1325 3576 conditione,
1341 3517 1422 3578 31333
1437 3510 1465 3564 13
1481 3510 1549 3566 33113
1562 3513 1781 3586 Hieronymianis

987 3578 1191 3650 exemplaribus
1201 3580 1269 3647 noti,
1280 3579 1353 3635 unde
1363 3581 1397 3636 ab
1405 3581 1528 3637 Usuardo
1538 3585 1696 3642 certissime
1702 3593 1781 3641 traus-

987 3649 1034 3706 1311
1058 3657 1132 3705 sunt.
1158 3649 1325 3721 Corrigenda
1350 3658 1390 3706 est
1413 3652 1546 3709 Lucensis
1569 3655 1678 3713 codicis
1697 3656 1781 3712 luxata

986 3719 1211 3776 commemoratio
1238 3737 1273 3775 ex
1292 3722 1487 3792 Epternacensi
1509 3732 1537 3779 et
1556 3725 1780 3795 (1333313331,ἀί-

986 3791 1087 3847 stincte
1105 3790 1301 3859 scribentibus
1318 3799 1349 3847 31
1362 3794 1447 3848 estin
1462 3803 1540 3850 textu
1555 3806 1675 3867 nostro,
1691 3799 1782 3854 Ancus

989 3862 1115 3927 Gulccioe,
1138 3862 1229 3917 Eetici
1246 3864 1408 3944 presbyteri,
1425 3866 1573 3921 Domitiani
1592 3870 1711 3926 diaconi.
1725 3867 1781 3927 Dixi

986 3948 1068 4004 supra
1083 3933 1111 3987 in
1126 3933 1306 3990 Variantibus
1319 3951 1361 3989 me
1373 3935 1460 4007 legere
1470 3938 1610 4008 Entgchc’i,
1624 3948 1656 3997 31
1666 3939 1781 3998 nitidiori

986 4003 1188 4076 orthographia
1203 4021 1267 4060 cum
1282 4005 1401 4062 Beronio
1417 4023 1460 4063 me
1473 4008 1660 4068 conformem.

843 4119 1036 4177 chertx.

169 4229 323 4284 13133333.
344 4225 390 4299 qui
413 4225 581 4282 Usuardinos
594 4233 687 4283 textus
704 4227 866 4299 plerumque
884 4227 930 4282 ab·

132 4299 258 4356 breviare
278 4297 376 4353 solitus
395 4304 446 4364 est,
463 4296 509 4352 hie
523 4296 615 4353 denuo
633 4313 668 4352 ex
685 4298 781 4354 Adone
796 4299 931 4354 nonnulla

133 4369 288 4442 descripsit,
309 4386 369 4442 quae
386 4368 419 4423 ad
439 4367 568 4423 Nostrum
592 4385 702 4440 prorsus
722 4385 777 4425 non
794 4386 807 4424 s
827 4376 928 4426 ectant.

133 4443 178 4498 Sic
197 4449 258 4514 post
276 4439 467 4507 Innocentium,
492 4440 652 4495 subtexuit:
683 4466 692 4486 ι
710 4440 784 4506 0333
799 4386 929 4508 lierodes,

134 4529 196 4569 curn
211 4511 314 4569 Christi
327 4511 500 4566 nativitatem
515 4511 655 4582 hlagorum
669 4511 774 4567 indicio
788 4512 930 4583 cognovis-

135 4591 185 4649 set,
201 4581 342 4652 trigesimo
357 4589 434 4637 sexto
452 4579 491 4652 [in
506 4582 598 4636 Adone
612 4587 648 4635 est
663 4582 803 4653 trigesimo
818 4580 928 4662 quinto]

134 4669 207 4708 anno
228 4652 365 4722 33331331
386 4651 503 4706 interfici
521 4651 614 4722 jussit.
629 4652 681 4718 Qui
697 4669 769 4708 anno
791 4655 970 4724 trigesimoD

135 4731 224 4786 sexto,
240 4722 336 4776 morbo
353 4721 546 4788 intercutian0,
562 4722 730 4778 scatentibus
743 4730 802 4777 toto
817 4740 865 4778 cor
884 4740 931 4778 ore

135 4791 287 4858 vermibus,
311 4792 503 4847 miserabiliter
527 4800 553 4847 et
574 4792 655 4863 digne
680 4795 806 4848 moritur.
829 4818 838 4841 ι
860 4739 931 4850 idide

135 4864 239 4919 fontem
264 4861 354 4933 ipsum
370 4863 451 4932 paulo
466 4863 614 4932 puriorem.
636 4864 738 4918 Ultima
756 4863 930 4920 annuntiatio

135 4937 164 4990 in
176 4936 229 4990 boc
243 4933 337 4990 codiee
351 4932 579 5003 pretermittitur.

172 5006 319 5062 Munsuxr.
336 5003 425 5059 textui
436 5003 612 5072 superaddit:
638 5028 646 5051 ι
662 5006 692 5060 13
708 5004 821 5073 11113133,
838 5006 930 5061 331313

135 5085 293 5134 sanctorum
311 5076 440 5142 Victoris,
457 5073 586 5142 Castoris,
602 5083 629 5130 et
643 5077 800 5147 Rogaciaui.
817 5103 826 5124 »
847 5080 930 5133 Acce-

135 5148 175 5220 pti
188 5155 253 5205 sunt
267 5164 302 5203 ex
318 5145 551 5218 Hieronymianis,
571 5153 598 5201 31
612 5145 665 5202 hoe
680 5148 722 5203 vel
738 5148 793 5204 alio
812 5148 927 5204 ordine:

135 5221 217 5274 etiam
233 5218 266 5273 ab
277 5218 340 5273 aliis
353 5217 518 5272 referuntur.

170 5290 266 5345 Benrn.
292 5289 416 5344 ordinem
440 5288 579 5343 tantillum
600 5287 737 5357 immutat,
761 5297 871 5345 etcum
897 5307 930 5347 eo

135 5361 305 5415 conveniunt
329 5359 559 5416 Evaunum-Max.
584 5360 687 5433 aliique
710 5376 805 5416 ornnes
833 5361 929 5416 medie

136 5435 208 5483 notra
222 5430 339 5498 codices,
355 5432 395 5486 sic
410 5431 546 5502 legentes:
571 5455 580 5476 ‹
594 5431 625 5485 13
638 5431 751 5498 Α113133,
767 5433 857 5487 331313
869 5448 930 5488 333·

136 5506 243 5554 ctorum
258 5501 387 5569 Castoris,
405 5501 525 5558 Victoris
537 5507 564 5555 et
578 5501 618 5557 llo
636 5501 732 5558 atiani.
747 5527 755 5547 ·

171 5567 328 5624 Cnnrncsn.
344 5588 360 5626 a
374 5575 492 5643 puritate
507 5588 601 5626 rursus
615 5518 727 5628 deficit:
751 5596 760 5617 «
775 5573 928 5642 Bethleem,

134 5639 234 5694 natalis
249 5650 405 5696 sanctorum
420 5644 611 5711 Innocentum,
628 5660 696 5715 quos
719 5643 848 5714 llerodes,
864 5660 929 5702 cum

133 5706 238 5766 Christi
262 5710 434 5767 nativitatem
454 5714 594 5784 llagorum
618 5713 723 5770 indicio
744 5716 927 5787 cognovisset,

132 5795 206 5839 auno
219 5779 297 5853 regni
306 5779 350 5835 331
364 5781 504 5852 trigesimo
513 5783 613 5857 quinto
626 5783 744 5842 interfici
751 5785 845 5858 jussit,
855 5787 929 5844 inter

984 4242 1062 4299 quos,
1078 4225 1147 4282 duos
1166 4226 1291 4298 proprios
1311 4228 1383 4284 lilios
1401 4227 1537 4285 enecarit.
1557 4253 1565 4274 ·
1589 4231 1632 4287 Da
1650 4229 1781 4304 Eutychio

984 4308 1009 4353 et
1026 4294 1194 4365 Domitiano,
1210 4296 1292 4353 nihil.

1019 4369 1197 4424 Bnuxnxcnrr.
1219 4369 1259 4424 sic
1282 4368 1382 4425 babet:
1406 4395 1414 4417 ι
1430 4370 1459 4425 13
1480 4370 1628 4429 Bethleem
1641 4373 1729 4442 lude,
1741 4388 1781 4429 na·

984 4441 1038 4495 tale
1057 4448 1214 4495 sanctorum
1238 4441 1430 4497 Innocentum.
1451 4441 1525 4509 Quos
1539 4443 1664 4501 Herodes
1681 4462 1730 4502 rex
1743 4460 1780 4500 33

985 4512 1061 4582 33113
1082 4527 1097 4566 3
1118 4511 1203 4582 Magis
1227 4510 1331 4568 Christi
1354 4512 1507 4580 nativitate,
1536 4514 1658 4572 interfici
1683 4514 1781 4587 jussit;

986 4582 1088 4653 quique
1109 4590 1202 4652 postea
1220 4582 1316 4637 morbo
1338 4582 1485 4638 intercutis
1507 4600 1598 4657 33333,
1620 4585 1781 4643 scatentibus

986 4660 1044 4707 toto
1066 4669 1178 4723 corpore
1192 4653 1343 4720 vermibus,
1359 4661 1390 4708 31
1404 4653 1518 4725 dignum
1533 4664 1605 4725 erat,
1621 4655 1779 4713 miserabili·

986 4733 1026 4778 ter
1041 4730 1166 4778 mortuus
1180 4731 1230 4779 est.
1247 4725 1278 4778 ln
1293 4723 1406 4793 Alirica,
1418 4726 1508 4781 natale
1522 4737 1686 4785 sanctorum
1695 4727 1780 4786 Castu

985 4794 1033 4861 ris,
1049 4794 1170 4849 Victoris
1184 4802 1211 4848 31
1221 4794 1394 4865 Regaliani.»
1416 4795 1447 4850 13
1462 4800 1566 4854 sanetis
1582 4799 1692 4856 ultimis
1701 4799 1779 4870 Euty·

984 4864 1048 4921 chio
1063 4871 1090 4918 et
1104 4865 1264 4920 Domitiano
1278 4865 1345 4922 satis
1359 4882 1444 4937 purus
1462 4873 1512 4923 est.

1021 4935 1201 4990 Hscanovan.
1224 4936 1373 4992 Notissima
1393 4944 1434 4992 est
1461 4938 1579 5008 questio
1606 4939 1641 4996 de
1673 4955 1779 4997 numero

985 5015 1137 5078 martyrum
1153 5008 1355 5075 innocentium,
1372 5023 1453 5079 quern
1469 5008 1569 5077 Graeci,
1587 5011 1668 5068 nullo
1681 5011 1778 5068 lunda·

985 5085 1088 5144 mento,
1114 5077 1148 5133 ad
1172 5077 1379 5146 quatuordecim
1410 5080 1500 5135 millia
1528 5082 1698 5139 extendunt.
1713 5077 1777 5139 auli

984 5149 1050 5274 33111
1068 5147 1151 5220 hujus
1167 5150 1271 5206 codicis
1289 5158 1384 5205 auctor
1401 5150 1652 5210 comminiscetur:
1676 5178 1686 5201 ι
1706 5147 1776 5226 aput

1007 5219 1145 5275 etblehern
1158 5219 1245 5286 ludae,
1260 5221 1349 5276 natale
1363 5219 1506 5277 beatorum
1517 5224 1706 5282 innocentum
1717 5236 1776 5279 mar·

986 5299 1088 5362 tyrum,
1099 5306 1215 5361 quorum
1227 5307 1358 5346 numerus
1372 5300 1412 5346 est
1421 5292 1525 5348 centies
1540 5294 1620 5351 mille
1629 5303 1659 5352 et
1672 5292 1776 5369 3331111·

984 5361 1061 5432 31313
1075 5370 1192 5442 3331333
1207 5361 1304 5416 millia.
1317 5362 1376 5417 Ysti
1391 5360 1425 5417 ab
1440 5363 1547 5420 llerode
1563 5366 1654 5437 impio
1664 5364 1776 5439 rega-As·

984 5432 1134 5499 elralonrta,
1147 5432 1310 5504 alienigena,
1326 5433 1410 5489 occisi
1425 5434 1561 5507 sunt,qui
1575 5436 1650 5493 33111
1665 5447 1775 5510 uuquam

984 5510 1148 5559 nocuerunt.
1164 5503 1216 5559 Sed
1228 5503 1292 5575 3313
1308 5511 1375 5559 1333
1388 5506 1521 5577 temporis
1532 5506 1661 5575 fuerunt,
1674 5502 1775 5583 3333111

983 5581 1063 5628 33133
1083 5574 1209 5630 Christus
1222 5574 1357 5630 Dominus
1371 5590 1388 5629 a
1402 5575 1528 5648 pluribus
1540 5577 1716 5637 vaticinatus
1730 5582 1774 5640 1111

984 5653 1014 5701 31
1038 5644 1179 5702 Christum
1192 5645 1221 5700 in
1235 5645 1274 5701 eis
1289 5645 1437 5715 occideret,
1451 5662 1498 5703 ees
1512 5645 1668 5719 interiecit,
1682 5656 1710 5707 31
1720 5645 1774 5705 idst

983 5715 1043 5772 viee
1063 5714 1166 5773 Christi
1189 5733 1235 5774 eos
1258 5716 1378 5775 celebrat
1400 5717 1535 5776 Ecclesia.
1560 5718 1669 5792 113313,
1692 5714 1775 5777 mhi·

983 5785 1086 5843 Zosimi
1105 5802 1190 5861 papa.
1217 5787 1269 5844 llic
1295 5787 1350 5847 luit
1369 5787 1480 5846 3311333
1504 5788 1629 5860 Gnaeus,
1656 5796 1687 5850 31
1709 5784 1773 5849 adii
