3834 6136
93 192 145 250 stit
549 224 556 238 ·
623 194 940 256 MARTYROLOGIUM.
961 229 996 242 -
1015 200 1118 257 Mans,
1139 202 1221 258 AUG.
1697 209 1750 268 382

92 323 208 382 omnino
219 319 346 404 ¹videtur.
369 320 618 407 filiberti-Vitam,
635 342 654 408 a
672 329 783 400 suppari
803 335 934 393 mona-A
951 331 1097 405 debentur,
1112 351 1146 390 ex
1162 335 1211 393 liis
1246 335 1293 392 nia
1306 350 1369 393 enm
1393 336 1519 408 pluribus
1532 337 1594 395 aliis
1608 340 1694 408 allati,
1716 352 1748 402 iit

92 396 157 479 cho,
170 401 316 476 scriptam,
337 392 426 450 edidit
451 395 558 479 Sarius,
585 399 673 480 'solita
690 415 738 456 sna
770 400 895 484 mutandi
952 420 1007 459 nou
1022 407 1105 462 semel
1121 408 1187 465 alibi
1203 351 1336 464 dirimis.
1353 407 1471 465 Consule
1485 409 1642 468 Memoriale
1657 413 1748 471 Eulo-

91 469 159 551 stgli
179 465 309 547 libertate
343 480 418 522 usus.
440 468 476 523 At
492 485 679 549 'primigenia
709 471 800 543 phrasi
818 481 896 529 resti·
952 476 1000 547 gii,
1020 478 1091 535 libro
1104 498 1134 547 ii,
1152 496 1211 552 cap.
1227 481 1270 537 ll.
1286 482 1326 537 De
1340 480 1466 538 Samuele
1477 479 1536 538 baec
1549 480 1632 540 hodie
1650 486 1746 555 praedi·

92 548 147 597 tuit
159 537 274 620 liabilio
289 553 344 594 sec.
360 554 380 592 ii
396 537 538 622 Benedici.
555 557 618 613 apa
638 543 722 623 3816,
739 544 895 601 translatio·
950 557 995 607 cat
1009 550 1239 609 Wandalheraus:

92 629 140 670 nes
153 611 263 684 altaque
279 607 383 692 adsec.
409 627 439 692 itt
453 619 620 695 retutlletts.¹
653 614 748 670 ideibi
765 625 895 698 part-cta.
1027 631 1114 681 Tertia
1129 644 1185 693 post
1197 633 1290 682 denam
1303 632 1425 682 Samuele
1440 633 1556 694 excellet,
1570 635 1604 684 ab
1619 636 1684 699 ipsis

90 701 151 758 pag.
162 682 226 741 537.
243 682 415 754 Leuatgildus
432 689 538 740 itemst
554 683 761 758 Chiastophoras
775 704 828 762 ipsi
843 688 894 744 soli
1028 694 1112 756 Quem
1126 696 1235 747 Domino
1248 697 1321 746 cunm
1338 697 1450 759 genitrix
1461 695 1553 747 derosa
1563 700 1683 751 sacravit.

824 865 1015 926 Auernum.

124 994 318 1055 Ponsansuin
330 993 439 1052 duabus
450 994 548 1067 primis
561 1012 657 1069 purus,
668 1002 894 1073 postremasdnaa
947 1002 1099 1060 [lominica
1114 1002 1279 1071 nativitatis,
1319 1002 1377 1059 nasi
1402 1019 1516 1074 puerum
1540 1014 1695 1065 nascentem
1711 1008 1745 1067 de

89 1069 204 1129 omittit.
595 1142 600 1153 Ι
947 1074 1026 1131 beata
1045 1074 1169 1147 Virgine,
1199 1073 1279 1132 vidit.
1300 1018 1414 1131 harenis
1439 1076 1591 1134 castitatem
1625 1081 1744 1137 multum

122 1143 269 1222 musar.
287 1148 315 1197 et
329 1139 523 1222 Maxahuanc.
540 1158 602 1214 puri
617 1152 692 1212 sunt,
709 1144 763 1201 nisi
774 1145 848 1226 quod
863 1145 892 1203 in
947 1147 1060 1214 amavit,
1086 1154 1113 1202 et
1142 1145 1294 1202 monachus
1309 1145 1396 1203 lactus
1411 1147 1439 1202 in
1466 1148 1600 1206 vicesimo
1623 1151 1744 1210 morundo

88 1213 244 1286 Porphyrio
254 1210 403 1275 deliciant;
416 1227 443 1266 in
455 1211 510 1268 sine
525 1221 616 1269 autem
627 1216 762 1273 excedant
776 1233 805 1272 in
820 1233 893 1274 nova
946 1234 1019 1274 anuo
1033 1218 1121 1275 araris
1135 1235 1200 1286 snas,
1212 1226 1300 1274 totum
1315 1233 1343 1273 se
1359 1218 1436 1275 dedit
1446 1220 1595 1289 patientia,
1605 1222 1743 1279 abstinen-

87 1283 302 1366 annnntiatione
321 1283 356 1340 de
372 1293 470 1364 sancto
489 1285 647 1344 Bernardo:
675 1289 731 1345 «ln
752 1288 892 1345 territorio
947 1291 1002 1358 tia,
1018 1288 1185 1346 humilitatis
1199 1296 1226 1345 et
1240 1288 1383 1346 charitatis
1403 1287 1557 1372 [operibus]
1581 1308 1629 1363 per
1648 1310 1744 1351 omnes

88 1359 268 1429 Lingonensi‚
283 1355 420 1436 depositio
434 1355 506 1413 beati
521 1357 664 1428 Bernardi,
690 1359 773 1432 primi
795 1359 889 1417 Clare-
945 1361 1005 1418 dies
1026 1361 1090 1417 vitas
1104 1378 1169 1417 suaa.
1195 1361 1246 1418 llic
1270 1368 1431 1432 perpetratis
1447 1362 1541 1419 multis
1561 1363 1701 1421 miraculis
1715 1371 1743 1421 et

88 1428 222 1485 vallensis
240 1427 358 1497 abbatis,
378 1428 433 1484 viri
460 1428 528 1496 vita,
549 1428 676 1487 doctrina
703 1439 731 1489 et
750 1431 892 1490 miraculis
946 1432 1042 1489 multis
1056 1432 1200 1504 descriptis
1222 1431 1311 1499 libris,
1328 1438 1355 1487 et
1376 1433 1548 1489 monasteriis
1571 1438 1613 1490 sui
1629 1435 1742 1492 Ordinis

91 1501 216 1574 gloriosi.
231 1522 241 1548 ι
944 1513 1055 1561 centum
1070 1510 1097 1560 et
1110 1520 1176 1560 sexa
1196 1503 1253 1560 inta
1266 1502 1417 1572 edificatis,
1429 1519 1501 1560 anno
1510 1506 1679 1577 sexagesimo
1689 1513 1741 1562 ter·

127 1569 379 1651 samasiensium
395 1585 465 1651 puro
479 1569 508 1627 in
523 1571 577 1629 side
599 1572 711 1632 subdit:
736 1601 744 1625 ι
760 1577 791 1632 lii
805 1575 892 1633 terri·
945 1576 984 1632 tio
997 1576 1084 1633 aetatis
1094 1575 1153 1647 ejus
1162 1520 1268 1630 ohiitin
1279 1590 1355 1647 pace,
1373 1582 1566 1632 testamentum
1587 1575 1739 1646 charitatis,

95 1644 168 1701 torio
183 1643 354 1714 lingonensi,
370 1641 444 1697 beati
458 1642 600 1702 Bernardi.
617 1670 627 1693 .
944 1647 1120 1713 humilitatis,
1134 1646 1282 1719 patientior,
1297 1645 1469 1702 abstinentie
1480 1648 1538 1703 suis
1550 1647 1681 1704 iratribus
1692 1664 1740 1704 re-

127 1715 266 1780 carim,
282 1722 339 1769 toto
356 1713 439 1794 etiam
457 1722 535 1771 textu
555 1733 651 1789 purus,
672 1718 701 1773 in
726 1718 780 1774 fine
801 1719 890 1776 utitur
945 1720 1082 1802 linquens.
1094 1717 1200 1773 ltemin
1214 1717 1323 1788 Anglia,
1339 1718 1539 1774 sanotiOswini
1551 1719 1659 1791 regisat
1670 1736 1739 1776 mar·

88 1785 166 1868 siguo
176 1785 233 1851 iu,
248 1783 349 1911 dequo
364 1801 469 1856 egimus
485 1789 582 1859 quinta
594 1788 679 1869 linjns
689 1790 717 1844 in
728 1797 822 1845 sancto
835 1793 887 1847 llo·
943 1800 1024 1863 tyris.
1041 1789 1177 1857 Treveris,
1192 1789 1280 1845 sancti
1294 1790 1422 1845 Auctoris
1442 1789 1562 1862 episcopi
1585 1797 1613 1846 et
1626 1791 1740 1848 confes-

88 1873 194 1913 mrnico
213 1865 240 1913 et
259 1856 295 1910 ali
316 1873 336 1925 i,
366 1872 420 1929 qno
440 1874 537 1932 nempe
565 1860 679 1928 indicat,
700 1869 825 1918 sanctum
854 1863 1047 1924 cabannis.»

86 1929 163 2001 signo
177 1928 309 1986 allectum
324 1928 448 1985 Usuardo
462 1947 520 1987 esse
541 1932 760 2003 superadditum.
785 1933 888 1991 Debuit
977 1935 1138 1997 Aoniumcr.
1154 1932 1182 1988 in
1198 1931 1357 1988 linaaddit:
1380 1929 1526 1990 ‹Cainone
1539 1943 1640 2002 castro,
1650 1936 1739 1994 sancti

87 2017 148 2071 ergo
164 2000 241 2082 inter
261 2000 392 2057 Auctaria
416 2003 522 2072 reponi,
547 2004 621 2076 quod
636 2004 719 2061 bodie
732 2003 772 2061 sic
785 2003 884 2064 hahet:
939 2006 1054 2062 Maximi
1069 2003 1244 2062 contessoris.
1260 2028 1269 2050 ·
1291 2003 1396 2061 Deinde
1409 2004 1515 2061 calamo
1525 2007 1685 2063 notabiliter
1699 2023 1738 2064 re·

94 2074 183 2128 «item
199 2087 230 2127 in
245 2071 409 2141 Clararalle,
425 2077 513 2130 sancti
528 2075 660 2132 bernardi
674 2076 793 2133 abbatis.
810 2102 818 2125 ι
941 2077 1082 2134 cautiore:
1103 2101 1112 2122 ·
1128 2075 1268 2147 Depositio
1286 2075 1374 2131 sancti
1386 2075 1516 2131 bernardi
1528 2076 1643 2134 abbatis.
1659 2103 1667 2126 ι
1688 2078 1740 2135 lia·

118 2144 348 2200 Auruncae-Max
362 2187 369 2211 ,
381 2146 559 2214 Uurniuaer„
572 2147 684 2203 Lernan
694 2156 721 2204 et
730 2149 885 2204 bovinias.
940 2149 987 2205 hes
1001 2165 1083 2221 supra
1096 2146 1216 2219 elogium
1232 2147 1297 2203 satis
1312 2149 1434 2218 longum.

88 2215 278 2272 secundoloco
326 2223 351 2270 st
360 2217 505 2285 Samuelis,
521 2217 665 2275 inserunt:
685 2221 734 2276 «ln
745 2220 885 2276 territorio
975 2221 1133 2276 Annianus.
1166 2217 1252 2289 ‹lpso
1281 2218 1336 2287 die,
1361 2219 1450 2275 sancti
1469 2219 1614 2291 Bernardi,
1633 2219 1739 2278 abbatis

90 2287 264 2359 lingonensi.
301 2288 416 2369 epositio
432 2288 504 2345 beati
519 2290 662 2348 ilernardi.
681 2292 764 2362 priini
787 2291 885 2348 Clare·
940 2290 1183 2349 clarevallensis·

90 2359 216 2415 vallensis
227 2357 347 2426 abbatis,
359 2360 412 2415 viri
421 2360 582 2417 doctrinaet
592 2361 732 2418 miraculis
743 2362 878 2434 gloriosi.»
975 2362 1433 2419 Marnas-Caurum.-Uiruiuncm
1458 2388 1466 2409 ι
1477 2362 1609 2420 Bernardi
1620 2363 1737 2422 abbatis.

89 2430 244 2504 Sequuntur
264 2432 370 2504 reliqua
387 2439 480 2488 textus
499 2449 575 2505 pure.
592 2434 624 2489 ln
637 2433 709 2490 line:
734 2434 884 2507 ‹lpsodie,
939 2435 1074 2490 Samuelis
1092 2433 1239 2506 prophetia.
1252 2432 1410 2504 Porphyrii,
1421 2435 1469 2506 qui
1486 2442 1612 2490 sanctum
1632 2436 1738 2508 Agapi-

90 2503 174 2560 uncti
185 2503 320 2559 Auctoris
336 2504 517 2560 Treverorum
528 2505 659 2577 episcopi.
674 2531 683 2554 ι
705 2506 749 2562 Au
764 2522 819 2561 non
830 2506 885 2562 Me·
939 2516 998 2562 tuin
1028 2504 1263 2561 uarumerudivit.
1274 2504 1430 2572 Philiberli,
1443 2505 1532 2577 primo
1543 2506 1650 2575 militis,
1664 2513 1737 2578 post·

90 2574 217 2643 tensium,
233 2591 254 2629 x
270 2574 360 2646 Aug.i
938 2593 970 2633 aa
989 2523 1105 2632 agnatis.
1123 2601 1131 2624 ι

119 2648 246 2703 Annene.
263 2654 290 2701 et
304 2647 403 2703 Dium.
420 2645 448 2702 in
464 2662 495 2704 eo
510 2663 526 2702 a
539 2647 728 2721 superioribus
741 2647 883 2718 diliernnt,
974 2649 1141 2707 Ciunnioau.
1158 2657 1186 2704 et
1197 2650 1354 2703 Aurariae:
1377 2647 1519 2705 ‹Cainone
1535 2656 1634 2715 castro,
1650 2649 1738 2706 sancti

89 2718 157 2792 qnod
183 2717 372 2799 deBernardo
395 2735 409 2772 a
429 2720 587 2800 ant-primo
602 2720 672 2787 loco,
688 2728 715 2775 et
737 2720 884 2850 ΡοἬὴέτίἰ
938 2720 1053 2776 Maximi
1068 2718 1267 2800 confessoris.›
1302 2719 1365 2775 Fuit
1390 2717 1544 2791 discipulus
1572 2719 1600 2776 S.
1625 2720 1737 2778 Martini

90 2797 391 2860 commemorationem,
446 2791 508 2847 aliis
517 2808 567 2848 suo
580 2792 640 2850 loco
650 2791 778 2864 positam,
809 2792 819 2848 i
849 2809 884 2850 no
938 2792 1125 2856 Turonensis;
1142 2790 1246 2848 Gallice
1259 2791 1481 2847 vocaturMeme.

89 2862 165 2935 plane
179 2862 321 2919 omittant.
974 2866 1042 2923 Aac.
1059 2864 1153 2931 Susa,
1169 2878 1247 2918 num.
1264 2862 1336 2919 tis:
1359 2863 1412 2918 ·ln
1426 2861 1737 2934 partihnsBurgnndias,

120 2933 302 2992 Cumauam:
324 2934 630 3008 ‹Samuelisprophataa,
646 2937 885 3010 cniussacraossa
938 2936 999 2993 loco
1017 2935 1064 3008 qui
1080 2934 1183 2991 dicitur
1206 2933 1378 3003 Clarevallis,
1402 2933 1538 3006 depositio
1557 2934 1645 2993 sancti
1665 2933 1738 2990 Ber-

88 3005 245 3062 Archadius
260 3006 397 3088 Augustus
410 3007 444 3063 da
458 3006 544 3063 Judea
560 3011 703 3066 transtulit
726 3008 882 3078 Thraciam,
940 3007 1019 3064 nardi
1031 3006 1147 3063 abbatis.
1164 3033 1173 3056 ι

89 3076 264 3204 Bonantibus
276 3078 420 3158 episcopis,
431 3085 457 3134 et
468 3079 597 3161 omuibus
610 3081 786 3163 ecclesiarum
799 3096 883 3153 popu·
975 3081 1007 3161 ln
1023 3080 1170 3159 Varianis,
1186 3093 1265 3134 num.
1281 3077 1362 3145 eata,
1377 3076 1453 3159 deest
1467 3076 1603 3160 Samuelis
1616 3086 1646 3160 et
1664 3077 1738 3134 Fili-

109 3166 122 3204 s
142 3156 220 3204 tauta
238 3149 327 3206 leticia
349 3151 590 3216 concurrentibus,
618 3169 696 3279 quasi
721 3162 883 3225 praesentem
937 3150 1019 3207 berti.
1037 3149 1194 3221 Adjicitur:
1217 3151 1272 3205 ‹ln
1286 3150 1416 3216 Lucania,
1432 3157 1520 3205 sancti
1536 3148 1680 3206 Lectica.»

87 3220 281 3294 viventemque
306 3230 459 3278 cernerent.
489 3222 592 3278 Eodem
641 3224 675 3293 ie,
708 3226 795 3281 sancti
812 3225 919 3290 Por-G
973 3223 1143 3278 Uerissimi.
1160 3221 1236 3277 deest
1260 3219 1417 3291 Porphyrii.
1433 3220 1464 3274 ln
1480 3219 1551 3276 line:
1575 3220 1631 3276 ·ln
1658 3218 1737 3276 terri·

88 3291 169 3364 phirii
186 3291 309 3348 hominis
323 3294 382 3350 Dei.
408 3294 489 3349 Herio
504 3294 604 3364 insula,
625 3296 711 3352 sancti
736 3294 882 3352 Philibarti
939 3295 1008 3350 torio
1027 3293 1205 3364 lingonensi,
1232 3291 1368 3362 depositio
1395 3291 1466 3347 beati
1488 3290 1632 3360 Bernardi,
1653 3290 1736 3364 primi

87 3362 206 3429 abbatis,
222 3364 320 3436 quide
337 3365 437 3420 militia
452 3368 606 3438 temporali,
622 3367 725 3424 Christi
742 3367 881 3439 tyrocinio
935 3364 1042 3420 abbatis
1057 3363 1277 3422 Clarevallensis.
1294 3388 1303 3410 ·

87 3435 266 3508 mancipatus,
282 3438 512 3493 monasteriorum
527 3439 635 3493 exstitit
650 3438 780 3494 lundator
799 3438 881 3493 devo·
971 3438 1160 3492 Fauianum:
1203 3433 1317 3490 ‹Sancti
1344 3431 1487 3488 Bernardi.
1507 3475 1538 3490 ..
1568 3433 1663 3490 Sancti
1677 3432 1735 3490 Ste-

86 3516 135 3563 tus.
147 3507 269 3565 Ciuitate
279 3506 417 3576 Corduba,
428 3518 586 3566 sanctorum
603 3510 800 3566 monachorum
816 3510 881 3565 Leo·
936 3507 1054 3580 pharii...
1071 3505 1163 3562 Sancti
1179 3505 1263 3562 Potiti
1277 3505 1354 3577 pueri
1369 3521 1396 3578 q.
1424 3521 1449 3560 a.
1467 3504 1542 3576 (puto
1565 3507 1629 3562 uelle
1649 3505 1736 3561 duero

87 3577 180 3650 rigildi
195 3588 223 3634 et
237 3578 349 3636 Christo
370 3579 440 3650 hori,
457 3597 575 3652 quornm
590 3597 705 3654 corpora
721 3589 781 3654 post
791 3580 881 3638 decol-
936 3579 984 3652 qui
999 3594 1093 3651 passus
1107 3580 1160 3648 est)
1176 3577 1205 3633 in
1220 3576 1321 3649 Apulia
1335 3576 1479 3649 provincia
1497 3585 1622 3649 tempora
1649 3580 1735 3634 Anto·

87 3649 214 3707 lationem
228 3649 287 3722 igni
303 3659 330 3707 tr
366 3652 517 3708 desunt.»
936 3651 996 3707 nini
1013 3649 1222 3723 imperatoris.»

117 3720 299 3779 Sinnacen.
317 3723 415 3796 incipit
434 3723 612 3792 aBarnardo,
638 3732 769 3798 utsupra.
793 3725 879 3780 Turn:
972 3722 1189 3779 Romanensem:
1212 3720 1359 3779 «Cainone
1371 3728 1471 3791 castro,
1487 3720 1575 3779 sancti
1589 3717 1735 3778 Maximini

94 3793 178 3850 ·ltem
199 3795 288 3850 sancti
302 3794 436 3851 Samuelis
451 3813 500 3869 pro
521 3798 599 3853 lietae.
615 3796 702 3868 Cujus
722 3812 798 3853 sacra
821 3812 882 3852 ossa
935 3794 1137 3851 contessoris.»

90 3864 238 3922 Archadius
253 3868 394 3937 Augustus
408 3868 442 3923 de
460 3814 547 3924 iudea
560 3870 702 3925 transtulit
724 3868 879 3924 Trachiam.
971 3866 1068 3924 Conari
1082 3866 1187 3922 Mouris
1202 3864 1311 3921 Sinuri.
1335 3865 1416 3947 ‹lpso
1433 3864 1488 3934 die,
1505 3865 1655 3922 innovatur
1675 3879 1735 3920 san·

88 3935 880 4012 Portantibusautemepiscopis,etomninmecolesiarnm
935 3944 1042 3994 ctorum
1071 3938 1258 3994 confessorum
1282 3940 1385 4006 Amati,
1414 3937 1562 4005 Romarici,
1590 3943 1618 3991 et
1644 3934 1735 3992 Adelli

84 4008 192 4081 populis
205 4010 425 4076 occurrentibus,
440 4020 517 4067 tanta
532 4011 624 4068 leticia
642 4010 714 4067 lacta
736 4019 787 4079 est,
803 4012 881 4084 quasi
935 4009 1080 4066 celebritas
1095 4025 1195 4065 annua.
1208 4009 1376 4075 Eodemdie‚
1391 4009 1537 4065 translatio
1560 4009 1588 4065 S.
1603 4006 1734 4064 Gebetru·

83 4088 235 4160 presentem
248 4082 444 4155 viventemque
453 4090 597 4139 cernerent
607 4091 688 4156 atque
699 4083 879 4155 susciperent,
935 4080 989 4137 dis.
1005 4105 1014 4128 ·
1036 4080 1106 4137 Vide
1121 4081 1244 4146 Castell,
1261 4097 1321 4152 pag.
1339 4081 1400 4149 785,
1414 4089 1441 4137 et
1455 4082 1485 4139 in
1499 4081 1601 4138 indice.

84 4151 352 4209 itautdePalestina
370 4154 498 4226 usquead
509 4154 689 4212 Caloedonem
697 4155 882 4227 jungerentur
971 4152 1065 4208 Editio
1080 4150 1267 4207 huneco-Con.
1290 4153 1329 4206 Da
1343 4152 1479 4219 Samuele,
1500 4155 1557 4210 lere
1578 4149 1678 4208 similis
1693 4158 1735 4207 est

84 4223 192 4293 agmina
201 4225 379 4351 populorum,
389 4235 417 4281 et
427 4226 454 4281 in
468 4225 548 4282 laude
558 4225 661 4284 Christi
672 4244 727 4282 una
740 4243 807 4282 voce
822 4242 880 4298 per·
934 4223 1114 4304 Buuxninnn.
1141 4222 1286 4302 Sequitur:
1320 4223 1375 4277 ‹ltt
1388 4225 1528 4304 territorio
1551 4221 1732 4304 lingonensi,

83 4305 219 4351 sonarent.
255 4296 654 4353 cribitbaatusleromiuus.·
679 4299 710 4354 ln
725 4298 778 4354 Por
799 4299 815 4352 li
837 4297 880 4355 rio
936 4302 1103 4350 monasterio
1125 4291 1298 4359 Clarevallis,
1323 4292 1460 4364 depositio
1486 4294 1558 4349 beati
1587 4293 1732 4363 bernardi,

83 4365 185 4433 scribit,
196 4392 206 4415 ι
216 4360 363 4440 Agapitum
380 4385 428 4424 sen
444 4369 624 4440 Agathonem.
641 4393 650 4416 ·
676 4370 707 4424 ln
722 4315 879 4426 Corduben·
955 4366 1018 4421 rimi
1030 4363 1215 4445 ejusdemloci
1228 4362 1382 4445 οὕδοῑίοιοίΙ
1394 4364 1569 4446 confessoris,
1585 4364 1648 4444 viri·
1664 4365 1731 4431 vita,

82 4436 155 4494 sibus
168 4455 256 4512 purus
270 4447 321 4495 est.
336 4441 376 4497 De
391 4440 524 4496 Filiherto
538 4439 670 4511 subjicit:
704 4466 713 4488 ι
727 4441 763 4496 Et
778 4439 879 4510 specia-
934 4382 1061 4494 Hoctrina
1074 4444 1102 4492 et
1116 4436 1258 4515 miraculis
1273 4437 1395 4505 gloriosi.
1421 4434 1475 4501 Qui
1501 4441 1732 4516 monasteriorum

84 4507 145 4565 liter
155 4510 266 4566 cenobii
275 4510 878 4583 Cinaginensisiuterritoriollothomagansi.
934 4516 960 4564 et
975 4507 1172 4564 monachorum
1186 4507 1293 4562 exstitit
1305 4505 1435 4562 fundator
1448 4517 1476 4564 et
1508 4516 1566 4563 ater
1580 4506 1725 4576 inclytus·

83 4577 165 4653 Cujus
181 4581 322 4638 abbatiam
338 4599 420 4664 quam
437 4583 493 4655 ipse
509 4584 618 4657 gerebat
641 4584 767 4656 (regebat)
785 4584 820 4639 ob
839 4591 879 4665 ty·
895 4588 919 4647 Ι)
936 4581 967 4636 ln
983 4579 1126 4646 Filiberto,
1141 4577 1366 4659 Cordubensibus
1378 4586 1405 4633 et
1419 4523 1575 4660 Porphyris
1587 4577 1653 4659 satis
1664 4591 1733 4659 pura

85 4652 227 4710 renuidem
238 4653 405 4725 Ebioniilon
414 4655 747 4729 nooEbroinillapostate
758 4654 879 4726 reliquit.
936 4658 986 4706 est.
1003 4651 1092 4708 Tum:
1130 4650 1279 4706 ‹Treveris
1296 4650 1369 4706 beati
1393 4651 1532 4719 Auctoris,
1562 4665 1682 4722 episcopi
1705 4657 1733 4706 et

84 4723 161 4795 Apud
176 4725 331 4793 Treuerim,
345 4729 432 4783 sancti
448 4727 577 4783 Auctoris
593 4728 713 4800 episcopi
736 4735 763 4782 et
776 4727 882 4784 caules·
934 4722 1116 4780 contessoris:
1147 4722 1194 4796 qui
1220 4720 1249 4778 in
1268 4721 1432 4780 Brunswioh
1460 4739 1507 4796 per
1523 4722 1731 4779 translationem

84 4795 185 4876 soris.»
206 4796 279 4855 vida
299 4798 430 4854 Auctaria
451 4816 468 4853 ii
484 4799 612 4871 Augusti.
626 4799 684 4855 Nisi
700 4800 755 4856 dno
778 4797 881 4855 diversi
935 4795 1094 4869 requiescit.
1112 4795 1173 4867 lpso
1194 4792 1250 4862 die,
1262 4794 1333 4850 beati
1349 4795 1490 4868 Stephani,
1508 4795 1579 4870 ragis
1594 4796 1635 4853 Uri
1673 4795 1730 4874 ria,

86 4875 146 4923 snit.
935 4876 962 4924 et
975 4867 1149 4925 contessoris.
1167 4868 1244 4936 item,
1257 4869 1483 4927 commemoratio
1498 4869 1632 4926 sanctiMa
1646 4865 1731 4923 achia

116 4939 299 4996 hicmarus.
315 4939 349 4996 de
363 4941 488 5001 Samuele
502 4941 615 5014 longum
631 4959 665 4998 eii
679 4941 763 5000 sacris
782 4941 881 4998 litteris
935 4941 1056 5013 episcopi
1074 4949 1101 4997 et
1115 4939 1289 4996 contessoris.
1306 4965 1315 4988 ·
1332 4941 1364 4996 ln
1378 4943 1457 4999 Rom.
1473 4942 1586 5014 ponitur
1595 4934 1731 5010 depositio

85 5007 318 5068 Comnientarium
334 5014 415 5082 texit,
432 5030 511 5085 quem
525 5030 579 5068 non
594 5023 672 5070 iacnt
687 5014 878 5070 transcribere.
935 5029 965 5067 iri
982 5013 1052 5069 Nov.

85 5080 112 5136 ln
125 5082 281 5156 Porphyrio
297 5099 382 5155 purus
393 5093 443 5141 est.
461 5088 499 5141 De
513 5085 647 5140 Filiberto
671 5094 697 5141 et
722 5085 880 5142 Corduben·
969 5085 1065 5138 Bisiiu.
1080 5085 1110 5139 lii
1125 5084 1250 5139 Samuele
1287 5100 1363 5150 urus,
1384 5084 1412 5139 iu
1434 5079 1658 5140 Cordubensibus
1671 5092 1730 5134 cor·

84 5152 156 5233 sibus
170 5155 227 5227 egit
241 5155 287 5212 die
297 5156 472 5227 praecedenti.
486 5157 531 5212 Sic
542 5157 623 5212 inodo
636 5157 723 5228 pergit
735 5175 759 5212 :1
777 5156 877 5210 iloilein
935 5164 1031 5225 ruptus
1045 5164 1095 5210 est.
1111 5155 1215 5211 Rursus
1228 5155 1257 5209 in
1268 5100 1324 5209 hor
1344 5155 1425 5226 byrio
1450 5169 1534 5223 purus
1549 5152 1577 5206 in
1597 5149 1729 5231 liililierm

83 5222 135 5293 dia,
145 5226 284 5299 depositio
298 5229 385 5283 sancti
401 5227 562 5294 Bariihardi,
579 5228 685 5283 abbatis
696 5228 878 5284 Clarevallen·
932 5234 1020 5280 toturn
1036 5225 1155 5296 elogium
1171 5226 1313 5297 expungit.
1326 5173 1417 5281 Plutri:
1440 5247 1449 5270 ι
1465 5225 1501 5304 ln¹
1513 5224 1638 5304 Ungaiia,
1653 5237 1731 5304 9¹¹⁸?

83 5295 157 5375 eisin
170 5298 312 5356 territorio
328 5299 503 5372 lingonensi.
518 5301 609 5355 llioex
626 5298 767 5355 nobilibus
778 5315 879 5424 paren·
933 5305 987 5352 tate
1002 5297 1076 5367 regia
1085 5297 1251 5423 Albaragali,
1264 5297 1352 5353 sancti
1372 5295 1502 5375 Stephani
1518 5310 1590 5365 regis
1612 5310 1659 5367 qui
1675 5308 1730 5364 pri·

82 5366 152 5425 tibus
174 5369 208 5426 de
229 5370 388 5442 burgundia
411 5379 566 5437 natusest3
597 5370 720 5442 depatre
741 5371 879 5428 Cernoet
934 5383 994 5422 mus
1014 5367 1176 5436 Ungarosa
1223 5368 1304 5423 tidem
1332 5373 1505 5423 corruerat.»
1536 5367 1565 5422 lii
1590 5363 1730 5422 barnardo

83 5447 166 5498 matre
188 5442 297 5514 Aluyde
319 5441 398 5498 ualde
412 5443 557 5513 religiosis.
575 5442 625 5498 Hic
658 5443 760 5513 uirique
782 5439 879 5496 habuit
933 5438 1032 5494 similis
1046 5447 1087 5494 est
1102 5441 1243 5495 Aurorae.
1258 5438 1450 5494 Min-Lusus.
1470 5437 1615 5495 ‹Cainone
1629 5445 1728 5505 castro,

83 5508 214 5569 iratreset
224 5530 308 5569 unam
320 5530 451 5570 sororem.
465 5516 500 5570 Et
510 5515 567 5586 ipsa
577 5515 647 5569 Rern
671 5512 763 5580 ardus,
783 5513 879 5568 tertius
933 5511 1020 5566 sancti
1035 5510 1148 5566 Maximi
1162 5509 1336 5565 contessoris.
1354 5536 1363 5557 .

84 5581 112 5638 iu
138 5585 237 5642 ordine
254 5591 313 5640 erat
333 5587 465 5654 liliorum,
487 5602 567 5659 quani
598 5592 684 5641 mater
703 5583 830 5665 praevidit
849 5584 879 5639 in
969 5582 1114 5638 Gasima:
1140 5579 1275 5661 goswini,
1288 5579 1519 5652 regisprovinciaa
1529 5584 1686 5651 Deirornm,
1701 5589 1729 5637 at

84 5656 379 5731 nteroejnstanqnam
395 5660 516 5714 catulum
534 5655 879 5723 totnmcandidnm,etin
934 5653 1072 5727 martyris.
1102 5652 1186 5724 Cuius
1201 5652 1348 5708 instantem
1363 5653 1471 5710 obitum
1494 5657 1538 5727 (ut
1562 5656 1660 5713 scribit
1680 5654 1729 5708 Be

82 5729 168 5800 capite
177 5747 210 5786 ac
221 5729 304 5786 dorso
311 5745 412 5798 imarii,
424 5740 451 5786 et
466 5730 592 5785 maximae
602 5727 710 5783 audivit
724 5728 877 5784 latrantem.
933 5724 968 5781 da
979 5727 1000 5781 l.
1017 5728 1129 5796 iirlcum
1140 5731 1252 5806 sanctus
1264 5724 1389 5782 Aidanus
1400 5726 1544 5801 episcopus
1558 5727 1727 5800 prediceret.

82 5797 131 5859 liic
142 5817 207 5860 cuin
222 5809 295 5860 esset
308 5800 400 5859 adhuc
419 5803 562 5874 puerulus,
586 5799 726 5860 Cliristuin
744 5800 773 5855 in
798 5808 878 5856 nocte
932 5797 992 5854 Nou
1007 5805 1058 5867 est,
1073 5795 1521 5872 inquit,d1gnahaeogeustalem
1533 5799 1633 5856 habere
1643 5802 1728 5851 recto·
