3834 6136
139 207 192 269 tit

677 212 995 274 MARTYROLOGIUM.
1015 243 1050 259 -·
1070 215 1174 276 MENS.
1196 217 1267 276 tut.

1744 216 1798 277 aie

138 337 383 419 manu-adjectum
399 347 454 397 est:
481 337 645 414 ‹Depositio
666 339 694 397 S.
709 340 861 399 theobaldi
876 359 939 400 con·
954 347 980 405 A
998 343 1041 400 dis
1055 345 1172 416 virginis
1188 348 1245 403 lieo
1263 355 1384 404 sacrate.
1406 373 1415 396 »
1438 349 1477 403 lte
1491 348 1628 419 Eparcho,
1639 364 1715 474 pure.
1739 348 1794 403 «ln

138 411 289 467 sessoris.»

174 483 357 539 Brennica.
374 485 415 541 sic
434 485 559 542 orditur:
584 511 593 532 ‹
608 485 709 541 Octava
723 487 810 543 sancti
825 488 938 543 Joannis

136 555 280 635 Baptista.
308 555 438 624 turonis,
464 557 599 628 depositio
623 565 722 614 sanctae
747 560 936 629 btouegundb,

136 627 432 699 religiosaevirginis.·
452 631 490 684 De
501 631 592 684 Aaron
607 629 702 686 addit:
725 632 847 686 «Fratris
862 633 939 703 lloy·'

136 699 169 754 si.
189 699 303 754 ‹tum:
332 724 341 747 ι
357 700 475 767 Vienna,
488 700 574 755 sancti
589 701 709 768 btartini,
724 702 798 755 tertii
815 702 937 773 ejusdem

136 770 212 825 urbis
227 771 363 842 episcopi,
384 779 411 827 et
426 771 460 826 ab
475 773 614 843 Apostolis
629 772 661 826 ad
686 773 824 844 praelatam
841 774 936 830 urbem

135 842 222 897 missi.
239 842 330 908 »Quae
346 860 381 898 ex
396 843 492 899 Adone
507 860 565 897 sum
590 851 615 899 la
630 851 704 898 sunt.
729 847 781 900 ·1n
797 846 936 901 territorio

136 913 327 983 Lugdunensi,
337 914 398 970 loco
408 916 456 987 qui
469 914 555 970 Vallis
570 860 706 970 K'ebronia
720 915 839 983 dicitur,
855 917 935 987 depo·

136 985 201 1040 sitio
220 987 274 1040 riri
301 987 352 1041 Dei
374 986 446 1042 beati
470 986 634 1048 Domitiani.
656 995 707 1043 etc.
733 1013 742 1036 ι
772 989 934 1057 Theoderici,

134 1056 237 1123 subdit,
247 1057 361 1112 obbatis.
375 1058 404 1113 ln
416 1058 541 1130 Eparcbo
556 1074 642 1128 purus
652 1067 701 1113 est.
714 1060 744 1114 tn
755 1060 824 1114 bne:
846 1085 854 1106 ι
869 1062 935 1116 ttem

135 1129 245 1185 Cariteli
268 1130 422 1199 presbvteri
450 1137 476 1185 et
493 1129 688 1186 contessoris.»
710 1133 748 1187 lle
763 1131 855 1187 Satrio
877 1132 935 1188 tuse

135 1201 189 1272 egit
204 1217 277 1256 xxvi
292 1187 379 1259 lunii.

168 1272 354 1329 Hacesorau.
378 1273 412 1330 de
429 1275 521 1329 Aaron
542 1275 630 1331 multa
653 1275 882 1349 subjungitque
900 1292 935 1331 ex

133 1345 217 1399 saeris
233 1345 343 1416 paginis
355 1345 459 1401 certius
472 1354 634 1402 noscuntur.
651 1348 753 1403 Textus
769 1349 873 1420 reliqua
887 1366 936 1403 sa-

133 1415 169 1471 tis
194 1433 263 1487 pura
285 1425 359 1472 sunt.
380 1420 496 1472 lienium
519 1417 573 1473 buc
593 1417 686 1475 dittert
709 1421 935 1475 annuntiationes

132 1486 201 1542 duas
224 1487 280 1542 diei
301 1489 491 1559 praecedentis,
517 1488 550 1544 de
577 1489 745 1562 martyribus
775 1493 880 1547 Coisiro
908 1499 934 1546 et

994 416 1134 473 territorio
1157 418 1360 474 Cameracensis
1388 418 1475 486 urbis,
1496 427 1577 491 portu
1602 420 1793 487 Vaencianas,

992 489 1080 545 sancti
1095 489 1176 545 Silvii
1192 490 1331 617 inartgris,
1347 492 1394 564 qui
1415 492 1560 561 capitalem
1587 490 1718 547 sustinuit
1733 506 1792 545 sen·

991 561 1117 616 tentiam.
1134 563 1258 630 Augusto
1281 580 1347 630 uno,
1365 563 1502 634 depositio
1516 563 1603 620 sancti
1619 562 1718 617 Leonis
1730 561 1793 632 epi-

992 633 1065 702 scopi
1082 641 1108 688 ct
1122 633 1323 689 contessoris.»
1346 637 1385 691 De
1408 635 1538 700 Martino,
1563 643 1593 691 ut
1613 635 1791 691 Bnuxsiicx.

992 720 1082 774 supra.
1107 705 1137 758 lii
1164 705 1236 760 tine:
1259 708 1414 773 «inportu
1439 706 1629 772 valencianas,
1653 705 1680 760 S.
1706 703 1793 759 Salvii

991 775 1166 830 contessoris.
1194 803 1202 823 .
1231 777 1393 832 Geminatur
1418 778 1463 833 bic
1489 778 1573 844 idem,
1600 776 1697 903 guitti
1716 775 1793 832 lunii

996 846 1079 901 etiam
1095 847 1195 902 retatus
1210 857 1259 903 est.
1276 849 1423 906 Ouiittitur
1438 857 1528 904 autem
1543 850 1604 904 Cari
1618 850 1687 905 etus.

1026 917 1138 973 Betim:
1158 944 1167 966 ι
1190 920 1293 976 Octava
1307 922 1396 977 sancti
1411 921 1524 976 Joannis
1538 921 1677 993 Baptista.
1695 944 1704 967 »
1725 918 1792 973 tur-

990 986 1069 1044 batus
1084 999 1124 1045 est
1139 989 1216 1059 ordo,
1245 1001 1270 1048 et
1294 993 1323 1047 in
1340 994 1428 1066 prima
1453 993 1574 1049 editione
1590 993 1659 1047 male
1676 997 1793 1063 preter-

991 1061 1090 1116 missus
1105 1071 1146 1118 cst
1160 1063 1305 1133 Gentesne,
1322 1066 1370 1136 qui
1387 1064 1414 1119 in
1430 1066 1516 1120 altera
1530 1081 1545 1120 a
1567 1065 1687 1137 ponitur.

1027 1132 1151 1188 Giiavnx¹
1176 1134 1277 1190 «Nota.
1295 1137 1368 1191 illibi
1387 1138 1495 1207 legitur,
1512 1083 1598 1192 Salvii
1614 1134 1789 1191 contessoris.

990 1203 1021 1259 In
1037 1205 1194 1271 Biatiantia,
1207 1208 1294 1263 sancti
1315 1209 1444 1265 Rumoldi
1467 1208 1587 1280 episcopi
1614 1206 1752 1262 Hibernia
1764 1214 1792 1261 et

989 1277 1130 1355 martyris,
1147 1278 1194 1357 qui
1210 1296 1305 1350 passus
1315 1286 1356 1334 est
1372 1279 1482 1352 quidem
1499 1298 1548 1335 riii
1573 1280 1634 1335 Kal.
1649 1278 1727 1345 Jutii,
1744 1277 1790 1334 sed

990 1362 1048 1416 epus
1061 1349 1204 1404 celebritas
1219 1350 1263 1406 bic
1280 1350 1407 1406 lestiuius
1428 1351 1568 1408 recolitur.
1592 1348 1706 1407 Viriani
1722 1365 1789 1403 mar·
1851 1363 1856 1370 ·

989 1418 1059 1488 tyris
1074 1426 1100 1473 et
1114 1422 1250 1475 sociorum
1267 1421 1334 1491 ejus.
1360 1424 1463 1487 baron,
1482 1430 1508 1477 et
1536 1422 1601 1477 Julii
1624 1429 1788 1492 martyrum,

989 1505 1051 1545 cum
1063 1490 1124 1545 aliis
1140 1491 1275 1562 pluribus.
1292 1494 1353 1547 Gaii
1370 1510 1455 1564 pape.
1473 1494 1598 1560 Viennae,
1615 1493 1702 1548 sancti
1721 1493 1789 1546 litar-

135 1558 232 1613 Leoiie.
248 1561 316 1614 ltem
330 1560 362 1616 de
376 1560 518 1630 Hostioao,
535 1569 564 1616 ut
578 1561 635 1633 ipse
650 1561 756 1631 scribit,
772 1563 890 1634 episcopo
907 1571 934 1618 et
988 1560 1051 1626 tini,
1068 1562 1143 1617 tertii
1156 1563 1277 1633 ejusdcm
1291 1563 1367 1620 urbis
1379 1565 1511 1635 epicopi,
1525 1565 1557 1618 ab
1569 1565 1708 1635 ilpostolis
1722 1563 1790 1618 illuc

134 1629 294 1699 confessore.
974 1631 1075 1686 missi.
1092 1634 1294 1721 hugiistoduni,
1313 1637 1399 1690 sancti
1415 1635 1524 1693 Leontii
1541 1634 1661 1707 episcopi
1677 1642 1704 1690 et
1725 1650 1788 1690 con-

169 1702 332 1763 houicixcr.
356 1702 456 1759 babet:
486 1706 540 1760 «tn
563 1721 631 1777 pago
651 1704 845 1762 Cenomanieo
864 1730 873 1753 ι
893 1703 1107 1767 thiessoris.
1136 1706 1248 1760 Serrani
1270 1708 1391 1778 episcopi
1427 1715 1454 1762 et
1479 1706 1654 1763 contessoris.
1685 1707 1789 1762 Pambo

134 1773 246 1842 Curitefi
270 1774 358 1829 addit:
382 1775 548 1845 confessoris,
567 1776 625 1832 sine
643 1777 797 1848 presbyteri.
823 1801 832 1824 ι
852 1778 930 1832 ltem.
987 1774 1092 1829 abbatis
1107 1783 1134 1831 et
1149 1778 1323 1834 contessoris.
1339 1778 1392 1845 Qui
1413 1795 1475 1835 cum
1492 1786 1561 1834 esset
1577 1779 1747 1844 illitteratus,
1762 1785 1790 1832 et

132 1845 298 1901 theodorici
320 1846 472 1914 ahhaiis‚.
501 1855 617 1904 ratitum,
641 1850 672 1904 111
695 1848 759 1914 fioo,
791 1848 932 1904 rociaco
986 1848 1123 1926 psalmum
1143 1849 1263 1921 aliquem
1287 1850 1391 1905 discere
1414 1859 1535 1920 cuperet,
1552 1849 1623 1906 lecto
1642 1848 1694 1905 sibi
1708 1864 1789 1903 versu

132 1916 351 1974 mactitoannis
369 1918 663 1991 baptisationes
688 1919 813 1976 tetbaldi
827 1921 932 1977 contos·
987 1919 1050 1972 illo:
1080 1919 1155 1986 Dici,
1183 1921 1326 1975 cristodicoi
1345 1922 1401 1976 cios
1420 1939 1500 1988 arceas,
1522 1928 1551 1975 ut
1570 1939 1623 1974 iioii
1637 1920 1789 1991 delinquam

132 1989 208 2045 soris.
225 2014 235 2036 ι
986 1989 1013 2043 in
1030 1989 1120 2060 lingue
1136 2009 1202 2058 ineo,
1215 1992 1368 2047 secundnm
1384 2009 1492 2048 uersum
1506 1992 1601 2048 audire
1616 1992 1716 2058 uoluit,
1732 1991 1788 2045 sut·

116 2091 119 2094 ⁴
163 2061 313 2119 Victoriis.
341 2063 407 2134 legit
430 2080 492 2119 cuni
506 2073 603 2122 textu:
627 2063 736 2120 «Salvii
755 2064 930 2121 contessoris.
985 2059 1066 2115 ficere
1080 2062 1131 2117 sibi
1148 2063 1255 2132 dicens,
1267 2065 1289 2118 si
1308 2064 1428 2135 primum
1441 2065 1553 2135 implere
1569 2071 1668 2135 posset.
1686 2063 1787 2129 Romae,

132 2132 216 2189 tuni:
248 2159 256 2182 ι
287 2134 394 2191 Godem
428 2134 597 2203 decincti
620 2135 763 2204 Quintiani
788 2136 929 2208 martyris.
984 2141 1141 2188 sanctarum
1158 2135 1246 2201 Fidei,
1268 2136 1329 2206 Spei
1344 2144 1371 2190 et
1386 2135 1545 2202 Charitatis,
1565 2150 1688 2191 serorum
1705 2133 1787 2213 virgi-

133 2204 237 2261 Octarae
253 2207 347 2263 sancti
362 2208 475 2262 loannis
489 2208 627 2280 Baptista.
644 2234 653 2256 2
984 2220 1052 2260 num
1070 2214 1097 2261 et
1118 2214 1281 2278 martyrum.
1306 2207 1423 2263 Liberis
1450 2206 1632 2279 imperatricis
1648 2214 1675 2261 et
1691 2206 1789 2331 Agrip·

163 2278 361 2334 parciores:
373 2279 517 2336 ‹hvinsdre
529 2279 703 2345 monasterio,
715 2281 802 2336 sancti
812 2279 931 2337 Caritetti
984 2275 1066 2348 pinae.
1083 2277 1186 2345 blariae,
1206 2278 1308 2333 sororis
1324 2279 1410 2350 Moysi
1424 2288 1450 2335 et
1465 2283 1567 2334 Aaron.
1583 2277 1720 2344 Eteazari,
1735 2276 1754 2331 si
1768 2275 1788 2331 ii

134 2349 206 2422 presb
229 2350 315 2405 teri.»
333 2352 373 2407 De
384 2351 487 2420 Salvio,
499 2361 581 2409 recte.
598 2352 831 2425 ‹Augustoduno,
849 2352 930 2425 depo·
983 2346 1087 2415 baron,
1103 2355 1129 2403 et
1143 2349 1259 2405 l'binees
1275 2352 1384 2421 nepotis
1401 2350 1469 2432 ejus.
1488 2352 1583 2430 ttester
1596 2349 1706 2430 regina.
1723 2372 1732 2395 ·

134 2421 191 2478 sitio
245 2422 309 2478 onis
324 2423 417 2495 episco
438 2423 457 2478 i.
475 2449 484 2471 2
1019 2420 1128 2475 btoiau.
1145 2420 1179 2474 ad
1194 2421 1368 2488 Theoderici,
1389 2423 1451 2476 aliis
1476 2423 1576 2477 litteris
1591 2422 1688 2475 inserit
1703 2418 1788 2475 verba

164 2494 325 2550 lluamuau:
350 2519 358 2541 ι
374 2441 479 2550 Eodem
494 2494 548 2562 die,
565 2495 663 2551 natalis
678 2496 766 2552 sancti
789 2495 928 2566 Caritepbi
984 2490 1132 2546 llsuisics.
1145 2508 1236 2566 supra.
1253 2493 1288 2547 Et
1305 2493 1378 2564 typis
1394 2493 1565 2548 minoribus:
1586 2490 1785 2558 «theodorici,

135 2566 248 2638 episcopi
272 2573 301 2620 et
318 2566 495 2622 contessoris.
515 2568 568 2634 Qui
591 2569 620 2623 in
644 2568 715 2635 loco,
732 2569 837 2622 hnsula
853 2582 929 2621 nuii-
983 2561 1035 2616 sitii
1050 2562 1191 2618 Clodorei.
1208 2564 1277 2619 Cum
1298 2572 1389 2619 autem
1408 2565 1508 2619 multas
1525 2563 1641 2619 virtutes
1660 2569 1788 2633 operatus

136 2647 244 2708 capatus
268 2635 467 2719 [nuncupit0],
497 2638 683 2694 heremiticam
712 2638 797 2694 vitain
822 2654 927 2709 gerens,
983 2641 1052 2687 esset
1074 2635 1162 2705 gregis
1184 2635 1232 2690 Dei
1257 2635 1356 2691 ductor
1380 2635 1568 2714 theodoricus
1591 2635 1691 2714 (natus
1712 2642 1787 2704 patre

137 2709 315 2780 plurimorum
334 2716 428 2780 postea
443 2709 544 2765 ibidem
561 2710 667 2766 exstitit
691 2719 766 2781 pater
781 2710 927 2764 monacho·
983 2703 1099 2770 latrone,
1124 2714 1256 2778 tanquam
1286 2723 1349 2761 rosa
1372 2706 1406 2761 de
1431 2706 1529 2777 spinis)
1556 2713 1583 2760 et
1603 2705 1707 2775 angelis
1721 2721 1784 2759 euin

138 2796 200 2842 mm,
226 2779 273 2834 ubi
296 2781 379 2835 etiam
404 2782 494 2836 clarus
516 2783 655 2838 miraculis
677 2781 705 2836 iu
727 2798 790 2853 pace
810 2780 925 2854 quievit,
982 2775 1209 2856 suscipientibus,
1231 2794 1294 2832 cum
1314 2778 1400 2849 gloria
1422 2779 1575 2848 migrasset,
1590 2793 1639 2831 rex
1654 2775 1785 2830 tbeodo-

140 2852 163 2906 ln
178 2852 280 2907 Galliis
295 2852 408 2907 civitate
424 2852 565 2908 Ambiensi
583 2857 628 2921 (an
645 2869 700 2908 non
715 2854 925 2926 Ambiauensitt
982 2863 1066 2913 ricus,
1095 2848 1128 2903 ad
1155 2849 1353 2904 monasterium
1379 2849 1504 2917 veniens,
1528 2856 1654 2903 sanctum
1685 2863 1784 2971 corpus

138 2922 267 2980 dedicatio
283 2922 404 2980 basiliere
419 2932 519 2981 sanem
535 2926 625 2981 Mario
643 2926 800 2995 virginio.
982 2919 1101 2990 propriis
1126 2919 1260 2987 humeris,
1290 2921 1323 2976 ad
1346 2922 1502 2992 sepulcrum
1522 2919 1651 2974 evexit.»
1678 2918 1709 2973 ln
1738 2933 1783 2972 ino

164 2995 618 3053 strumo-cirues„lingones,3
641 3023 649 3044 .
665 2998 755 3053 Aaron
766 2996 924 3053 sacerdotis,
982 2996 1092 3046 textus:
1117 3015 1125 3038 ι
1141 2992 1193 3058 Qui
1208 2992 1318 3064 capitati
1334 2992 1470 3048 sententia
1493 2992 1637 3055 multatus,
1653 3004 1783 3044 coronam

138 3065 216 3122 Siluii
232 3065 357 3195 episcopi
370 3077 396 3122 et
410 3069 539 3127 martvris
549 3086 611 3125 eum
625 3068 777 3141 discipulis.
795 3068 926 3124 theodo·
941 3072 963 3133 G
979 3063 1081 3116 meruit
1095 3064 1300 3135 sempiternam.
1314 3063 1418 3120 Octava
1430 3064 1517 3120 sancti
1528 3063 1642 3118 Joannis
1653 3061 1783 3133 Baptistae

139 3138 178 3194 rici
192 3137 314 3194 abbatis.
354 3139 467 3212 arilephi
482 3129 604 3222 episcopi
620 3149 646 3195 et
661 3141 838 3197 contessoris.
855 3139 924 3197 Con·
981 3133 1147 3201 Macbtiniae,
1160 3136 1248 3207 passio
1258 3135 1344 3191 sancti
1356 3135 1487 3192 ltuinoldi
1504 3133 1697 3214 gloriosissimi
1712 3148 1782 3214 mar·

140 3211 199 3266 uidi
215 3210 339 3291 episcopi
354 3219 380 3267 ot
396 3221 534 3284 martyris,
557 3238 565 3261 r
586 3214 657 3268 Puto
683 3213 817 3270 Conopon
842 3212 922 3268 trev,
981 3207 1051 3275 tyris
1065 3214 1147 3278 atrine
1163 3206 1311 3276 pontiticis,
1327 3207 1475 3263 Scotorum
1490 3207 1561 3277 regis
1578 3205 1640 3272 silii,
1656 3220 1742 3276 signis
1756 3211 1783 3259 ct

140 3277 254 3349 iudicari,
274 3281 309 3338 do
340 3283 490 3339 uortunii,
514 3284 688 3341 «Domitiani
703 3284 819 3340 abbatis,
836 3307 845 3330 2
979 3275 1105 3331 doctrina
1130 3277 1273 3332 mirabitis.
1290 3277 1343 3344 Qui
1364 3278 1463 3348 regatis
1480 3277 1655 3333 celsitudinis
1668 3277 1781 3341 solium,

163 3357 269 3410 Aroes.
286 3362 314 3409 et
352 3372 526 3412 rrooooiiou,
542 3373 608 3428 puro
623 3356 724 3412 habeor
744 3373 806 3413 oum
826 3363 921 3413 terro:
979 3356 1006 3428 et
1025 3347 1191 3428 pontificatis
1206 3348 1349 3474 dignitatis
1365 3365 1495 3420 respuens
1511 3348 1653 3415 bonorem,
1669 3345 1781 3403 Macbli·

145 3425 185 3480 rin
200 3436 283 3495 portu
299 3427 488 3494 valentianas,
505 3429 592 3485 sancii
611 3428 698 3485 sali-ii
712 3428 886 3486 confessoris,
907 3453 916 3475 ‚
979 3435 1054 3499 niam
1069 3428 1148 3490 petiit
1162 3420 1214 3475 sibi
1251 3421 1368 3500 trinitus
1383 3421 1543 3486 revelatam,
1559 3436 1640 3491 quam
1656 3435 1706 3498 viii
1717 3416 1781 3475 irai.

140 3496 168 3551 ln
181 3498 215 3554 do
229 3498 294 3553 aliis
308 3507 402 3570 agani,
418 3500 520 3556 nescio
978 3489 1044 3545 Julii
1065 3493 1236 3546 consecravit
1252 3499 1384 3563 martyrio
1397 3509 1406 3556 ;
1419 3491 1465 3547 sed
1502 3491 1545 3545 uia
1555 3491 1650 3547 eadem
1665 3488 1709 3544 die
1720 3505 1781 3544 san·

163 3570 226 3626 pgr„
238 3569 336 3637 sum„
349 3587 426 3626 num,
444 3572 509 3627 1302
533 3597 542 3620 .
551 3571 655 3628 E0dgm
666 3572 720 3637 pie,
737 3571 824 3626 sancii
839 3570 922 3638 Quin.
977 3562 1093 3642 ctissiiiii
1108 3562 1236 3632 Baptistae
1251 3570 1278 3618 et
1293 3563 1469 3635 precursoris
1514 3563 1601 3618 omini
1627 3560 1781 3641 celebratur

138 3637 191 3695 liarii
206 3643 341 3700 martiris.
359 3644 388 3698 ln
403 3644 577 3711 itteruannia,
592 3644 664 3715 apud
678 3643 923 3714 Augustanamci-
978 3641 1118 3713 babillas,
1145 3635 1284 3714 Romanus
1308 3635 1434 3714 p⁰¹t¹ls0¹
1465 3634 1545 3716 Alex.
1568 3635 1606 3691 IV
1625 3649 1780 3714 Ρᾶξὸῑφῐῑθῐῖὶ

139 3711 250 3781 ritatem,
265 3714 402 3784 depositio
418 3715 448 3770 Β,
468 3716 586 3772 udalrici
602 3714 722 3786 episcopi
737 3722 765 3768 oi
778 3715 923 3771 confesso-
978 3713 1079 3760 nostris
1091 3715 1220 3776 martyris
1232 3708 1260 3761 in
1271 3707 1425 3763 nativitatis
1435 3707 1573 3778 predicte
1583 3713 1689 3762 octavis
1702 3713 1779 3786 insti-

139 3781 177 3850 ris,
191 3786 283 3856 magni
296 3795 322 3840 et
338 3787 450 3857 gloriosi
472 3788 506 3842 ab
524 3787 641 3842 infantia
662 3802 746 3859 usque
761 3786 794 3841 ad
814 3786 921 3843 obitum
978 3778 1031 3832 tuit
1053 3778 1236 3858 80¹⁰tsslli2³si=
1264 3780 1433 3859 {Sepultur
1453 3779 1486 3833 de
1510 3776 1665 3858 Caritepbo.
1687 3777 1776 3857 Dsslssl

138 3867 220 3910 suum,
236 3879 246 3901 1
269 3855 373 3913 colitur
386 3876 414 3913 η
430 3859 508 3914 tum,
521 3859 601 3915 Alios
613 3859 663 3914 sub
675 3874 751 3914 num,
764 3858 826 3914 428,
850 3860 921 3914 .Εο.
983 3849 1103 3903 «Eodem
1115 3849 1169 3916 die,
1182 3848 1571 3915 depositiosanctitbeobaldi
1582 3849 1771 3906 contessoris.»

138 3922 189 3981 dem
209 3925 266 3993 die,
288 3931 369 3984 sancti
385 3931 513 3986 leonorii
533 3931 654 4002 episcopi
673 3939 699 3985 et
714 3929 913 3986 contessoris·
976 3920 1015 3975 De
1039 3920 1185 4003 Leonorio,
1208 3929 1238 3977 ῑῑῐ
1264 3938 1355 3994 supra.
1383 3923 1486 4003 liutssss
1509 3920 1584 3992 typis
1607 3919 1777 4000 minoribus,

163 3999 298 4056 iiiriciss.
310 4002 435 4057 meminit
445 4003 530 4058 sotius
539 4001 700 4068 bouiitiani,
712 3999 812 4071 rejecto
821 4002 919 4071 elogio.
984 3992 1100 4072 ‘¹¹05le
1110 4009 1219 4063 redint·
1237 3995 1329 4048 Aafflss
1340 4002 1366 4049 θῑ
1380 3993 1445 4049 Julfl
1459 4001 1547 4073 marty
1551 4009 1563 4046 f
1566 4010 1611 4072 ¹¹¹¹?
1631 4007 1694 4072 ⁰ul¹¹
1717 3991 1779 4046 ³¹⁸⁵

137 4067 281 4141 Adjicitur:
306 4072 423 4128 «Nerato
440 4083 540 4130 sancio
563 4074 669 4130 Lucejffl
685 4072 801 4143 virginis
815 4081 843 4130 et
858 4074 922 4132 νη-
975 4063 1112 4189 pluribus,
1124 4082 1242 4136 quorum
1258 4065 1332 4120 Beda
1347 4066 1474 4121 meminit
1487 4064 1556 4120 lib.i
1574 4064 1701 4120 Historiae
1712 4078 1778 4118 suas.

137 4141 184 4196 teia
200 4145 284 4214 regis,
299 4160 362 4200 cum
378 4145 441 4201 aliis
460 4155 558 4201 θοις».
1000 4135 1080 4190 odem
1107 4135 1160 4203 ilie,
1189 4137 1337 4208 Syuieonis
1365 4137 1481 4202 abbatis,
1508 4136 1555 4209 qui
1583 4137 1636 4191 tuit
1668 4141 1779 4206 propter

161 4214 351 4270 nomm:
376 4218 481 4289 capud
502 4219 652 4284 praecurras,
678 4217 765 4273 sancii
787 4217 921 4274 Martialis
976 4205 1117 4262 Christum
1133 4208 1346 4278 cognominatus
1358 4208 1446 4274 Salus,
1464 4206 1491 4261 id
1506 4214 1546 4261 est
1563 4208 1674 4262 stultus.
1695 4231 1704 4254 »
1727 4206 1777 4261 No·

138 4286 297 4354 aniessoris,
311 4285 434 4358 ejusdem
446 4289 521 4345 urbis
534 4288 744 4360 archiepiscopi.
763 4315 771 4336 ι

161 4355 286 4415 tcasxsis
307 4359 336 4414 S.
359 4361 536 4431 llagnoberti:
571 4363 624 4416 «lii
641 4378 708 4432 pago
724 4360 918 4428 Cenomanic0‚

974 4283 1049 4332 tatur
1063 4286 1089 4333 et
1109 4278 1160 4335 bac
1176 4279 1222 4335 dio
1238 4279 1349 4334 Simeon
1365 4279 1394 4332 in
1410 4279 1531 4334 Romano
1552 4278 1701 4342 iiioderno;
1718 4277 1779 4332 ubi·

975 4348 1129 4406 Baronius:
1162 4374 1171 4397 ‹
1189 4351 1279 4422 Agunt
1294 4351 1327 4406 dc
1343 4349 1437 4405 codem
1451 4350 1502 4404 tiac
1514 4347 1558 4403 die
1573 4347 1659 4403 Graeci
1675 4346 1704 4401 in
1724 4348 1779 4402 bic·

139 4422 233 4485 braia
261 4433 443 4500 monaterio,
467 4433 539 4489 beari
563 4432 682 4490 cautem
711 4432 875 4487 confessoris
894 4441 920 4488 ei
937 4420 1097 4492 nn0toai0-
1124 4443 1133 4469 ,
1158 4421 1201 4476 At
1225 4438 1285 4500 ius
1303 4420 1448 4492 Rosweid·
1465 4420 1493 4474 ie
1516 4419 1600 4475 eitam
1622 4418 1777 4473 110¹¹⁵³ffl0¹

139 4495 233 4557 abbatis.
250 4527 259 4552 ι
285 4502 357 4558 tide
373 4505 508 4575 superius.

163 4571 252 4630 turno
279 4574 500 4633 Lenaeo-Con:
533 4575 664 4632 «octava
690 4575 776 4631 sancti
805 4576 917 4631 Joannis

140 4637 256 4713 baptista.
275 4671 284 4692 ι
305 4648 464 4714 benamu,
480 4646 566 4716 addit,
585 4655 635 4703 «ut
648 4647 716 4702 tiber
732 4647 915 4703 leviticorum

141 4717 242 4792 hstatm.
259 4719 292 4774 ln
314 4719 456 4774 territorio
481 4720 647 4786 l'riviniaco,
672 4720 743 4775 beati
767 4719 916 4774 theobaldi

141 4790 237 4863 episcopi
257 4796 286 4845 et
310 4792 485 4847 contessoris.
503 4791 554 4847 llic
572 4791 690 4862 seipsum
707 4792 806 4848 saecuto
822 4791 918 4846 subri-

141 4865 196 4924 piu,
207 4860 397 4917 heremiticam
408 4864 492 4918 vitam
506 4880 552 4934 per
567 4878 664 4917 norem
677 4879 764 4918 annos
776 4874 915 4935 expetens,

140 4938 177 4993 lto
198 4930 304 4988 Christo
330 4935 501 5005 pauperrime
528 4935 610 5001 vixit,
631 4951 712 5007 quem
729 4943 838 5006 propter
854 4936 917 4992 uitae

139 5002 302 5072 sanctitatem,
321 5006 411 5076 augeli
427 5006 460 5061 de
476 5007 556 5073 creto,
568 5007 658 5061 insuta
673 5007 823 5077 pontificati
839 5007 916 5062 deci)-

137 5081 279 5131 raserunt.»
313 5078 351 5132 lle
375 5079 544 5146 Domitiano,
570 5079 634 5134 satis
658 5094 733 5148 pure.
751 5079 838 5133 tum:
862 5081 916 5134 «lu

136 5137 554 5221 prentiaecivitateltecbtinia,
562 5150 649 5205 sancti
659 5149 784 5205 lluiiioldi
796 5150 915 5222 episcopi

136 5209 254 5293 litbemiae
267 5227 296 5274 et
308 5224 447 5293 martyris,
462 5222 512 5276 titii
525 5224 595 5293 regis
604 5221 711 5286 Scotias,
727 5221 774 5292 qni
783 5221 847 5276 licet
857 5222 916 5292 ipso

134 5282 578 5349 dienatalisl’raecursorisbomini
591 5310 684 5363 passus
694 5293 740 5358 sit,
750 5290 808 5362 ejus
824 5301 914 5349 taison

132 5359 276 5419 solemnitas
300 5364 347 5419 bic
362 5365 460 5420 tostire
483 5366 631 5435 peragitur.
655 5365 686 5419 tii
707 5365 845 5418 territorio
860 5367 916 5421 llo-

131 5434 213 5501 uiensi,
228 5437 316 5491 sancti
334 5436 498 5492 theodorici
509 5437 615 5493 abbatis
637 5445 664 5491 et
678 5435 851 5503 contessoris,
867 5439 915 5508 qui

129 5501 277 5563 ducatnsa
303 5507 384 5563 beato
409 5508 533 5580 Remigio
560 5508 698 5589 episcopo,
722 5515 748 5563 et
772 5508 914 5564 abeodem

128 5587 273 5634 constructo
296 5581 477 5646 monasterio,
513 5589 588 5652 pater
615 5588 736 5635 existens
765 5579 915 5636 multorum

127 5661 256 5707 serrorum
272 5653 342 5718 Dei;
361 5652 458 5708 multis
483 5655 572 5709 clarus
598 5653 748 5717 miraculis,
765 5652 837 5708 iiiter
856 5669 915 5724 qua

127 5716 197 5777 iliam
223 5723 297 5794 regis
320 5739 336 5778 a
359 5732 448 5779 morte
471 5725 660 5791 suscitaverat,
686 5725 794 5780 tandem
817 5725 916 5796 etipse

124 5792 217 5863 tuerit
231 5796 264 5854 in
273 5812 351 5870 paee.
364 5796 493 5868 turonis,
505 5797 640 5871 depositio
652 5805 752 5856 sanctae
760 5797 917 5870 lltoiiegun·

976 4491 1045 4547 Ms:
1070 4515 1079 4538 ι
1095 4492 1154 4546 tnio
1165 4507 1263 4557 vero,›
1279 4492 1380 4561 inquit,
1405 4490 1618 4563 ‹blenotogium
1631 4488 1671 4543 uti
1686 4487 1777 4567 etbte-

977 4578 1046 4629 neca,
1063 4578 1112 4616 xxi
1126 4562 1194 4616 Julii
1206 4561 1361 4616 Simeonem
1376 4562 1479 4615 Satum.
1496 4562 1625 4614 Statuunt
1640 4559 1777 4613 Existimo

976 4629 1777 4704 BaromiumituliiSiiiiconcmposuisseiiillartyrologm,

976 4706 1039 4779 quia
1053 4705 1184 4776 htoysius
1199 4704 1329 4759 etSurius
1341 4703 1498 4760 iuterl'itas
1508 4703 1670 4758 Sanctorum
1681 4718 1714 4759 eo
1731 4702 1776 4759 die

976 4777 1119 4832 exbibent.
1133 4777 1185 4843 oiri
1197 4776 1329 4832 videntur
1341 4794 1400 4832 eam
1411 4777 1570 4847 opinionem
1582 4774 1731 4848 sumpsisse
1741 4791 1776 4831 ex

975 4848 1114 4916 tinctitiis,
1131 4849 1177 4904 ubi
1192 4849 1312 4905 dicitnri
1328 4848 1394 4905 Jutii
1407 4848 1518 4906 obiisse.
1529 4848 1581 4905 Sed
1591 4846 1777 4904 consulendus

975 4931 1194 4997 textusGraicus,
1211 4931 1426 5004 videndumque,
1437 4933 1519 4987 anibi
1532 4931 1665 4986 habeatur
1678 4927 1775 4983 hunde

977 5012 1111 5084 interpres
1125 5029 1134 5066 1
1147 5011 1213 5066 Julii
1229 5013 1374 5084 expressit,
1392 5029 1426 5066 an
1443 5029 1508 5068 vero
1523 5013 1566 5073 ri,
1582 5010 1654 5083 quod
1671 5017 1710 5064 est
1724 5025 1775 5063 xxi

976 5083 1053 5149 Jutii,
1079 5083 1119 5136 uti
1138 5083 1254 5138 Meneaa
1275 5091 1303 5138 et
1322 5085 1506 5153 Menotogium
1534 5086 1737 5151 repraesentant.
1759 5105 1768 5128 »

978 5155 1054 5209 Unde
1069 5154 1194 5208 lltolanus
1212 5153 1263 5210 bac
1282 5154 1326 5209 die
1341 5155 1485 5226 acceperit,
1508 5153 1610 5216 nescio,
1625 5160 1698 5205 certe
1724 5167 1774 5206 xxi

978 5226 1055 5281 Julii.
1069 5225 1097 5278 in
1108 5225 1490 5293 posterioribuseditionibus,
1503 5224 1531 5277 in
1548 5222 1649 5294 quibus
1666 5222 1774 5278 Graecos

978 5296 1084 5366 adjicit,
1096 5296 1194 5350 iterum
1207 5297 1341 5367 reperitur
1351 5296 1420 5350 idem
1431 5294 1550 5349 Simeon.
1562 5292 1774 5363 l‘ergitMotan.:

984 5391 992 5413 ι
1009 5366 1151 5432 Arvernis,
1173 5367 1308 5438 depositio
1329 5366 1400 5422 beati
1416 5364 1499 5430 Galli,
1514 5363 1635 5432 ejusdem
1650 5366 1774 5423 civitatis

978 5439 1097 5510 episcopi
1108 5438 1314 5493 etcontessoris.
1327 5436 1411 5506 Cujus
1421 5435 1512 5514 Vitam
1525 5435 1774 5509 lieatusliregorius

978 5511 1144 5567 turonensis
1153 5509 1260 5566 scribit.
1270 5510 1337 5564 ttem
1350 5510 1475 5562 bonomo
1484 5509 1661 5576 monasterio,
1672 5520 1772 5567 sanctae

975 5584 1096 5655 Reginae,
1113 5583 1208 5638 matris
1222 5587 1320 5636 sanctie
1343 5577 1529 5635 ttainlridis.»
1551 5581 1582 5636 lii
1604 5580 1774 5638 editionibus

976 5655 1047 5721 aliis,
1064 5655 1162 5724 incipit
1173 5651 1272 5707 litteris
1287 5650 1404 5707 italicis:
1427 5650 1549 5708 edctara
1563 5653 1773 5710 sanctitoannis

976 5727 1138 5798 Baptista·
1161 5724 1249 5777 turn:
1272 5746 1280 5769 ι
1299 5722 1465 5791 btechliuiae,
1476 5732 1565 5794 ctc.,›
1587 5735 1617 5783 ut
1631 5741 1722 5797 supra.
1742 5725 1773 5779 tn

976 5805 1055 5855 textu
1082 5795 1195 5871 ponitur
1230 5791 1376 5871 Caritetus,
1404 5795 1544 5855 omittitur
1579 5795 1699 5855 Satrius.
1732 5795 1772 5851 Do
