3834 6136
58 179 116 240 rot

57 378 221 436 novissime
236 393 252 432 a
267 377 312 432 Til
326 376 450 432 emontio
462 376 566 434 Gallice
581 377 699 434 deducta
712 386 789 435 tomo
799 380 835 449 ll,
850 396 867 436 a

31 502 36 507 .
56 467 122 523 pag.
149 449 214 506 att.
245 449 361 504 Interim
377 449 400 503 si
415 448 606 505 wandalberti
635 450 784 507 auctoritas
798 450 865 523 quid

56 523 213 667 pppsaipiput
228 521 332 588 valeat,
348 520 417 576 hanc
440 520 512 576 diem
528 522 624 577 Zoelae
637 539 701 579 cuni
717 523 799 580 sociis
813 539 865 580 oc-

123 709 282 770 llnsperiim
294 707 387 771 quinto
403 707 511 756 antistes
523 716 670 772 martyrque
688 709 782 760 zoelus

122 771 286 834 Martyribus
300 773 416 820 cumulat
423 770 529 834 junctus
541 772 668 836 denisque
680 788 832 837 novemque.

94 883 297 951 Quindecimom
312 890 404 938 autem
421 881 494 953 (Kal.
511 881 554 937 Au
574 881 641 951 usti)
655 882 773 953 genetrix
787 888 866 953 septe·

56 973 95 1011 ιια
115 957 191 1027 prole
218 955 335 1009 dicabit:
354 970 410 1008 non
437 961 468 1008 ut
482 898 708 1020 iecitDotkerus,
739 955 779 1010 sic
808 970 865 1010 rem

56 1044 242 1100 componens,
257 1035 290 1082 ιιι
304 1025 356 1081 hac
370 1025 416 1081 die
428 1033 530 1097 septem
547 1024 706 1081 Adonianos
722 1025 820 1081 iratres
838 1034 865 1084 et

56 1117 130 1156 xviii
139 1099 208 1155 tulii
220 1106 324 1170 septem
335 1096 780 1168 llieronymianoscommemoret,
792 1098 865 1169 quod

56 1179 97 1228 est
114 1171 203 1243 magis
216 1171 321 1226 nudum
337 1168 463 1225 scindere
487 1185 569 1241 quani
583 1169 700 1236 solvere,
716 1169 739 1224 si
751 1170 863 1241 quidem

55 1245 125 1300 satis
141 1242 274 1298 solubilis
288 1242 335 1297 sit.
354 1242 390 1296 At
405 1241 479 1296 enim
497 1240 532 1296 ad
547 1239 707 1296 historicam
719 1242 864 1298 veritatem

58 1314 262 1387 explorandam
278 1313 388 1395 proprie
414 1311 533 1382 pertinet
560 1319 617 1368 tota
631 1328 662 1367 ea
676 1312 839 1385 disceptatio
856 1332 862 1371 :

56 1387 104 1443 hic
118 1387 154 1442 de
170 1386 289 1442 Usuardi
307 1385 396 1441 nostri
415 1390 494 1440 textu
514 1400 549 1439 ex
571 1383 693 1456 professo
721 1386 863 1456 quaeritur,

56 1475 149 1532 quem
169 1458 236 1514 licet
261 1457 397 1528 tantisper
425 1456 524 1511 falsum
540 1472 735 1582 supponamus,
756 1465 791 1537 ¹ut
808 1456 865 1527 jam

57 1547 132 1602 saepe
142 1546 229 1601 supra
240 1530 320 1585 lateri
335 1527 494 1595 debuimus,
510 1544 589 1583 mane
611 1534 633 1582 it
648 1534 739 1583 tamen
754 1528 865 1584 indubi-

58 1610 167 1667 tatum,
178 1602 217 1656 ita
232 1601 319 1683 ipsum
330 1617 365 1656 ex
380 1601 477 1656 Adone
491 1599 688 1671 scripsissent
702 1600 864 1656 laterculum

597 181 915 244 MARTYROLOGIUM.
935 216 970 229 -
991 185 1095 245 MENS.
1115 187 1187 246 JUN.

56 316 104 365 eta
120 304 207 373 edita,
223 321 287 362 cum
314 305 418 431 praevia
439 304 628 362 admonitione
650 323 666 361 a
690 323 751 379 pag.
782 309 825 375 it,
842 317 868 364 et
882 312 905 371 A
921 309 1013 367 decem
1030 320 1056 367 et
1073 329 1172 368 novem
1188 313 1295 370 Adonis
1308 315 1391 372 sociis
1404 317 1561 389 anonymis,

1663 196 1717 257 202

920 382 1089 463 proindeque
1112 384 1266 442 Grsvenum
1279 393 1306 443 et
1316 386 1456 444 blolanum
1467 388 1540 445 inter
1574 321 1716 452 iiiiiffii’

920 471 1036 536 suimus,
1048 454 1121 536 quod
1133 456 1239 513 Adonis
1248 457 1429 532 potiusquam
1441 459 1527 515 Usuar
1547 461 1556 516 ι
1567 478 1677 521 sensum
1688 484 1717 524 se

920 533 978 582 cuti
989 526 1102 583 luerint.
1115 527 1248 584 Caternm
1261 530 1355 585 Zoilus
1366 530 1438 586 illea
1453 530 1650 591 wandalberto
1665 553 1717 594 su-

921 597 1163 679 perinsperperam
1180 601 1288 656 antistes
1299 600 1399 669 dictus,
1416 602 1499 659 sociis
1512 603 1575 660 aliis
1602 606 1715 689 viginti,

920 677 993 725 mter
1007 687 1076 742 quos
1085 679 1188 743 septem
1198 673 1286 728 nostri
1296 672 1489 747 symphorosa
1503 674 1555 732 filii
1571 693 1715 736 nominan-

920 747 975 807 tur,
995 741 1023 796 in
1041 743 1119 799 Actis
1145 742 1284 800 immistus
1312 752 1363 813 est,
1388 745 1437 801 ubi
1464 746 1494 801 in
1517 752 1718 808 commentario

920 812 1052 869 historico
1064 816 1279 871 controversiam
1295 815 1328 872 de
1359 823 1445 874 matre
1463 824 1490 874 et
1518 827 1621 891 septem
1650 821 1717 880 liliis

920 884 1077 955 auspicatur
1107 886 1307 955 llenschenius‚
1335 887 1405 968 apud
1435 904 1516 962 quem
1531 889 1718 950 duobusaliis

920 956 1097 1028 paragraphis
1131 958 1204 1014 Zoili
1244 967 1434 1030 martyrium,
1468 960 1659 1021 inventionem
1691 973 1719 1023 et

920 1029 1129 1110 translationem
1161 1032 1293 1103 corporis,
1312 1032 1419 1159 aliapue
1444 1031 1479 1088 ad
1503 1050 1564 1090 eum
1588 1043 1719 1108 spectan-

920 1106 958 1154 tia
973 1116 1106 1156 invenies.
1122 1102 1208 1158 Addit
1223 1102 1269 1160 hic
1284 1103 1370 1159 Usuar
1391 1120 1422 1159 us
1436 1103 1470 1159 dc
1487 1122 1537 1161 suo
1552 1105 1718 1166 miraculum

920 1170 992 1227 circa
1005 1172 1076 1228 sacri
1090 1174 1212 1245 corporis
1227 1175 1434 1243 revelationem,
1456 1177 1529 1248 quud
1544 1185 1637 1236 utrum
1651 1180 1719 1238 satis

920 1252 1015 1299 exacte
1040 1242 1219 1312 describatur,
1251 1247 1323 1302 malo
1350 1263 1385 1302 ex
1399 1247 1467 1318 ipsis
1482 1247 1570 1318 Actis,
1586 1267 1668 1332 qnam
1683 1268 1719 1308 cx

921 1314 1036 1371 arbitrio
1051 1325 1145 1372 nostro
1161 1317 1285 1373 delinias.
1314 1319 1354 1374 De
1382 1325 1485 1389 septem
1510 1321 1719 1381 Dormientibus

920 1387 1022 1441 cursim
1051 1388 1157 1460 aliquid
1172 1390 1300 1460 opposuit
1314 1389 1394 1456 Ado;
1420 1389 1546 1447 Rabanus
1574 1392 1718 1452 historiam

919 1458 989 1513 bene
1004 1458 1113 1528 longam
1123 1461 1277 1528 contexuit,
1288 1459 1389 1531 abipso
1403 1460 1525 1517 Notlrero
1535 1465 1650 1520 totidem
1660 1466 1719 1522 lere

920 1529 1142 1599 verbis2relatam,
1151 1548 1210 1656 apua
1221 1530 1395 1587 inAuctariis
1403 1531 1491 1587 videri
1499 1541 1596 1604 potest.
1606 1536 1718 1605 Noster,

920 1601 1082 1673 nescioquo
1102 1617 1156 1672 prae
1169 1610 1277 1670 urente,
1296 1618 1342 1659 eos
1363 1601 1398 1659 ad
1424 1619 1505 1660 xxvii
1529 1605 1597 1661 tutti
1611 1605 1716 1678 rejecit.

57 1675 174 1729 sincere
189 1681 216 1728 et
229 1672 391 1745 simpliciter
401 1678 585 1744 representat.
601 1670 676 1725 ldem
685 1678 752 1741 puto
767 1672 858 1728 dicen·
873 1678 896 1739 Β
916 1675 965 1730 llis
992 1672 1077 1744 igitur
1094 1673 1232 1745 sepositis,
1248 1682 1342 1731 manet
1360 1672 1479 1748 simplex
1493 1683 1520 1733 et
1533 1676 1653 1749 genuina
1666 1677 1718 1736 hac

56 1744 128 1802 dum
143 1744 399 1802 deannuutiatione
413 1744 495 1812 Zoili,
506 1759 588 1817 quem
600 1742 702 1811 solum,
713 1745 860 1815 expunctis

913 1747 959 1802 die
969 1744 1086 1801 Usuardi
1100 1745 1192 1804 lectio.

788 1843 981 1904 AUCTADIA.

91 1969 224 2027 Gasima.
242 1978 269 2026 et
279 1969 391 2026 Maian.
407 1984 442 2024 ex
457 1985 590 2041 purcmm
601 1984 716 2025 numero
735 1969 863 2026 exclusos

57 2042 197 2110 diximus,
214 2043 280 2114 qnia
294 2043 328 2098 de
342 2041 421 2097 Zoilo
436 2041 571 2111 inserunt,
595 2058 677 2098 «cum
692 2041 755 2098 aliis
768 2042 861 2098 decem

57 2122 82 2170 et
97 2130 214 2170 novem.
231 2137 241 2158 ι
414 2154 418 2162 .

92 2185 271 2253 Tonsacriu„
286 2183 316 2238 in
331 2183 476 2241 Crescente
491 2202 586 2257 purus,
602 2187 717 2260 corripit
742 2185 862 2268 elogium

59 2265 162 2329 septem
182 2257 302 2312 fratrum
317 2255 539 2326 Tiburtinorum,
560 2268 587 2316 et
610 2259 681 2314 Zoili
705 2273 862 2315 encomium

59 2328 202 2385 rescindit.

93 2402 266 2468 Frisium,
278 2399 307 2456 in
317 2399 464 2458 Crescente
475 2417 570 2474 purus,
581 2400 861 2467 omittitTiburtincs,

61 2480 85 2529 et
99 2473 126 2528 in
142 2472 201 2528 sine
229 2474 321 2528 solum
337 2471 444 2529 habet:
469 2497 477 2520 ι
501 2473 648 2540 Cordubae,
672 2472 760 2530 saneti
786 2471 862 2528 Zoeli

61 2544 229 2618 martyris.»

93 2618 245 2673 Roswrrn.
263 2615 355 2672 textui
376 2634 447 2689 puro
465 2617 583 2674 subdit:
608 2619 735 2684 «Romae,
760 2615 863 2686 Crispi·

61 2688 138 2744 niani
158 2696 186 2743 et
199 2704 239 2745 vn
252 2705 477 2760 germannorum.
494 2691 524 2745 ln
536 2690 655 2761 Epheso,
671 2698 772 2761 septem
788 2689 862 2743 Dor-

62 2759 218 2815 mientium.
232 2761 404 2827 Maximiani,
416 2761 526 2829 Malchi,
538 2762 708 2829 Martiniaui,
722 2759 860 2831 Dionysii,

62 2831 184 2898 ioannis,
201 2832 370 2902 Serapionis,
388 2832 573 2888 Constantini.
593 2858 602 2880 ι

94 2908 239 2968 Assuras,
255 2904 861 2973 tiis-Limnias,Aurorae-itii,Uirri-

63 2991 131 3042 trcr,
151 2976 269 3030 Lnxnnx
296 2982 324 3030 et
341 2993 415 3030 noir.
441 2978 557 3032 Uiruii.
577 2977 862 3046 Baic.‚iuline,p0.st

65 3054 169 3101 textum
183 3062 284 3117 purum
298 3063 304 3099 ς
322 3071 331 3094 ›
351 3047 428 3118 lloya
439 3048 539 3114 insula,
548 3049 693 3102 translatio
704 3049 790 3102 sancti
801 3049 860 3102 Flo·

47 3126 51 3135 '
65 3118 144 3171 rentii
159 3116 348 3172 confessoris.»
364 3121 406 3173 An
418 3120 441 3173 is
453 3129 493 3175 est
504 3121 551 3191 qni
562 3122 663 3174 carlitur
673 3136 732 3173 xxii
742 3120 861 3191 Septem-

917 1980 1040 2043 tempore
1070 1971 1222 2029 quwardi
1250 1972 1322 2044 regis
1345 1970 1463 2044 Anglia,
1493 1989 1521 2031 ss
1539 1971 1573 2032 de
1588 1973 1672 2034 latere
1687 1973 1717 2034 in

918 2042 989 2098 latus
1008 2053 1155 2112 vertentes,
1179 2045 1213 2100 ab
1237 2044 1333 2100 ecdem
1356 2061 1416 2116 rege
1437 2046 1598 2118 prophetico
1616 2049 1718 2122 spiritu

918 2109 1103 2196 priedicantur
1117 2133 1166 2187 per
1177 2133 1265 2172 anuos
1282 2116 1454 2189 septuaginta
1467 2126 1586 2190 quatuor
1599 2118 1628 2175 in
1646 2122 1718 2178 latus

917 2186 988 2242 illud
1003 2188 1152 2258 pausaturi.
1173 2189 1208 2243 Et
1227 2188 1267 2244 sic
1287 2196 1394 2243 tantum
1415 2205 1431 2244 a
1453 2197 1506 2245 tem
1528 2207 1574 2246 ore
1593 2192 1718 2249 Lotharii

917 2257 1100 2338 imperatoris,
1125 2259 1233 2330 nepotis
1251 2274 1286 2314 ex
1306 2259 1364 2314 silio
1383 2259 1474 2318 Caroli
1517 2262 1590 2334 agni,
1606 2263 1717 2321 immoti

917 2329 1055 2456 paravisse
1077 2331 1243 2387 reseruntur.
1260 2354 1269 2378 ·
1290 2331 1375 2398 Quam
1392 2330 1451 2387 haec
1464 2332 1521 2389 sint
1535 2335 1716 2405 verosimilia,

938 2402 1025 2456 icetur
1048 2401 1076 2455 in
1102 2402 1180 2458 Actis
1198 2419 1278 2458 xxvii
1299 2402 1376 2457 tulii.
1401 2427 1409 2450 ι
1432 2405 1454 2458 Α
1475 2403 1513 2459 ud
1530 2404 1716 2478 Cartaginem,

917 2479 1016 2528 sanctae
1032 2471 1188 2540 Guddenes,
1205 2490 1254 2545 pro
1278 2472 1387 2529 Christo
1402 2474 1444 2545 gla
1467 2474 1493 2530 io
1507 2492 1592 2533 caesae.
1613 2479 1648 2533 Er
1663 2494 1717 2533 na-

916 2545 1012 2599 tivitas
1021 2544 1108 2599 sancti
1118 2545 1231 2627 Npcolai
1240 2544 1453 2616 episcopilloya
1461 2547 1561 2616 insula,
1572 2549 1717 2606 translatio

917 2617 1005 2671 sancti
1029 2616 1163 2672 Florentii
1188 2617 1362 2672 contessoris.
1383 2639 1393 2664 ι
1414 2619 1453 2672 De
1468 2617 1543 2674 hisce
1559 2620 1648 2676 tribus
1658 2618 1716 2692 jam

917 2687 1022 2760 egimus
1036 2703 1117 2758 supra
1135 2688 1163 2743 in
1178 2688 1361 2745 Cauruiansr.

953 2760 1133 2815 Hicnxoiau.
1155 2759 1183 2814 in
1205 2761 1348 2816 Crescente
1365 2759 1431 2815 satis
1445 2776 1529 2832 purus
1543 2768 1594 2817 est.
1610 2765 1650 2819 De
1665 2763 1717 2820 Ti-

916 2830 1047 2898 burtinis,
1064 2839 1123 2902 post
1136 2838 1243 2887 textum
1254 2830 1361 2887 modice
1374 2830 1581 2903 interpolatum,
1596 2833 1717 2906 singulo·

916 2920 978 2959 rum
994 2905 1091 2959 mortis
1105 2919 1189 2973 genus
1203 2902 1295 2959 tacitis
1309 2902 1469 2959 nominibus
1484 2903 1577 2972 refert,
1593 2906 1666 2977 quod
1682 2922 1717 2960 ux

917 2975 1012 3031 Adone
1028 2977 1129 3030 clarius
1140 2973 1286 3046 intelliges,
1300 2974 1347 3028 ubi
1361 2974 1474 3030 nornina
1484 2975 1581 3030 ordine
1591 2984 1717 3048 repetun-

917 3055 971 3102 tur.
988 3048 1017 3102 ln
1040 3048 1116 3101 Zoilo
1138 3047 1236 3101 iterum
1259 3062 1352 3116 purus,
1378 3046 1471 3102 subdit
1487 3048 1515 3102 in
1531 3046 1601 3102 line:
1626 3048 1717 3105 «Nola

918 3118 1020 3192 [lloya]
1037 3118 1136 3184 insula,
1153 3118 1297 3173 translatio
1310 3118 1442 3172 Florentii
1456 3118 1630 3174 contessoris.
1646 3143 1655 3167 ι

66 3188 132 3244 bris?
146 3188 220 3244 Vide
229 3188 667 3247 l’rmtermissos.luseruntetiam
676 3192 746 3246 Zoili
761 3191 860 3247 socios.
951 3193 1155 3245 liminianam:
1183 3213 1192 3236 ι
1216 3190 1275 3260 (lya
1295 3188 1396 3256 insula,
1417 3190 1561 3245 translatio
1582 3189 1717 3247 Florentii

94 3259 302 3328 hoi‘inisx.,in
318 3261 408 3332 prima
421 3270 447 3316 et
458 3263 577 3318 secunda
588 3280 682 3334 purus,
692 3261 816 3318 Adonem
833 3263 862 3317 in
878 3259 899 3320 C
916 3261 1090 3317 contessoris.
1107 3284 1116 3306 ·

68 3329 276 3414 inesequitur:
299 3332 469 3402 «Corduba,
500 3336 587 3389 sancti
621 3336 690 3389 Zoili
719 3335 859 3406 martyris,

69 3417 120 3458 cum
135 3405 200 3460 aliis
214 3404 311 3458 decem
325 3413 352 3459 et
367 3420 485 3469 novem;
502 3430 510 3452 ι
533 3407 680 3477 expunctis
698 3407 822 3478 reliquis.

99 3477 218 3531 Auriana.
235 3485 262 3530 et
278 3476 428 3543 Dasiu.,in
439 3476 526 3549 prima
541 3478 612 3549 puri,
625 3479 860 3550 secuudamplane

70 3546 202 3602 omittunt.
214 3550 256 3602 De
266 3548 550 3605 Zoilocumlliiuviix.
561 3558 588 3605 et
601 3551 710 3605 Metiri.
725 3550 807 3605 etiam
819 3551 860 3605 iii·

71 3627 162 3685 serunt,
186 3636 275 3675 «cum
298 3620 362 3674 aliis
384 3620 478 3676 decem
506 3628 534 3676 et
560 3638 695 3677 novem·
731 3623 761 3677 lu
781 3621 858 3678 line:

77 3690 165 3762 «lloya
180 3691 282 3760 insula,
301 3716 310 3740 ι
332 3699 397 3758 etc,
414 3700 550 3764 utsupra.

99 3762 267 3818 Carrinas:
277 3789 286 3811 ‹
297 3763 377 3834 Apud
389 3764 534 3832 Galatiam,
545 3765 631 3821 sancti
641 3764 794 3822 Crescentis
805 3766 860 3837 epi·

71 3833 151 3903 scopi,
165 3834 354 3905 quembeatus
368 3837 470 3892 Paulus
492 3837 642 3904 ordinavit,
675 3845 702 3892 et
728 3847 807 3893 terra
829 3854 861 3894 ac

71 3903 137 3972 genti
154 3903 269 3959 Galatia
279 3917 411 3977 pastorem
424 3908 579 3964 constitnit.
596 3933 605 3955 »
636 3908 753 3964 Usuardi
768 3916 861 3964 textus

71 3976 221 4032 nonsolum
238 3976 284 4032 bic
296 3980 480 4043 contrahitur,
495 3979 542 4035 sed
558 3979 639 4034 etiam
665 3989 737 4035 recte
759 3981 859 4050 corrigi

71 4046 172 4103 ridetur
185 4067 193 4104 ς
212 4048 310 4120 «Apud
318 4051 338 4104 'F
342 4052 492 4106 iburtinam
504 4051 750 4119 ltaliaecivitatem,
760 4061 860 4106 sanctae

72 4116 254 4193 symphorosa
264 4123 361 4178 uxoris
369 4123 472 4178 Getulii
484 4124 623 4194 martyris,
635 4140 695 4195 quaa
705 4123 755 4177 sub
764 4123 860 4179 Adria·

72 4204 100 4243 ιιι
111 4192 216 4249 desire
227 4209 307 4265 passa
318 4204 359 4250 est
368 4211 431 4250 cum
444 4192 572 4267 [septem]
588 4194 655 4250 liliis
664 4194 732 4261 suis,
742 4211 859 4268 quorum

73 4265 183 4333 nomina,
197 4263 344 4333 Crescens
355 4266 493 4334 Julianus,
515 4266 669 4335 Nemesius,
684 4267 858 4333 Primitivus,

71 4331 192 4403 lustinus,
223 4336 344 4406 Stateus,
371 4337 522 4410 Eugenius.
553 4336 655 4465 ἳιογιι]
683 4338 858 4406 monasterio,

71 4408 146 4463 amai
160 4409 300 4464 Florentii
314 4409 488 4466 contessoris.
505 4409 557 4465 Am
581 4411 650 4465 lanis
673 4410 796 4476 civitate,
812 4410 861 4464 in-

72 4480 152 4536 iectio
179 4480 326 4537 beatorum
342 4489 495 4553 martymm
523 4480 659 4549 Fusciani,
687 4481 819 4538 Victorici
835 4489 862 4538 et

951 3334 1090 3388 Arimin:
1113 3356 1122 3379 ι
1141 3333 1171 3387 ιιι
1190 3331 1258 3387 Roia
1279 3330 1456 3399 monasterio,
1475 3333 1562 3388 sancti
1578 3334 1714 3391 Florentii
1774 3338 1777 3343 ⁴

914 3403 1090 3460 confessoris.
1107 3427 1115 3449 ι
1134 3403 1213 3458 Haud
1227 3403 1310 3459 dubie
1325 3404 1415 3474 agitur
1428 3403 1462 3457 de
1475 3403 1569 3460 eadem
1581 3406 1715 3462 Florentii

915 3475 1104 3531 translatione.
1128 3498 1137 3521 ι
1152 3473 1293 3543 Ambiani,
1307 3474 1432 3530 inventio
1447 3490 1592 3545 corporum
1608 3487 1715 3534 saucto-

915 3564 976 3603 rum
991 3555 1144 3618 martyrum
1160 3545 1291 3614 Fisciaui,
1306 3546 1440 3602 Victorici
1455 3552 1482 3601 et
1498 3547 1637 3604 Gentiani.
1654 3573 1663 3597 ι

950 3617 1402 3674 Marma.-Canrus-Uirniisur.:
1426 3617 1556 3688 «Septem
1571 3620 1716 3677 Dormien-

914 3691 996 3746 tium.
1012 3689 1165 3747 Crescentis
1180 3689 1309 3760 discipuli
1324 3690 1396 3746 beati
1411 3689 1489 3745 Pauli
1503 3691 1630 3761 apostoli.
1644 3693 1715 3751 Zoili

915 3763 1056 3888 mprtyris,
1081 3760 1274 3834 symphorosa
1298 3779 1362 3819 cum
1385 3761 1452 3818 liliis
1475 3769 1579 3834 septem
1605 3773 1716 3837 marty-

916 3851 939 3888 ri
961 3851 1026 3889 us.»

951 3906 1142 3963 Caussarum:
1168 3905 1273 3977 «Apud
1289 3904 1438 3973 Viennam,
1460 3905 1547 3962 sancti
1562 3905 1716 3964 Crescentis

915 3976 1037 4046 ejusdem
1059 3976 1136 4031 urbis
1154 3976 1237 4048 primi
1261 3977 1392 4049 episcopi.
1410 4000 1418 4023 ι
1445 3977 1516 4033 Vide
1534 3977 1715 4051 Papebrochii

916 4048 1161 4106 Commentarium.

950 4122 1118 4175 Fionnxrm.
1133 4137 1139 4175 :
1158 4119 1276 4175 «Insula
1291 4119 1362 4175 llera
1374 4117 1474 4193 [Hoya
1486 4121 1527 4176 vel
1541 4119 1612 4194 Oya]
1627 4130 1715 4180 trans·

915 4191 983 4247 latio
997 4191 1085 4248 sancti
1101 4191 1234 4247 Florentii
1250 4191 1370 4262 episcopi
1386 4199 1413 4246 ct
1427 4191 1602 4248 confessoris.
1618 4215 1628 4240 ι

951 4263 1086 4319 Densus:
1103 4262 1149 4318 SS.
1165 4261 1288 4317 Timoth.
1306 4269 1333 4317 et
1346 4262 1459 4332 Apelt:
1479 4263 1530 4318 «ln
1540 4262 1600 4334 Oya
1615 4279 1716 4320 mona-

915 4333 1008 4402 sterio,
1027 4334 1170 4389 translatio
1185 4333 1308 4404 corporis
1322 4333 1409 4389 sancti
1424 4332 1558 4387 Florentii
1570 4333 1715 4389 confesso-

915 4405 963 4460 ris.
980 4405 1125 4461 Ambianis
1146 4405 1269 4472 civitate,
1284 4403 1410 4459 inventio
1425 4419 1584 4474 corporum,
1599 4411 1715 4461 sanctu-

916 4493 976 4532 rum
992 4476 1121 4532 Fusciani
1136 4483 1163 4530 et
1177 4474 1310 4532 Victorici
1326 4481 1408 4546 atque
1422 4473 1561 4530 Gentiani.
1581 4496 1591 4521 ι

72 4548 199 4608 Gentiani.
216 4578 226 4601 ι
248 4554 289 4608 De
308 4553 410 4625 quibus
424 4553 506 4610 etiam
522 4555 579 4624 agit
592 4553 728 4620 Rabanus,
745 4560 771 4607 et
784 4569 818 4607 ex
829 4569 861 4608 eo
950 4548 1049 4602 Duram
1069 4544 1272 4626 “huneco-Coi:
1289 4543 1319 4598 in
1342 4544 1496 4625 Crescente,
1517 4544 1610 4600 Adoni
1633 4559 1715 4617 quam

72 4619 205 4680 h'otliems.
216 4623 356 4681 Coluntur
368 4642 399 4680 xi
413 4625 580 4682 Decembris.
597 4625 629 4680 «l
650 4642 680 4679 so
690 4624 745 4691 die,
760 4623 860 4678 nativi·
876 4623 899 4681 D
916 4618 1039 4675 Usuardo
1053 4617 1182 4685 similior,
1198 4633 1227 4671 iri
1243 4614 1396 4671 Tiburtinis
1410 4630 1479 4687 pura
1492 4623 1543 4672 est.
1558 4618 1598 4672 De
1611 4625 1716 4689 septem

72 4698 103 4746 tas
113 4696 201 4752 macti
215 4695 346 4752 Nicholai
360 4696 570 4768 archiepiscopi.
587 4721 595 4743 ι
645 4697 688 4752 ide
699 4714 728 4751 vi
749 4697 859 4751 Deccm-

71 4761 125 4821 bris.
142 4792 152 4814 «
167 4766 317 4835 Cordubae,
333 4769 421 4824 sancti
438 4769 508 4824 Zoili
520 4777 547 4824 et
560 4769 679 4824 aliorum
693 4785 775 4824 xviii.
792 4768 858 4825 Car·

72 4835 182 4907 lhagiue,
195 4845 300 4895 sancta
314 4840 465 4897 Gudilenes
491 4841 654 4912 martyris·
683 4840 754 4897 Aliis
782 4841 860 4896 Gad-

71 4907 191 4966 deaasxel
207 4912 358 4967 desiderias.
375 4912 484 4969 Colitur
492 4929 563 4968 xviii
576 4912 653 4968 tutti.

102 4979 278 5040 Bruuiiiarr.
295 4985 324 5039 in
337 4993 415 5041 textu
430 4984 486 5040 lere
500 4984 601 5040 similis
615 4990 655 5040 est
669 4981 858 5049 Lovarrinitsi.;

71 5058 122 5107 tum
136 5057 262 5128 sequitur
276 5058 387 5112 curiosa
412 5056 526 5112 historia
543 5073 624 5129 qnam
653 5055 698 5111 hic
708 5055 787 5125 juvat
814 5062 859 5109 at-

71 5133 172 5182 terere:
205 5152 214 5175 ι
240 5127 324 5198 Apud
338 5128 490 5200 Ephesum,
506 5138 664 5184 sanctorum
679 5136 781 5196 septem
800 5125 860 5180 ira-

71 5202 136 5252 trum
154 5199 374 5258 Dormientium.
390 5200 442 5266 Qui
457 5199 508 5256 sub
523 5200 607 5256 Decio
622 5200 785 5270 imperatore
811 5213 860 5266 pro

70 5266 171 5346 Christo
186 5272 361 5339 tormentati,
377 5271 548 5328 declinantes
574 5279 709 5326 tortorum
725 5268 859 5325 saevitiam

70 5353 94 5393 tn
107 5342 224 5413 quadam
246 5344 378 5414 spelunca
393 5361 421 5399 se
433 5345 616 5410 occultarunt,
633 5350 660 5398 et
674 5343 777 5397 ibidem
802 5346 862 5411 post

71 5414 214 5471 orationem
229 5414 459 5471 obdormierunt:
476 5423 503 5471 et
516 5415 616 5472 Decius
643 5415 800 5486 speluncam
815 5411 860 5466 ob·

70 5487 172 5542 drusii.
184 5486 321 5558 Tempore
335 5496 427 5543 autem
436 5486 593 5554 Theodosii,
609 5491 670 5540 orta
679 5485 819 5540 simultate
828 5482 861 5537 de

71 5553 117 5611 ide
129 5558 354 5625 resurrectionis,
378 5558 431 5630 ipsi
458 5576 474 5614 a
498 5575 623 5630 sompno,
644 5556 798 5640 quolerme
813 5553 862 5609 du·

10 5691 12 5703 Ι
71 5630 147 5687 uentis
160 5631 246 5688 annis
259 5630 590 5699 dormierunt‚divinitus
600 5637 722 5697 excitati,
733 5635 860 5698 surgunt,

71 5709 184 5760 usumin
195 5702 525 5784 Theodosioimpcratore
534 5711 636 5758 asserta
654 5696 862 5757 resurrectionis

71 5776 185 5848 renam,
203 5776 306 5833 iterum
321 5774 497 5832 dormierunt
521 5774 549 5831 ιιι
568 5773 689 5834 Christo.
704 5771 758 5841 Qui
770 5779 864 5844 postea

242 5875 368 5970 Piraei.
391 5872 519 5934 CXXIV.

914 4689 1121 4747 Dormientibus
1147 4686 1201 4744 alia
1221 4686 1451 4755 comminiscitur,
1474 4688 1613 4748 subiciant
1636 4688 1717 4746 nobis

916 4778 999 4834 supra
1012 4761 1096 4817 dicta.
1112 4761 1143 4816 ln
1157 4760 1235 4816 Zoilo
1251 4776 1319 4832 pura
1337 4766 1388 4816 est.
1407 4759 1491 4817 Tum:
1516 4763 1644 4819 «Eodem
1659 4762 1715 4830 die,

916 4834 1003 4891 sancti
1026 4832 1146 4889 Ladislai
1167 4832 1238 4905 regis
1264 4831 1410 4904 Hungariaa
1432 4839 1459 4888 et
1484 4835 1658 4892 confessoris.
1683 4835 1715 4889 ln

916 4907 1021 4974 lloia‚·
1042 4913 1106 4973 etc,
1129 4914 1265 4976 utsupra.
1290 4929 1298 4952 ι
1320 4904 1381 4976 Ipso
1401 4903 1456 4971 die,
1476 4907 1608 4963 revelatio
1626 4903 1714 4960 sancti

916 4977 1030 5035 Antonii
1046 4977 1152 5034 abbatis
1161 4985 1189 5034 et
1201 4976 1376 5034 confessoris.
1391 5000 1400 5023 ι
1417 4975 1489 5032 Vide
1498 4977 1583 5034 natali
1595 4976 1640 5031 die
1655 4990 1715 5030 xvii

916 5049 1050 5106 ianuarii.

952 5123 1060 5188 Baiis,
1082 5120 1112 5175 in
1129 5120 1271 5179 Crescente
1290 5136 1386 5190 purus,
1407 5117 1628 5198 secundouloc'o:
1651 5141 1661 5199 ⁸.
1683 5117 1716 5174 ln

917 5193 1045 5263 ngaria,
1056 5191 1168 5247 civitate
1180 5191 1366 5257 Varasdiensi,
1377 5198 1465 5245 sancti
1475 5188 1593 5244 Ladislai
1606 5203 1677 5259 regis
1688 5196 1716 5246 et

917 5263 1090 5321 confessoris.
1102 5262 1153 5329 Qui
1170 5262 1331 5318 clarissimis
1343 5259 1483 5315 miraculis
1495 5275 1578 5330 usque
1593 5259 1628 5315 ad
1641 5261 1715 5317 diem

918 5336 1079 5392 hodiernam
1095 5343 1229 5390 coruscat.
1246 5359 1254 5380 ·
1272 5332 1333 5388 lnS
1357 5330 1500 5400 mphorosa
1514 5338 1542 5386 et
1554 5329 1621 5388 siliis
1635 5333 1716 5403 plane

918 5407 1052 5471 mntilus;
1071 5405 1100 5459 in
1121 5405 1193 5461 line:
1218 5349 1385 5482 ‹CorduDae,
1406 5400 1433 5456 S.
1454 5401 1524 5458 Zoili
1543 5404 1708 5483 martyris·

919 5479 1004 5536 Addit
1018 5477 1103 5533 editio
1118 5477 1220 5532 altera:
1243 5471 1326 5530 10ha
1345 5472 1445 5553 pusula,
1469 5474 1614 5531 translatio
1627 5476 1716 5534 sancti

918 5550 1072 5608 Florentini
1084 5546 1257 5605 confessoris.
1276 5568 1284 5590 ι
1306 5544 1363 5598 Alii
1380 5544 1487 5601 melius.

954 5624 1079 5678 Cinyran.
1095 5639 1100 5676 :
1124 5645 1132 5667 ι
1149 5622 1227 5686 Nota,
1242 5614 1419 5686 Simphorosa
1434 5618 1555 5689 praelata,
1576 5634 1648 5676 uxor
1662 5617 1716 5675 luit

919 5693 1022 5750 Getulii
1045 5691 1183 5761 martyris,
1206 5688 1239 5743 de
1256 5703 1310 5760 quo
1327 5705 1358 5744 su
1381 5705 1410 5744 ra
1424 5706 1453 5746 iv
1467 5691 1531 5746 ldus
1544 5689 1630 5746 Junii.
1647 5691 1716 5745 ltam

918 5775 1075 5824 sanctorum
1090 5760 1179 5834 Crispi
1194 5768 1222 5818 et
1235 5705 1416 5834 Crispineilae.
1430 5787 1439 5811 ·
1463 5761 1534 5821 Vide
1548 5762 1577 5818 in
1590 5760 1669 5818 Actis
1681 5759 1717 5814 de

1600 5855 1621 5912 'l
