3834 6136
58 187 113 244 937

623 190 876 251 bestiunculis
895 196 922 253 S.
946 195 1147 254 nutantem.

1659 203 1713 261 938

55 337 144 413 parti.
165 334 300 405 Quamvis
318 335 392 393 enini
413 338 549 397 ltaiucldo
572 343 750 400 occumbente
775 347 866 403 victor
879 348 905 408 A
920 348 1005 404 latam
1017 356 1126 420 gerente
1137 366 1143 405 :
1155 348 1249 421 sicque
1259 347 1293 405 ad
1304 354 1413 422 tempus
1426 350 1593 422 recedentes,
1610 372 1713 415 monn-

56 424 225 484 Lembertus
236 424 388 495 exstiterit,
409 443 466 484 non
484 428 552 485 adcc
572 438 664 487 tamen
689 431 816 489 victricia
829 433 863 490 ab

57 515 141 573 hoste
160 513 257 572 retulit
276 513 364 587 signa.
391 515 463 572 Duni
483 517 572 574 millia
591 535 703 576 suornm
722 523 864 595 prospexit

58 605 199 681 oppetisse
213 603 377 674 satellitum,
394 604 477 679 idque
491 606 635 666 adversum
654 610 801 669 Heriveum
817 630 865 670 re-

56 703 166 771 petens,
179 694 286 767 primus
300 700 426 751 natorum
437 695 566 754 Rainoldi
578 713 653 755 arina
663 698 698 756 ob
713 699 863 758 vindictam

56 791 181 860 paternas
192 789 378 839 resumentem
389 783 473 851 necis,
485 785 612 843 eumdem
624 788 695 845 male
710 788 865 863 depugnan-

57 879 115 930 tein
131 871 211 939 vicii,
228 871 345 944 telisque
357 873 514 931 confossum
530 876 590 933 neci
606 876 729 935 tradidit.
747 879 804 934 lloc
811 878 866 936 dis·

59 963 127 1023 sidii
140 979 241 1037 genere
254 962 437 1021 bellatoribus
449 966 579 1039 utrinque
592 968 781 1040 pereuntibus,
797 986 865 1042 pene

59 1055 155 1114 omnis
179 1054 229 1111 illa
253 1055 328 1127 regio
356 1056 547 1113 delenscribus
566 1058 669 1115 nudata
686 1059 753 1129 suis,
775 1062 867 1133 praeda

60 1145 193 1220 gentibus
206 1144 297 1218 paruit
307 1145 439 1201 eisternis.
451 1146 609 1203 Brittonum
621 1149 645 1204 si
655 1149 765 1221 quidem
775 1150 866 1223 proxi·

62 1253 109 1293 ma
123 1236 167 1293 vis
183 1235 300 1293 limitem
315 1242 483 1307 transgressa
497 1236 653 1310 antiquum,
677 1238 865 1298 Namneticam

60 1325 215 1398 regionem,
226 1324 451 1396 Andegavensem
462 1341 580 1398 quaque,
592 1326 753 1386 Meduanam
767 1329 867 1402 (Maias

61 1432 110 1473 seu
124 1414 264 1487 diogenis)
280 1430 365 1487 usque
380 1414 497 1471 ssuvium
512 1415 645 1473 vastando
660 1418 867 1493 caedibusatque

62 1502 204 1562 incendiis
235 1501 360 1558 insuam
390 1502 495 1576 redegit
520 1511 692 1577 potestatem.
717 1506 867 1566 Obstiterat

61 1585 179 1668 q'nidein
194 1590 354 1648 dambertus
364 1590 530 1664 jampridem
550 1592 579 1650 id
593 1594 801 1654 adnitentibus:
819 1599 866 1655 sed

917 435 953 493 dc
966 436 1087 495 adventu
1103 438 1261 510 predictam
1275 439 1417 498 civitatem
1431 442 1622 501 combustione
1636 448 1714 507 dissi·

918 533 1086 598 pant,matre
1099 528 1235 585 duntaxat
1245 528 1371 598 ecclesia,
1385 548 1446 605 quaa
1460 531 1488 588 iii
1500 532 1605 590 liciiore
1615 546 1715 595 sanctae

919 614 1025 685 Crucis,
1040 616 1154 688 jubente
1170 617 1352 676 Constantino
1370 622 1504 693 Augusto,
1524 639 1540 679 a
1554 610 1585 679 B'.
1602 628 1717 697 presule

919 705 1037 761 Evuitio
1051 714 1157 763 merita
1173 715 1241 775 erat,
1257 708 1350 765 studio
1366 709 1502 768 bonorum
1517 712 1661 770 bominum
1678 731 1719 772 re·

921 800 1058 849 manente.
1079 791 1151 860 Quid
1171 792 1291 868 denique
1309 797 1396 853 solius
1409 798 1543 856 Naustrie
1557 800 1648 858 clades
1663 818 1721 859 me·

921 882 1055 938 morando
1073 884 1177 956 stylum
1197 885 1409 956 protrahimus?
1425 887 1498 945 haud
1518 889 1583 945 solae
1602 899 1720 964 quatuor

921 987 1003 1043 supra
1019 981 1174 1029 memorate
1187 973 1268 1031 urbes
1281 975 1385 1032 excidii
1398 975 1499 1033 damus
1513 994 1631 1036 sensere.
1647 978 1720 1048 Quid

920 1059 1031 1119 lutetia
1044 1061 1213 1120 Parisiorum
1229 1064 1323 1121 nobile
1337 1074 1429 1137 caput,
1445 1067 1621 1140 resplendens
1633 1086 1720 1143 qucu-

920 1149 982 1206 dam
1000 1151 1097 1223 gloria,
1113 1152 1221 1225 opibus,
1238 1154 1382 1211 fertilitate
1396 1155 1459 1222 soli,
1475 1158 1628 1215 incolarum
1645 1160 1720 1233 quie·

920 1240 1027 1297 tissima
1043 1257 1118 1313 pace.
1143 1259 1225 1317 quain
1241 1259 1297 1300 non
1326 1245 1466 1302 immerito
1487 1262 1580 1320 regum
1596 1248 1719 1320 divitias,

921 1330 1073 1402 emporium
1088 1332 1185 1389 dixero
1198 1334 1363 1406 populorum
1375 1334 1468 1391 iNum
1485 1337 1572 1409 magis
1581 1338 1722 1396 ambustos

921 1421 1036 1490 eineres,
1065 1439 1145 1495 quam
1166 1425 1262 1481 urbani
1283 1425 1405 1482 nobilem
1434 1426 1506 1498 potis
1526 1433 1568 1483 est
1586 1430 1722 1486 cerneret

921 1511 994 1579 Quid
1009 1513 1123 1584 proinde
1137 1514 1308 1583 bellovacus,
1323 1514 1390 1589 quid
1405 1515 1606 1588 Noviomagum
1617 1524 1644 1573 et
1656 1517 1722 1590 ipsae

921 1602 1060 1674 qnondam
1071 1603 1225 1671 (talliarum
1240 1605 1473 1678 prestantissima
1487 1605 1579 1675 urbes,
1591 1623 1683 1665 nonne
1695 1616 1723 1664 et

58 1680 146 1756 jussu
158 1681 227 1754 regis
240 1681 301 1739 loco
313 1681 423 1751 cedens,
439 1682 612 1740 Brittcuibus
624 1685 734 1758 explere
752 1694 867 1744 conatus
883 1711 906 1772 B
921 1691 987 1763 ipsae
998 1691 1200 1766 irruptionibus
1210 1694 1427 1764 Nortmannicis,
1438 1696 1623 1769 atquehostili
1632 1697 1722 1771 gladio

62 1771 192 1847 permisit
218 1769 384 1828 barbaricos.
424 1771 558 1828 Praeterea
585 1774 774 1845 Noitmanni,
804 1791 869 1848 gens
923 1779 1723 1856 conciderell’igctreferracrancbiorumnobilissimorum

62 1858 251 1934 Aquilcnalis,
279 1868 374 1917 nostro
394 1859 485 1932 generi
509 1861 570 1935 plus
589 1878 666 1935 equo
691 1865 867 1936 praecognita,
922 1875 978 1923 tam
998 1869 1123 1925 virorum
1144 1886 1226 1942 quam
1245 1871 1412 1929 feminarum
1425 1874 1483 1928 Deo
1495 1872 1593 1930 devote
1603 1875 1724 1931 servien-

61 1968 122 2010 nori
129 1949 188 2025 jain
204 1949 348 2024 piraticam
362 1950 527 2020 exercendo,
543 1968 653 2008 omnein
670 1969 746 2010 cram
761 1954 867 2010 mariti·
923 1954 992 2013 tiurn
1008 1958 1128 2027 excidia,
1146 1966 1305 2033 stragesque
1318 1976 1374 2016 non
1395 1962 1563 2033 ignobilium
1587 1963 1723 2037 plebium,

64 2057 140 2097 inani
152 2037 434 2115 pessumdedit,atquc
445 2045 489 2107 (ut
499 2040 591 2097 verius
601 2041 704 2114 dicam)
719 2042 747 2098 in
762 2050 868 2100 vastam
923 2045 1098 2117 captivitates
1107 2057 1307 2118 matronarum,
1317 2049 1459 2122 virginum
1476 2051 1605 2121 ludibria,
1618 2069 1725 2109 accun-

62 2129 172 2202 redegit
182 2127 372 2186 solitudinem.
391 2130 511 2186 Fuerant
523 2146 618 2187 eorum
634 2131 743 2204 pessimi
754 2140 869 2189 conatus
924 2143 967 2191 cti
989 2151 1050 2209 que
1065 2137 1146 2193 victis
1160 2138 1280 2207 victores
1306 2138 1407 2196 inferre
1423 2141 1515 2196 valent
1531 2140 1644 2198 infanda
1662 2149 1726 2197 tor-

63 2234 139 2292 saepc
152 2234 168 2274 a
181 2216 299 2275 ducibus
313 2217 423 2274 illarum
440 2217 583 2290 regionum
597 2217 708 2274 sibimet
722 2220 868 2277 suceeden·
924 2234 1080 2282 mentorum
1091 2241 1199 2297 genera.
1215 2226 1287 2293 Quid
1298 2227 1470 2300 Aquitanicae
1481 2230 1570 2301 gentis
1584 2230 1725 2303 ingentem

64 2309 140 2365 tium
167 2307 303 2377 frustrati,
324 2306 469 2364 lamberto
494 2307 602 2364 scilicet
630 2316 712 2381 atque
735 2310 869 2367 lictberto
924 2316 1039 2373 referam
1055 2312 1273 2385 afflictationem,
1299 2333 1359 2390 quc
1375 2317 1442 2373 clirn
1466 2316 1599 2374 bellorum
1617 2320 1723 2388 nutrix,

63 2422 176 2465 necnon
221 2404 372 2464 Rainullo:
410 2404 542 2462 sediliis
576 2403 653 2462 varia
692 2406 870 2479 pereuntibus
925 2422 1000 2462 nunc
1014 2405 1142 2477 Frigidam
1160 2405 1232 2485 bellq
1247 2405 1373 2477 praeterat
1387 2407 1524 2475 dextram,
1549 2407 1661 2480 suisque
1675 2425 1726 2465 cr-

64 2503 152 2566 sorte,
179 2495 270 2553 cinnis
285 2493 341 2552 iera
362 2493 501 2564 Neustria,
520 2510 580 2567 quae
605 2494 788 2552 nGenabensi
803 2496 871 2553 urbs
924 2495 989 2551 bata
1003 2495 1166 2564 luminibus,
1178 2494 1296 2552 ducibus
1310 2503 1387 2568 egeat
1402 2496 1524 2554 alienis?
1545 2497 1655 2553 Etenim
1668 2498 1728 2570 ipsa

64 2603 116 2662 per
130 2594 318 2643 transversum
345 2583 481 2641 Lutetiam
508 2599 595 2657 usqua
618 2583 785 2640 Parisiorum
813 2601 871 2658 per·
926 2585 1162 2658 quoqueoptimos
1173 2600 1295 2658 quosque
1303 2585 1490 2658 genitalisscli
1503 2587 1532 2642 in
1542 2601 1600 2643 sese
1609 2586 1726 2656 elidens,

65 2673 153 2749 tingit
165 2672 297 2749 oppidum
307 2685 331 2745 ¹,
346 2671 550 2730 Nortmannicae
561 2672 650 2746 patuit
663 2672 776 2730 leritati.
792 2673 873 2730 lrru-
927 2680 1000 2745 patet
1014 2689 1089 2731 nunc
1103 2672 1193 2747 preda
1208 2673 1336 2745 gentibus
1361 2674 1468 2730 alienis.
1485 2675 1528 2732 Ab
1543 2675 1603 2746 ipso
1626 2675 1728 2749 quippe

65 2763 212 2841 ptionibus
227 2780 344 2838 uanique
358 2762 533 2821 creberrimis
555 2773 655 2821 cuncta
668 2763 802 2821 vastando
819 2765 871 2822 cir·
928 2764 971 2837 (ut
986 2764 1025 2820 ita
1039 2764 1146 2837 loquar)
1163 2763 1264 2820 Oceani
1280 2765 1383 2834 littore,
1400 2766 1533 2822 orientem
1550 2783 1656 2834 versus,
1671 2767 1730 2823 Ar-

66 2863 241 2925 cumeuntes,
271 2852 361 2928 primo
375 2853 481 2928 pedites
507 2852 625 2926 quidem.
653 2867 685 2909 ec
708 2852 782 2926 quod
797 2853 872 2926 equi·
928 2869 1043 2910 vernum
1061 2870 1147 2926 usique
1161 2854 1342 2910 clarissimam
1358 2855 1447 2911 veteri
1461 2863 1621 2928 tempestate
1634 2857 1730 2930 Aqui-

66 2943 149 3002 tandi
164 2942 264 3018 peritia
275 2942 389 3012 deesset,
405 2942 505 2999 deinde
526 2941 603 3016 equis
625 2941 714 2998 evecti
735 2958 810 2999 more
824 2959 873 2999 nc·
928 2943 1010 3000 taniae
1025 2942 1132 3012 urbem,
1148 2944 1225 3000 nulla
1239 2944 1393 3001 libertatem
1410 2946 1528 3002 retinere
1540 2947 1629 3003 valuit
1643 2948 1728 3020 regio,

66 3041 206 3101 stroruin,
222 3031 315 3089 omnia
331 3040 519 3106 pervagantur.
542 3031 649 3087 Interea
663 3029 810 3088 stationem
826 3047 872 3087 na·
929 3048 985 3089 ucn
998 3032 1130 3106 oppidum
1155 3040 1203 3089 aut
1218 3034 1306 3099 viciis,
1321 3051 1376 3090 non
1401 3034 1520 3106 denique
1544 3036 1652 3104 civitas,
1669 3052 1730 3108 quie

66 3122 153 3179 vium
164 3137 286 3190 suarum,
301 3137 333 3178 ac
345 3120 368 3179 si
382 3123 487 3192 asylum
512 3120 636 3177 omnium
655 3121 872 3178 latrunculorum
929 3139 985 3178 non
1000 3131 1088 3195 strage
1101 3123 1179 3178 tersit
1194 3122 1325 3180 ceciderit
1339 3138 1516 3195 paganorum.
1535 3124 1663 3181 Testatur
1676 3124 1730 3183 boc

68 3212 102 3269 iii
120 3210 213 3268 iiisula
226 3210 339 3284 quadam
353 3211 479 3270 caenobio
507 3211 534 3268 S.
562 3209 695 3267 Florentii
708 3207 719 3241 ¹³
734 3211 876 3284 supposita
929 3211 1050 3269 Pictavis
1076 3210 1274 3268 fecundissima
1302 3210 1441 3283 quondam
1455 3212 1523 3268 urbs
1551 3213 1727 3285 Aquitania:

66 3309 281 3376 componentes,
296 3303 409 3376 mapalia
433 3318 542 3376 quoque
555 3301 643 3359 instar
668 3301 874 3360 aedificaverunt
930 3300 982 3357 hoc
1009 3301 1172 3367 Santonum,
1191 3300 1425 3371 hocEngolisma,
1452 3300 1504 3358 lica
1528 3301 1728 3370 petrocorium,

66 3390 164 3465 burgi,
176 3407 231 3464 quo
240 3390 412 3464 captivorum
424 3408 517 3464 greges
531 3392 636 3449 eatenis
649 3391 776 3449 astrictos
790 3408 874 3447 asser·
929 3389 982 3447 hoc
992 3389 1147 3453 Lemovica,
1160 3389 1212 3446 hoc
1226 3397 1299 3445 certe
1314 3388 1465 3457 Arvernus,
1482 3389 1617 3446 terminus
1635 3407 1730 3448 nuuc-

68 3489 170 3538 vareut
186 3479 293 3554 ipsique
307 3497 357 3554 pro
371 3487 495 3553 tempore
509 3497 624 3553 corpora
638 3497 654 3536 a
668 3481 761 3537 labore
776 3480 875 3538 relica-
930 3495 1016 3553 usque
1031 3478 1166 3536 barbarici
1181 3478 1284 3551 gladii:
1302 3478 1448 3552 ipsumque
1462 3480 1612 3538 Avaricum
1630 3481 1729 3554 (noar.

69 3579 135 3631 rent
149 3569 321 3643 expeditioni
338 3571 416 3626 illico
431 3569 585 3626 servitura:
602 3587 637 3627 ex
651 3587 704 3646 qua
720 3571 876 3643 inopinatos
930 3570 995 3641 ges),
1007 3577 1089 3642 caput
1099 3568 1341 3642 regniAquitanici
1354 3572 1614 3642 proclamant,nulla
1625 3573 1731 3631 scilicet

70 3660 213 3719 discursus
226 3661 372 3732 agitantes,
389 3657 471 3716 modo
487 3658 614 3728 navibus,
635 3659 718 3718 modo
738 3661 816 3734 equis
831 3661 875 3718 de·
930 3662 1032 3720 bellica
1045 3661 1187 3730 obviante,
1203 3676 1286 3716 manu
1302 3659 1397 3717 hostili
1421 3663 1541 3735 graviter
1554 3678 1612 3719 sese
1633 3664 1731 3721 conci-

71 3749 134 3820 liiti,
151 3756 235 3806 totam
251 3747 433 3805 circumcirca
446 3748 572 3806 delevere
587 3750 769 3824 provinciam,
781 3757 808 3806 et
823 3751 876 3822 pri·
930 3752 1003 3809 disse
1017 3751 1138 3807 incursu.
1157 3749 1206 3807 llis
1220 3757 1301 3823 atque
1315 3748 1508 3821 hujuscemodi
1524 3751 1603 3807 malis
1616 3752 1731 3824 pertri-

72 3861 119 3902 nio
143 3841 255 3917 quidem
280 3842 401 3898 adventii
427 3842 522 3898 urbem
538 3843 727 3899 Namneticain
748 3841 877 3908 incendic
932 3842 1007 3914 ginta
1029 3841 1115 3896 terme
1139 3855 1275 3901 annorum
1290 3840 1420 3910 spatium,
1446 3839 1533 3896 Gallis
1557 3857 1613 3897 ncii
1629 3842 1732 3915 absque

71 3948 231 3992 cremavere
245 3933 327 4003 (anno
342 3930 419 3999 853).
442 3928 667 4001 andegavensem
689 3941 878 4004 percurrentes
931 3931 1040 4005 piaculo
1055 3929 1244 4003 quorumlibet
1259 3928 1378 3998 detritis,
1391 3930 1483 3986 cultus
1498 3946 1606 4003 quoque
1629 3929 1732 3989 divina

72 4023 229 4097 regionem,
257 4020 344 4093 ipsam
371 4016 484 4091 quidem
510 4016 652 4076 civitatem
680 4028 875 4087 concremant;
932 4019 1733 4094 religionisquomodoprocesserit,utrumnecnesscruerit

73 4113 252 4172 Pictavcrnm
279 4125 345 4166 vero
368 4108 481 4165 castella
503 4114 585 4180 atque
608 4108 696 4177 vicos,
713 4124 879 4182 omnemque
932 4111 961 4166 in
976 4117 1106 4181 promptu
1120 4115 1161 4164 est
1178 4106 1303 4174 cuilibet,
1315 4107 1381 4163 licet
1396 4107 1527 4162 tardioris
1537 4108 1731 4179 ingenii,m0r·

73 4204 194 4278 patriam
209 4218 226 4258 a
240 4201 309 4257 mari
327 4215 413 4273 usque
428 4197 553 4255 eauidem
564 4198 705 4257 Pictavam
722 4199 818 4255 urbem
832 4215 877 4272 po·
933 4201 1028 4259 talium
1041 4197 1245 4270 persentiscere.
1257 4195 1579 4262 QuisenimCliristianae
1590 4198 1732 4269 religionis

73 4294 218 4368 pulsantur,
232 4297 352 4358 vastant,
362 4288 483 4347 caeffibus
493 4288 878 4362 replentesomnia.Sequenti
932 4292 1000 4348 crdo
1016 4303 1140 4346 normam
1155 4302 1187 4342 eo
1202 4286 1335 4358 propositi
1350 4285 1384 4342 ad
1408 4284 1544 4356 liquidum
1560 4287 1730 4359 exsequitur,

73 4396 203 4462 tempore
216 4384 329 4458 navigio
343 4384 484 4441 Turonum
493 4384 619 4454 veniunt,
635 4401 749 4458 eamque
760 4384 793 4441 de
803 4402 879 4442 mcra
933 4389 1029 4438 utnon
1040 4374 1731 4451 magisproevaricatormandatorumChristijudice·

74 4477 215 4553 stragibus
227 4476 379 4550 opplentes.
395 4475 430 4531 ad
445 4483 613 4549 postremum
629 4474 740 4548 Ignibus
755 4474 877 4533 tradunt.
893 4445 918 4505 ⁰
934 4479 988 4531 tur.
999 4469 1022 4524 si
1032 4479 1142 4525 actuum
1155 4464 1356 4522 essecuticrite
1366 4463 1731 4535 vestigeturlUndcncnim·

74 4568 211 4642 Populata
230 4565 307 4623 omni
331 4564 545 4639 circumquaque
559 4563 679 4638 regione,
709 4563 782 4620 haud
798 4565 879 4638 longo
934 4553 1731 4655 maritotalibus,bocestnobis‘transgresscribuspraecep·

75 4666 150 4734 post,
178 4655 321 4730 superiora
340 4655 445 4728 Ligeris
465 4653 554 4711 amnis
578 4653 695 4710 navibus
709 4661 878 4727 expetentes,
933 4643 1732 4721 toruinsuoruin,ultionisvindictamolimperprophetam

77 4745 239 4805 Aurelianis
254 4745 437 4818 perveniunt:
458 4753 621 4817 captamque
640 4743 736 4800 urbem
758 4760 825 4801 auio
839 4741 881 4799 di·
936 4737 1127 4812 repromissam
1138 4736 1247 4793 videtur
1257 4735 1550 4810 inssigere.l)iciteniiii
1561 4740 1733 4797 comminans

75 4834 219 4904 errabunt,
230 4834 301 4908 Agic
311 4845 321 4869 ι’
331 4843 399 4891 tunc
409 4833 541 4906 temporis
555 4834 675 4906 prefate
685 4834 762 4892 urbis
781 4851 880 4908 presu-
936 4844 983 4901 per
998 4827 1144 4885 Jeremiam
1158 4824 1320 4900 prophetam
1334 4844 1339 4882 :
1351 4827 1406 4883 Pro
1425 4844 1453 4882 ec
1470 4828 1541 4899 quod
1554 4846 1607 4884 sion
1621 4829 1733 4885 audetis

75 4968 140 5027 quae
156 4965 215 5006 vox
232 4948 348 5006 limitem
360 4949 506 5021 significat,
522 4966 554 5006 ec
567 4951 637 5020 quod
652 4949 753 5006 limites
763 4949 883 5023 regionis
936 4964 1018 5018 aqua
1033 4946 1169 5027 dependet
1191 4945 1333 5026 antiquius
1356 4946 1565 5027 monasterium,
1584 4950 1733 5014 utrumque

73 5020 264 5090 custodirent,
275 5022 349 5078 sicut
359 5028 439 5078 aiitea
452 5021 537 5078 duces
549 5037 581 5077 ac
593 5021 717 5077 comites.
936 5027 1141 5096 congregationi
1156 5017 1184 5097 8
1199 5017 1287 5071 Mauri
1302 5017 1476 5098 attributum.
1537 5085 1543 5096 ·
1626 5083 1632 5095 ι

110 5117 124 5144 ι
139 5093 355 5165 Notaantiqucs
368 5093 501 5150 Naustiiae
516 5090 629 5149 limites.
974 5090 1022 5143 eA
1043 5104 1084 5142 uis
1107 5086 1250 5143 ordinatus
1285 5094 1326 5143 est
1352 5088 1559 5144 Aurelianensis
1590 5100 1735 5157 episcopus

110 5164 339 5223 »Monateriuin
370 5164 398 5221 S.
427 5163 561 5221 Florentii
590 5164 620 5219 iri
646 5169 738 5218 monte
763 5161 882 5230 Glonna,
938 5176 1010 5216 anno
1019 5105 1083 5226 843,
1103 5165 1135 5212 ut
1144 5166 1295 5240 constater
1312 5158 1426 5241 concilii
1437 5156 1584 5239 tiernensis
1595 5173 1625 5224 ii,
1646 5173 1670 5212 c.
1688 5156 1733 5225 10,

71 5234 197 5295 ‹tioecoei
207 5234 493 5316 Audegavensi,liaud
504 5234 597 5307 procul
614 5250 630 5289 a
647 5233 736 5305 ligeri
747 5232 842 5299 situm,
854 5232 884 5287 iii
938 5246 1011 5288 anno
1021 5230 1178 5355 iiiselqnenti
1193 5229 1297 5312 liabito.
1310 5229 1442 5287 Consiliis
1458 5245 1542 5310 variis
1556 5236 1651 5309 postea
1665 5227 1737 5284 sub-

70 5304 383 5380 extreuiisAquitaniai
395 5306 529 5379 partibus,
546 5303 886 5370 nunclletusdicitur,ut
938 5302 1058 5373 scripsit,
1100 5301 1237 5356 elvaceusi
1257 5316 1329 5355 anno
1346 5300 1656 5381 845,·Parisiensianno
1671 5296 1735 5365 sio,

70 5377 317 5451 dntingmmrab
328 5378 385 5435 alio
399 5377 522 5460 ejusdam
538 5376 670 5444 nominis,
686 5373 760 5448 quod
771 5373 886 5446 prioris
939 5371 1091 5430 Turonensi
1108 5388 1136 5426 iv
1150 5387 1222 5426 auno
1246 5370 1310 5435 869,
1333 5372 1523 5453 Suessioneiisi
1540 5386 1560 5452 ii
1574 5378 1601 5426 et
1616 5368 1737 5427 Vernae-

69 5448 502 5522 Nortmauuiseiiersopriinum
513 5449 541 5504 iii
552 5444 829 5506 castrcSalmuriensi
841 5444 886 5500 iti·
940 5444 1024 5501 riensi
1039 5442 1136 5499 itidem
1157 5458 1177 5498 ii
1192 5457 1265 5497 anno
1279 5442 1342 5508 853,
1367 5440 1559 5524 saponariensi
1585 5456 1659 5497 anuo
1671 5440 1736 5512 859,

71 5522 144 5582 dein
167 5518 341 5594 attigerim
367 5520 468 5595 posito,
498 5527 592 5595 postea
619 5535 668 5593 pro
689 5534 703 5575 e
728 5517 886 5573 Salinarum
940 5514 1114 5572 Fusciacensi
1129 5529 1202 5570 anno
1211 5513 1264 5596 860
1276 5528 1308 5569 ac
1322 5512 1509 5595 Suessionensi
1534 5531 1572 5596 ¹¹¹.
1586 5512 1736 5571 annoddl.

71 5593 219 5671 oppidum
228 5599 421 5653 constructum
431 5599 483 5663 est,
493 5591 649 5665 retinetque
658 5534 775 5648 abbatie
784 5604 886 5645 nomeu
940 5588 1130 5647 Successorem
1145 5584 1243 5642 babuit
1255 5584 1431 5655 Walterium‚
1448 5584 1481 5644 de
1495 5601 1551 5660 quo
1565 5584 1647 5643 inira.

283 5688 407 5750 Pauca.
426 5686 555 5750 CXXIV.
1509 5685 1543 5742 30
