3834 6136
146 221 197 276 911

146 375 260 431 collium
274 371 427 446 apricitate,
443 369 567 427 olearum
583 368 740 442 vitiumque
759 368 875 443 profluis
885 385 946 442 pro·
959 392 985 453 Α

147 463 287 532 ventibus,
300 474 434 518 novarum
441 456 553 515 urbium
564 457 734 527 amoenitate,
744 466 868 515 veterum
879 473 944 531 quo·

146 568 198 626 qus
222 550 386 625 oppidorum
413 546 521 618 decore,
549 546 672 604 amnium
705 547 843 604 nobilium
870 543 944 603 felici

145 638 284 714 prolapsu,
313 652 421 713 unaque
445 645 606 694 cunctarum
630 652 722 693 rerum
737 636 945 709 opulentissima

146 730 242 803 gloria.
258 729 296 784 at
307 744 371 785 cuni
385 734 467 786 tanta
478 727 563 800 copie
573 726 697 800 potentia
707 727 838 800 vigorque
847 726 943 783 deceri-

145 818 270 874 tissimus
284 823 409 874 veterum
420 816 512 873 studio
526 817 613 873 ltaliae
623 816 709 872 fuerit
718 816 878 881 attributus,
889 823 942 871 tra·

144 921 205 968 ctus
228 919 321 966 tamen
354 908 441 964 totius
469 907 565 980 patriae
593 907 623 963 in
649 907 759 964 diversa
789 915 941 980 porrectus,

144 997 273 1071 diligenti
284 1013 341 1053 sese
351 996 572 1053 consideratione
582 995 689 1053 adverti
702 997 835 1069 exposcit.
849 997 942 1068 Neque

143 1090 219 1146 enim
234 1086 317 1144 nnius
327 1085 501 1142 solummodo
512 1085 631 1157 regionis
648 1084 783 1142 beneficia
796 1084 941 1158 complecti

142 1184 219 1235 tanta
229 1175 309 1232 laude
322 1175 463 1245 videntur,
475 1174 543 1248 quin
554 1174 748 1248 putinspatriie
758 1174 850 1231 omnis
860 1174 942 1230 decor

143 1264 274 1337 regnique
288 1264 407 1321 felicitas
417 1262 496 1320 brevi
509 1272 663 1320 memoratu
675 1279 707 1319 au
721 1263 744 1319 si
759 1263 878 1337 quodam
887 1262 941 1319 ccl·

143 1355 265 1411 luctaneo
290 1354 402 1410 astricta
426 1353 599 1426 perspicitur.
627 1352 751 1427 Cumque
772 1351 941 1426 ‚magnitudo

143 1443 201 1515 ipse
214 1442 304 1500 Italici
318 1444 395 1516 regni
409 1442 483 1516 quod
498 1442 565 1498 clim
574 1443 671 1514 Magna
686 1442 792 1500 Gracia
801 1457 942 1515 nuncupa·

141 1531 232 1602 batur,
248 1549 280 1589 eo
293 1532 367 1607 quod
381 1533 463 1589 urbes
476 1531 535 1604 ejus
545 1540 627 1605 atque
638 1532 752 1589 castella
765 1531 809 1588 vel
818 1531 941 1588 maxima

141 1638 176 1679 ex
190 1631 267 1696 parte
286 1623 446 1680 auctoribus
457 1622 558 1679 Graecis
568 1622 752 1690 constiterint,
769 1620 797 1677 in
814 1619 941 1694 longitu-

141 1712 235 1769 dinem
246 1711 475 1785 latitudinemque
485 1711 717 1785 equolibramine
726 1709 870 1778 estimsta,
881 1709 939 1766 lon-

141 1803 266 1874 gitudine
280 1802 355 1859 hand
370 1803 477 1860 modice
487 1811 598 1876 superet
615 1802 800 1870 latitudinem,
810 1800 939 1857 assimilis

642 208 851 270 innuuntur
871 210 1122 271 BLOBlaCENSiS
1142 208 1301 269 florianae

1308 379 1421 441 CAPUT
1436 377 1493 438 X‘.

1252 498 1416 556 Carrinensis
1440 495 1548 554 caesia

1033 637 1142 694 lustina
1156 637 1241 710 igitur
1255 637 1419 710 imperatore
1440 632 1475 692 ob
1496 632 1704 691 immanitatem
1717 634 1798 692 scale·

998 743 1060 784 rum
1074 727 1103 784 in
1117 725 1264 783 amentiam
1279 742 1358 784 verso
1372 742 1404 783 ac
1418 725 1501 799 paulo
1515 732 1577 798 post
1600 722 1663 780 rita
1676 722 1795 796 private,

997 816 1123 874 'liberius
1137 814 1343 884 Constantinus,
1359 814 1403 871 vir
1416 812 1576 887 reipublice
1590 811 1720 886 regendis
1736 821 1798 871 stra·

996 922 1079 975 uuus,
1100 905 1209 979 imperii
1224 905 1325 961 infulas
1348 903 1435 962 totius
1448 903 1537 977 gentis
1550 901 1651 959 adnisu
1665 903 1797 978 suscepit,

997 997 1096 1069 quibus
1110 1011 1158 1068 par
1171 1004 1275 1067 septem
1287 1011 1373 1052 anuos
1396 995 1448 1052 rite
1462 992 1633 1067 gunematis,
1654 1009 1799 1052 susumu-

996 1098 1053 1139 rem
1068 1081 1169 1155 delegit
1184 1082 1238 1138 sibi
1253 1083 1430 1153 Mauricium,
1446 1099 1482 1139 ex
1498 1082 1627 1156 prosapia
1640 1082 1799 1142 Graecorum

995 1187 1027 1230 ac
1037 1171 1208 1245 Cappadocia
1222 1172 1382 1229 oriundum.
1395 1173 1455 1242 Quo
1465 1173 1633 1246 imperante,
1648 1172 1682 1229 B.
1694 1172 1799 1247 Grego-

996 1260 1054 1319 rius
1067 1269 1168 1319 sanctae
1182 1270 1264 1336 atque
1279 1263 1436 1336 apostolice
1450 1262 1508 1320 sedi
1530 1263 1625 1322 Rome
1649 1262 1799 1337 preficitur

995 1351 1149 1423 episcopus.
1173 1352 1259 1408 Porro
1278 1353 1448 1409 Francorum
1468 1368 1584 1425 regnum
1603 1351 1799 1411 Bruueciiildis

994 1439 1089 1512 regine
1098 1456 1161 1496 curn
1172 1441 1317 1512 nepotibus
1330 1441 1519 1497 Theodeberto
1533 1448 1617 1514 atque
1629 1440 1798 1500 Theoderico

995 1527 1061 1584 filiis
1080 1527 1249 1585 Childeberti
1278 1528 1349 1600 regis
1372 1528 1431 1600 jain
1457 1527 1569 1599 majoris
1597 1529 1691 1587 aetatis
1716 1541 1798 1588 metes

994 1619 1194 1691 attingentibus
1209 1619 1317 1678 fortiter
1334 1621 1454 1693 regebat.
1471 1623 1588 1678 atvero
1605 1638 1675 1694 gens
1690 1622 1799 1697 Lango-

994 1708 1141 1766 bardorum
1152 1711 1259 1768 lteliam
1272 1729 1288 1768 a
1302 1711 1426 1784 partibus
1439 1712 1620 1771 venetiarum
1638 1711 1758 1784 dudum,
1767 1726 1797 1774 ut

993 1814 1075 1871 supra
1089 1800 1304 1874 prelibavimus,
1320 1801 1452 1873 ingressa,
1468 1803 1592 1861 maxima
1605 1819 1644 1861 ex
1659 1805 1796 1879 partscls·

140 1893 237 1965 utique
246 1908 351 1967 querno
361 1892 440 1961 folio,
452 1891 525 1964 quod
535 1891 700 1964 proceritate
709 1891 752 1946 sui
762 1889 939 1946 latitudinem
993 1887 1075 1945 dibus
1093 1888 1248 1958 afficiendo,
1269 1906 1325 1947 suae
1347 1892 1477 1962 potentias
1496 1891 1615 1950 subdere
1635 1893 1796 1955 muabstiir.

140 1981 265 2048 excedit;
293 1981 475 2052 plurimarum
500 1987 593 2035 tamen
621 1979 827 2050 provinciarum
853 1987 940 2036 mater
993 1975 1158 2033 Procedente
1167 1978 1267 2035 deiude
1278 1988 1410 2052 tempore,
1420 1979 1532 2054 jamque
1541 1981 1638 2039 Phoci
1649 1983 1794 2057 imparium

139 2069 237 2126 ellectu
247 2067 378 2141 praedulci
389 2067 808 2140 cunctaeaniplectiturgremiu.
821 2068 857 2125 at
873 2085 939 2126 vero
992 2065 1202 2124 administrante
1217 2069 1382 2139 Romanum,
1399 2069 1445 2143 qui
1458 2070 1625 2129 Mauricium
1645 2072 1797 2147 imperatu·

140 2157 377 2230 Ilunianiimperii
391 2157 509 2230 insignis
519 2157 642 2231 putentia
656 2157 722 2214 dum
733 2158 888 2215 edomitum
896 2175 938 2216 or·
993 2170 1126 2210 rensuum
1141 2154 1207 2212 filiis
1224 2156 1389 2226 Theodosio,
1415 2158 1534 2230 Tiberio,
1557 2169 1644 2234 alque
1659 2161 1795 2221 Constan-

139 2249 202 2306 hem
223 2247 286 2321 jiire
305 2247 505 2321 perduellionis
518 2248 644 2304 obtinere
659 2248 753 2317 vellet,
769 2249 939 2321 amplissima
992 2242 1062 2311 tino,
1073 2259 1136 2299 oum
1147 2251 1217 2301 esset
1226 2251 1327 2302 strator
1336 2245 1423 2304 Prisci
1433 2246 1556 2318 Patricii,
1575 2248 1646 2307 doio
1655 2251 1795 2312 interam·

139 2354 286 2411 regnorum
297 2337 452 2410 spatiaque
462 2336 622 2409 perAsiam,
634 2337 773 2410 Europam
784 2345 811 2394 et
821 2338 937 2411 Libyam
992 2340 1045 2402 ret,
1065 2333 1177 2405 prefata
1196 2350 1262 2407 gens
1279 2336 1348 2393 duce
1362 2337 1496 2409 Agilulfo,
1520 2355 1604 2413 quem
1630 2340 1687 2399 sibi
1709 2359 1792 2418 regeri

139 2427 214 2484 haud
229 2443 326 2501 parum
335 2426 542 2496 distenduntur,
553 2426 582 2482 in
593 2426 749 2500 provincias
762 2428 938 2502 coloniasque
992 2422 1159 2494 prefecerat,
1177 2431 1262 2481 totam
1279 2441 1349 2498 pene
1369 2426 1499 2501 irrumpit
1514 2438 1525 2464 ⁶
1543 2428 1668 2501 ltaliam,
1694 2432 1794 2492 liuma-

140 2515 294 2573 discindere
304 2525 394 2572 ratum
407 2513 514 2583 hahuit,
530 2515 624 2588 sicque
639 2515 834 2589 stipendiarias
847 2516 938 2590 legio-

140 2605 224 2661 nibus
237 2603 407 2677 interpositis
420 2603 598 2660 constituere.
615 2606 763 2677 Interque
777 2605 857 2661 Italia
871 2622 937 2679 quo·

140 2709 194 2766 que
207 2693 329 2749 maxima
339 2709 485 2766 regnorum
496 2692 683 2751 Occidentalis
694 2693 814 2750 climatis
824 2694 937 2751 divisio·

140 2801 203 2841 uem
218 2801 305 2858 passa,
319 2783 512 2858 duodeviginti
528 2785 706 2857 ¹provincias
719 2801 754 2841 ex
764 2802 823 2843 sese
837 2794 938 2859 protu-

137 2876 179 2943 lit,
213 2891 330 2948 quarum
363 2875 489 2930 omnium
509 2874 670 2947 preclarior
703 2874 822 2944 Valeria,
857 2875 937 2949 eique

135 2963 265 3036 adjuncta
287 2962 386 3020 Nursia
399 2961 471 3018 inter
495 2961 637 3018 Umbriam
652 2968 679 3017 et
693 2960 872 3034 Campaniam
886 2964 937 3020 Pi-

135 3069 288 3127 cenumque
301 3050 437 3120 consistit,
449 3049 605 3107 Samnitum
616 3049 749 3106 orientem
765 3065 860 3108 versus
874 3068 936 3124 pro·

993 2528 1111 2585 namque
1124 2512 1282 2585 aggreditur
1296 2515 1403 2572 urbem.
1416 2515 1471 2573 Nec
1485 2515 1569 2590 longo
1584 2527 1682 2591 posta
1696 2520 1793 2596 predo·

992 2602 1219 2675 nibuspraedictae
1231 2603 1531 2677 gentis,mnnusterium
1542 2606 1703 2668 beatissimi
1712 2611 1793 2670 Patris

992 2691 1144 2760 Benedicti,
1159 2691 1273 2766 quadiu
1288 2693 1401 2752 Cassino
1416 2695 1502 2752 situm
1513 2704 1565 2767 est,
1582 2706 1673 2757 noctu
1686 2700 1792 2760 invadi·

991 2788 1047 2850 tur,
1062 2781 1202 2855 diripitur,
1218 2782 1378 2841 destruitur.
1390 2784 1443 2853 Qui
1458 2802 1523 2845 cuin
1540 2787 1678 2866 universa
1698 2790 1789 2867 diripe

992 2879 1062 2940 rent,
1076 2887 1111 2927 ne
1124 2887 1212 2928 unum
1231 2873 1342 2946 quidem
1363 2890 1399 2931 ex
1413 2875 1558 2935 monachis
1578 2885 1678 2939 tenere
1697 2890 1789 2956 putus-

992 2967 1073 3016 ruut:
1090 2967 1121 3016 ut
1135 2961 1282 3034 prophetia
1296 2963 1463 3021 venerabilis
1484 2965 1588 3037 Patris,
1613 2984 1699 3044 quam
1718 2971 1787 3046 louge

991 3056 1055 3105 ante
1070 3050 1243 3122 previderat,
1260 3053 1454 3124 compleretur,
1470 3071 1525 3128 qua
1538 3055 1634 3115 dixit:
1650 3060 1711 3118 Vix
1724 3060 1787 3136 apud

135 3153 261 3219 spectans
276 3144 406 3211 limitem,
419 3139 534 3197 Etruria
547 3155 613 3197 vero
621 3140 794 3212 semetipsam
808 3140 934 3198 determi·
950 3112 971 3172 C
991 3140 1273 3198 [lominumobtinere
1282 3142 1370 3215 potui,
1382 3150 1457 3201 ulex
1466 3144 1592 3204 hocloco
1615 3147 1689 3206 milii
1698 3149 1786 3207 enim

136 3252 215 3294 nans.
233 3233 301 3292 Cum
317 3233 420 3305 itaque,
436 3236 467 3286 ut
481 3227 698 3302 prelibavimus,
713 3229 859 3287 nobilitate
876 3230 935 3287 sin·

136 3322 224 3398 giilari
235 3329 262 3379 et
267 3321 402 3379 bonorum
409 3319 534 3376 omnium
542 3317 722 3392 proventibus
728 3316 935 3374 affluentissime

136 3413 323 3481 exuberescat,
340 3411 588 3485 praecelsorumque
600 3408 686 3465 altrix
700 3408 824 3465 virorum
846 3408 936 3481 prisca

135 3503 288 3576 reperiatur
302 3508 391 3569 etate,
407 3517 463 3556 uno
478 3507 572 3556 tamen
586 3499 759 3570 semetipsam
782 3498 935 3556 editissimo

135 3590 226 3663 potuit
236 3589 347 3643 vincere
353 3584 554 3657 germine,dum
565 3583 717 3640 beatissimi
726 3584 934 3642 PatrisBenedi·

134 3679 172 3735 oti
187 3674 336 3749 optandam
351 3673 458 3730 cunctis
466 3672 630 3728 mortalibus
637 3672 754 3744 protulit
768 3673 933 3743 genituram.

170 3773 317 3830 ¹'lotidem
330 3771 416 3828 ltalia
426 3770 583 3844 provincias
592 3778 718 3826 numerat
737 3770 838 3826 Paulus
852 3772 931 3828 War-

133 3845 260 3903 nefridus
273 3844 302 3899 in
318 3841 367 3898 lib.
383 3859 414 3910 ri,
440 3841 510 3897 Hist.
528 3839 659 3920 Langoh,
675 3856 735 3911 cap.
761 3841 795 3897 l5
815 3849 842 3896 et
855 3858 930 3915 seqq.

169 3917 307 3972 bloannes
321 3913 435 3969 Boscius
450 3912 552 3967 lidrum
562 3911 758 3968 Miraculorum
768 3927 825 3967 uno
838 3919 931 3968 tenore

132 3988 178 4114 qut
193 4004 227 4043 ex
243 4001 308 4041 mss.
323 3982 405 4041 codd.
427 3981 550 4055 apparet)
567 3980 601 4037 ab
619 3980 774 4038 Adrevaldo
798 3983 931 4056 scripturn

154 4057 229 4114 ivisit
239 4056 268 4111 in
281 4072 312 4112 ca
333 4054 400 4110 itula
409 4053 454 4121 39,
470 4052 571 4125 quibus
585 4050 655 4108 duos
667 4052 788 4109 adelerii
800 4054 931 4112 articulos

132 4127 287 4201 subjunxit.
326 4143 345 4181 x
360 4123 456 4198 primis
470 4123 598 4251 capitulis
610 4139 720 4193 novem,
735 4140 796 4197 que
807 4136 931 4184 meraest

132 4200 259 4273 repetitio
279 4196 405 4254 exactis
428 4194 475 4252 SS.
527 4195 647 4251 euedicti
660 4203 687 4252 et
712 4197 800 4254 Mauri
815 4197 930 4271 aliisque

131 4270 290 4327 auctoribus
304 4268 404 4341 cuique
418 4267 509 4323 obviis
523 4266 647 4335 collecta,
670 4283 772 4340 paucos
794 4268 930 4325 duntaxat

131 4358 226 4399 versus
254 4340 452 4411 excerpsimus.
466 4338 498 4395 In
518 4337 606 4411 capite
622 4339 671 4407 sic,
688 4349 748 4410 post
776 4340 926 4412 superiora,

131 4430 216 4486 genus
230 4421 257 4469 et
281 4419 371 4468 ortum
386 4410 414 4466 S.
430 4408 573 4466 Benedicti
592 4409 723 4467 describit
746 4411 926 4469 adrevaldus.

138 4485 208 4540 ·llic
223 4499 320 4554 nempe
334 4482 451 4538 dilectus
466 4481 577 4537 Domini
592 4481 767 4551 Benedictus,
781 4490 849 4539 teste
863 4483 927 4540 exi-

130 4556 187 4611 mio
198 4557 313 4628 praesule
328 4553 469 4625 Gregorio,
483 4551 582 4608 Nursia
596 4561 718 4621 exortus,
739 4568 809 4625 quas,
828 4561 858 4609 ut
869 4554 926 4626 jain

129 4626 259 4697 praefatus
273 4640 345 4690 suin,
362 4624 510 4695 conjuncta
525 4624 641 4679 Valeria
656 4625 829 4696 Etruriaeque
843 4642 925 4681 unam

129 4696 214 4750 efficit
228 4695 409 4767 provinciam,
430 4710 487 4749 non
512 4696 601 4749 solum
619 4710 680 4750 eain
708 4711 758 4751 suo
778 4697 927 4753 illustravit

128 4773 238 4833 exortu,
256 4780 353 4819 verum
367 4781 476 4819 omnem
490 4766 610 4832 Italiain,
637 4764 716 4835 cujus
730 4765 848 4822 felicitas
870 4769 926 4824 alto

129 4838 246 4909 repetita
261 4835 396 4907 principio
412 4835 462 4891 hac
475 4836 508 4891 de
522 4852 603 4892 caiisa
620 4836 697 4891 iirevi
719 4836 850 4892 edisserta
873 4847 923 4908 est,

128 4909 262 4980 inclytam
273 4923 324 4962 suo
335 4921 447 4961 munere
462 4907 598 4978 prestitit.
617 4906 740 4979 Denique
754 4914 862 4979 quantae
885 4910 925 4966 di·

128 4979 241 5052 giiitatis
252 4977 409 5050 parentibus
420 4979 579 5050 progenitus
589 4977 682 5045 fuerit,
694 4984 830 5033 testantur
838 4981 924 5037 ruinae

146 5050 222 5106 alatii
237 5066 332 5106 eorum
348 5065 411 5106 curii
421 5049 537 5106 aedicula
552 5064 634 5120 prope
647 5050 747 5105 moenia
756 5049 861 5107 Nursiae
873 5069 926 5108 ur-

126 5067 168 5176 ais
182 5122 243 5177 sita.
260 5122 352 5178 Tantae
367 5119 468 5192 quippe
479 5119 677 5192 magnitudinis
694 5121 816 5193 perplexi
833 5125 923 5195 operis

126 5208 160 5248 eii
174 5192 362 5249 fundamentis
375 5189 531 5263 conjicitur,
550 5200 579 5247 ut
593 5192 722 5264 quaelibet
746 5193 846 5264 palatia
868 5211 923 5267 po-

126 5264 342 5346 tentissimorum
353 5264 525 5344 superaverit
533 5277 639 5334 regum,
650 5278 701 5320 uec
713 5263 831 5321 modicis
841 5273 922 5338 queat

126 5348 584 5488 repppprpprqpeappisieqfimonium
595 5414 727 5479 respuunt
735 5409 802 5466 socii
814 5410 921 5466 Bollan-

125 5471 212 5552 diam,
228 5477 428 5549 praeferuntque
443 5477 542 5533 Leonis
554 5478 698 5536 Marsicani
723 5480 865 5537 silentium
888 5481 922 5538 de

126 5543 246 5624 liberiori
258 5562 347 5614 genere
360 5548 387 5603 S.
404 5547 556 5616 Benedicti,
572 5550 616 5605 cui
631 5556 722 5605 tamen
746 5552 852 5622 generis
866 5569 922 5609 no-

123 5612 259 5670 bilitatem
272 5618 426 5673 concedunt
440 5620 597 5675 liberaliter.
619 5620 739 5675 Gratiam
754 5624 813 5678 sinc
836 5623 921 5682 dubio

123 5683 181 5740 illis
196 5681 306 5741 habebit
321 5686 502 5747 Benedictus:
518 5689 551 5746 de
565 5689 646 5761 cujus
659 5690 804 5750 nobilitate
825 5696 921 5754 satist

990 3232 1214 3290 concederentur.
1230 3232 1377 3307 Fugientes
1392 3243 1482 3294 autem
1495 3253 1531 3294 ex
1545 3239 1647 3297 eodem
1662 3241 1726 3300 locu
1739 3258 1785 3300 me

990 3324 1071 3382 naulii
1098 3325 1213 3382 Romam
1228 3335 1374 3397 venerunt,
1403 3328 1526 3387 codicem
1554 3341 1664 3392 sanctes
1696 3334 1784 3408 regule

990 3430 1071 3487 quam
1084 3415 1247 3488 sepedictus
1256 3417 1335 3473 Pater
1344 3430 1544 3493 composuerat,
1555 3431 1586 3480 et
1596 3424 1727 3497 quasdam
1740 3423 1785 3482 slis

989 3504 1047 3577 ejus
1067 3505 1187 3578 scripta;
1219 3520 1326 3564 necnon
1352 3507 1460 3580 pondus
1475 3510 1566 3582 panis,
1593 3522 1622 3571 et
1636 3530 1783 3573 mensurari

988 3593 1058 3661 vini,
1074 3609 1104 3650 ac
1117 3593 1252 3667 quidquid
1267 3611 1302 3651 ex
1317 3597 1482 3670 supellectili
1492 3599 1637 3673 surripere
1648 3610 1784 3677 potuerint

988 3680 1149 3738 deferentes.
1162 3682 1254 3740 Pbooa
1268 3683 1359 3758 itaque
1373 3695 1435 3758 post
1455 3695 1518 3744 octo
1541 3705 1687 3751 annorum
1708 3692 1782 3752 curii·

987 3778 1118 3849 Gregorio
1135 3779 1340 3851 blagnotestata
1359 3782 1445 3840 rixsri
1456 3800 1512 3841 nou
1521 3784 1616 3858 juvat.
1627 3790 1782 3867 Quanquam

987 3848 1040 3903 uiri
1050 3849 1200 3921 aequissimi
1211 3851 1323 3924 paululo
1333 3853 1463 3911 videntur
1481 3860 1653 3920 morosiores
1661 3862 1783 3922 adrem

986 3918 1183 3989 adrevaldum,
1198 3924 1246 3996 qui
1262 3923 1327 3982 lieet
1341 3925 1521 3985 innounullis
1531 3929 1629 4002 lapsus
1644 3935 1693 4003 sit,
1701 3941 1782 3993 anac-

985 4007 1029 4047 res
1044 4007 1109 4074 sane
1123 3995 1298 4077 quamplures
1307 3994 1342 4051 ab
1355 3995 1412 4053 illis
1425 3999 1556 4070 probatus
1565 4011 1594 4060 et
1610 4021 1715 4078 magna
1726 4022 1782 4065 curs

985 4079 1017 4119 ec
1026 4062 1160 4135 religione
1172 4064 1261 4122 editos
1274 4075 1384 4149 superat
1395 4069 1553 4128 eruditione
1570 4082 1600 4131 et
1609 4078 1779 4136 anctoritate.

984 4132 1077 4216 Neque
1091 4134 1125 4191 de
1139 4135 1220 4193 rebus
1234 4145 1336 4194 nostris
1350 4139 1523 4198 eruditorum
1537 4160 1693 4206 censuram
1705 4147 1778 4221 acin·

984 4204 1056 4261 dicia
1071 4221 1236 4276 recusamus,
1252 4208 1300 4264 sed
1315 4209 1484 4282 prejudicia.

1011 4277 1153 4357 ‘lncapite
1168 4278 1360 4359 inurendam
1380 4282 1536 4340 adrevaldo
1560 4289 1703 4362 quasdam,
1725 4307 1777 4367 gua

983 4345 1054 4428 Vitae
1064 4348 1091 4403 S.
1103 4349 1190 4430 Mauri
1200 4364 1235 4405 ex
1248 4351 1361 4408 Cassino
1371 4353 1400 4408 in
1412 4354 1529 4412 Galliam
1540 4360 1698 4430 profecturi
1716 4378 1776 4420 non·

983 4418 1054 4498 nihil
1081 4419 1150 4475 lucis
1178 4420 1314 4479 afferunt:
1342 4424 1485 4483 «Profecti
1506 4428 1636 4501 itaquae
1659 4434 1776 4491 coenobio

982 4489 1315 4563 CassiniEpiphaniorum
1328 4494 1436 4564 diebus,
1452 4498 1550 4570 quinta
1564 4500 1679 4562 Sabbati
1709 4503 1776 4562 naid

982 4560 1362 4691 proculinpraedioepusdem
1372 4548 1771 4649 cenobiieadeveniuu’tdieu

981 4647 1044 4712 cuin
1070 4635 1226 4705 invulgato
1262 4637 1351 4694 'austu
1376 4655 1416 4694 sic
1444 4640 1570 4713 legatur:
1594 4647 1707 4718 «Igitur
1730 4662 1776 4704 nos

980 4711 1077 4828 quinta
1088 4703 1305 4784 Epiplianiorum
1318 4707 1428 4765 Sabbati
1441 4711 1494 4767 itar
1507 4715 1686 4797 arripientes,
1701 4742 1711 4767 ι
1727 4728 1774 4776 etc.

1001 4772 1246 4856 ί111101111113111513,
1258 4794 1313 4859 quo
1325 4780 1352 4835 S.
1364 4780 1487 4838 Maurum
1500 4784 1617 4844 Cassino
1626 4788 1775 4848 disoessisst

980 4843 1121 4926 diximus,
1142 4846 1297 4927 Epipliaiua
1312 4850 1341 4907 in
1369 4852 1465 4908 feriam
1493 4857 1606 4914 tertiam
1624 4860 1773 4918 incidebat:

979 4913 1047 4970 adeo
1058 4923 1087 4995 ut
1100 4930 1121 4969 si
1139 4932 1213 4988 prior
1226 4923 1363 4992 expositio
1378 4924 1547 4995 praeferenda
1559 4929 1774 5002 ildericellus·

980 5001 1026 5067 rus
1038 4994 1135 5073 quinta
1148 4986 1328 5048 hebdomadae
1343 4993 1421 5063 feria,
1431 4996 1657 5069 Epiphaniorum
1669 5002 1715 5061 die
1728 5011 1773 5059 ter·

979 5064 1027 5119 tia,
1046 5063 1191 5114 Cassinum
1209 5077 1333 5133 egressus
1360 5067 1406 5121 sit.
1435 5066 1611 5128 adrevaldus
1636 5082 1772 5148 postquam

977 5127 1004 5184 S.
1016 5129 1156 5210 Benedicti
1167 5133 1314 5189 transitum
1324 5135 1356 5191 B.
1366 5137 1460 5194 Mauro
1468 5139 1498 5195 iii
1509 5138 1600 5198 Gallia
1608 5153 1773 5228 perspectum

977 5207 1125 5269 enarravit,
1155 5210 1212 5273 agit
1226 5203 1259 5259 de
1274 5205 1429 5264 Cassinensi
1455 5211 1600 5269 eversione
1623 5226 1713 5289 eapite
1732 5215 1773 5282 ll,

977 5286 1031 5352 quo
1045 5286 1080 5326 er
1096 5273 1155 5354 loco
1169 5290 1238 5355 opus
1251 5277 1370 5334 auctoris
1385 5279 1535 5352 integrum,
1551 5289 1688 5358 appositis
1708 5287 1772 5345 Bus-

976 5357 1062 5398 cianae
1074 5343 1205 5425 editionis
1218 5347 1401 5420 capitulorum
1416 5351 1491 5409 notis
1505 5369 1740 5428 representamus.

1012 5413 1110 5496 ⁰'Cave
1124 5415 1153 5472 id
1167 5417 1304 5490 intelligas
1326 5420 1360 5476 de
1375 5423 1463 5495 prima
1481 5424 1726 5500 Langobardorum
1745 5428 1772 5486 iu

976 5485 1083 5541 ltaliam
1097 5488 1286 5560 impressione,
1302 5506 1362 5565 quae
1374 5492 1494 5552 alboino
1506 5495 1587 5568 duce,
1603 5498 1715 5560 lustino
1727 5500 1772 5559 im·

976 5562 1100 5636 peratore
1110 5557 1180 5615 facta
1189 5566 1240 5617 est.
1257 5562 1360 5619 Detein
1399 5581 1428 5621 re
1437 5567 1591 5627 eversionis
1608 5570 1772 5631 mucuns

976 5640 1083 5701 egimus
1096 5627 1131 5685 ad
1145 5645 1204 5704 cap.
1222 5631 1255 5688 17
1270 5632 1341 5691 Vitae
1376 5676 1383 5692 .
1402 5635 1435 5696 P.
1457 5636 1611 5699 Benedicti.
