3834 6136
148 225 199 285 att
1757 210 1811 273 892

148 375 235 449 legem
262 370 411 429 iustiniani
435 369 621 443 imperatoris,
646 368 746 442 quiin
772 367 844 424 libro
869 368 947 427 Con·
963 373 988 432 Α
1003 362 1616 439 utetChristianiprincipesproeternavita
1625 361 1811 435 pontificibus

147 462 323 520 stitutionem
352 459 486 528 decrevit,
514 466 546 514 ut
582 458 606 514 si
642 454 704 531 qdis
728 456 873 530 episeopus
901 473 948 514 ex·
991 456 1171 530 indigerent,
1185 466 1212 515 et
1228 455 1374 529 pontifices
1388 471 1437 529 pro
1450 452 1647 526 temporalium
1661 467 1749 510 cursu
1763 468 1810 511 re-

149 552 260 627 plosus,
290 566 372 606 ausus
406 547 491 605 fuerit
516 546 621 620 ingredi
651 546 810 615 civitatem,
835 547 869 603 de
895 562 950 619 qua
1002 565 1064 604 rum
1079 545 1509 621 imperialibusdispositionibus
1518 552 1667 601 uterentur
1684 562 1692 601 ε
1709 552 1808 618 quata-

147 641 273 714 repulsus
298 648 349 706 est,
376 639 420 694 rel
448 637 524 694 exire
561 636 595 693 de
624 637 684 692 loco
713 636 741 691 in
769 652 825 708 quo
850 636 949 707 degere
1003 653 1057 693 nus
1071 634 1497 716 spiritualisactioacarnalibus
1510 634 1628 691 distaret
1638 632 1807 705 incursibus,

144 730 238 804 jussus
263 739 323 799 est,
349 728 479 800 jubemus
504 745 565 784 eum
590 728 620 782 in
643 725 809 782 monasterio
835 725 863 780 in
894 726 948 781 alia
1002 733 1031 781 et
1047 724 1110 781 ideo
1125 726 1252 783 militans
1264 727 1321 782 lleo
1334 722 1614 794 minimesenegotiis
1628 721 1807 781 saecularibus

147 821 292 896 provincia
316 820 466 877 constituto
492 817 573 886 tradi,
594 824 625 873 ut
651 833 713 891 qum
739 816 768 871 in
795 814 948 873 sacerdotio
1002 816 1156 889 implicaret
1172 817 1216 888 (11
1238 817 1305 874 Tine
1326 816 1369 887 rr),
1392 831 1425 873 ac
1447 813 1571 872 vicissim
1591 827 1651 868 non
1667 811 1806 871 illarebm

147 910 280 983 peccavit,
299 908 399 980 degens
413 909 442 964 in
456 905 623 963 monasterio
637 905 765 978 corrigat.
783 930 792 953 ·
816 904 888 972 Quas
905 905 947 961 le·
1002 906 1105 966 divinis
1119 907 1264 981 presidere
1279 906 1430 974 rideretur,
1446 905 1492 977 qui
1502 910 1573 960 esset
1586 900 1711 974 negotiis
1721 917 1805 959 saecu·

147 1017 192 1076 ges
215 1000 249 1056 ab
273 998 485 1072 imperatoribus
508 1006 535 1054 et
556 995 676 1068 regibus,
693 995 795 1052 nostris
817 995 948 1052 videlicet
1003 997 1105 1055 laribus
1125 999 1295 1071 implicatus,
1310 1005 1378 1053 utet
1393 994 1527 1052 modestia
1542 992 1694 1066 utriusque
1706 990 1805 1049 ordin‘s

147 1087 405 1163 praedecessoribus,
426 1086 613 1158 promulgatas
636 1093 717 1156 atque
740 1081 871 1154 decretas,
897 1100 947 1140 nos
1001 1095 1154 1155 curaretur,
1165 1104 1200 1145 ne
1209 1087 1392 1143 extolleretur
1404 1093 1520 1158 utroque
1532 1081 1680 1150 suffultus,
1695 1086 1724 1136 et
1736 1096 1805 1139 com·

146 1179 313 1235 immutilate
333 1185 361 1233 et
376 1174 600 1248 irrefragabiliter
614 1174 745 1231 convenit
773 1190 946 1245 conservare,
1002 1183 1096 1249 petens
1120 1176 1299 1249 qualitatibus
1320 1175 1461 1233 actionum
1489 1170 1650 1245 specialiter
1676 1168 1805 1242 proterio

147 1267 219 1325 sicut
228 1267 388 1340 apostolieae
401 1266 473 1323 sedis
487 1264 624 1321 antistites
639 1264 673 1320 ad
687 1265 815 1322 dominos
829 1271 856 1321 el
869 1273 947 1322 terrae
1002 1273 1150 1339 aptaretur.
1167 1266 1259 1322 Omnis
1268 1265 1400 1337 pontifex,
1417 1263 1510 1336 inquit
1529 1260 1696 1334 Apostolus,
1710 1276 1742 1315 ec
1764 1260 1804 1316 bo·

146 1357 287 1432 principes
312 1358 492 1430 scripserunt.
519 1356 567 1411 Ait
590 1354 663 1411 enim
688 1354 743 1410 Leo
770 1353 804 1410 ad
829 1352 946 1411 Leonem
1004 1355 1116 1411 minibus
1130 1362 1289 1427 ussamptas,
1303 1372 1355 1428 pro
1376 1353 1524 1410 bominibus
1537 1349 1713 1408 constituitur
1728 1348 1805 1405 istis

147 1448 302 1521 Augustum
318 1448 405 1519 (epist.
416 1446 463 1518 92)
482 1463 489 1502 :
512 1443 948 1516 ‹Debes,inquiens,ineunetm-
1001 1462 1060 1516 qaam
1080 1445 1193 1501 suntad
1216 1446 1311 1511 Deum,
1327 1452 1356 1500 ot
1374 1445 1470 1515 offerat
1485 1442 1558 1498 dono
1571 1447 1597 1496 et
1610 1438 1746 1512 sacrificio
1754 1454 1803 1511 pro

146 1544 189 1593 ter
216 1536 360 1594 advertere
390 1536 493 1608 regiam
517 1542 679 1606 potestatem
699 1533 761 1602 tibi,
777 1549 834 1589 non
856 1533 946 1590 solum
999 1535 1111 1607 peccatis
1128 1536 1269 1607 (Hebr.v)
1285 1553 1291 1591 :
1307 1533 1437 1590 videlieet
1452 1547 1508 1588 non
1522 1532 1617 1588 solum
1626 1544 1680 1602 pro
1696 1528 1803 1602 populo,

145 1624 179 1681 ad
197 1625 294 1683 mundi
309 1625 441 1697 regimen,
458 1624 505 1680 sed
520 1624 640 1681 maxime
653 1622 687 1679 ad
702 1622 832 1679 Ecclesiae
851 1622 947 1694 prasi·
1002 1626 1048 1682 sed
1059 1625 1123 1699 quia
1133 1625 1228 1698 etipse
1237 1622 1425 1682 circumdatus
1436 1630 1474 1679 est
1486 1620 1665 1689 infirmitate,
1677 1634 1726 1693 pro
1739 1618 1803 1675 suia.

145 1713 224 1770 dium
237 1730 295 1770 esse
313 1714 584 1782 collatam,utausus
599 1712 717 1768 nelarios
728 1710 946 1783 comprimendo,
963 1729 985 1789 g
1000 1715 1036 1771 Et
1050 1715 1121 1787 regis
1142 1722 1193 1784 est,
1209 1713 1285 1787 regui
1309 1713 1419 1786 negotia
1433 1711 1605 1785 dispensare,
1619 1709 1698 1768 sicut
1711 1708 1801 1766 incol-

659 217 788 277 CAROLI
808 217 915 276 cnevt
936 215 1155 305 subnectebat
1175 213 1279 274 REGIS

145 1811 174 1859 et
188 1820 248 1877 quae
263 1802 333 1859 hene
347 1810 412 1859 sunt
426 1809 528 1858 statuta
546 1800 686 1870 defendas,
703 1808 730 1857 et
744 1817 836 1856 reram
851 1816 943 1872 paoem

144 1890 188 1947 his
206 1907 266 1964 qum
281 1899 345 1948 sunt
367 1891 477 1947 turbata
499 1890 637 1947 restituas.
661 1915 671 1937 »
700 1890 736 1944 Et
759 1889 884 1945 Gelasius
910 1888 944 1945 ad

144 1978 321 2035 Anastasium
331 1980 418 2048 (epist.
432 1979 475 2044 10,
491 1979 519 2033 iu
533 1979 615 2050 fini:
633 2002 642 2025 ι
657 1977 778 2046 Etenim,
795 1977 945 2050 imperator

144 2068 278 2140 Auguste,
290 2069 313 2124 si
329 2075 426 2123 eontra
437 2068 508 2140 leges
521 2066 647 2139 publicas
656 2065 849 2140 aliquid,quod
861 2067 942 2138 absit,

143 2156 281 2229 quispiam
296 2157 410 2212 tortasse
424 2164 553 2224 tentaret,
567 2155 643 2214 nulla
673 2155 702 2211 id
714 2155 821 2211 ratione
835 2156 945 2229 potuis-

143 2247 313 2304 setadmitti.
329 2272 338 2295 ·
360 2248 433 2315 Quas
443 2247 608 2319 etiamleges
621 2247 767 2320 principali
781 2249 945 2305 auctoritate

144 2337 341 2411 promulgatas,
357 2352 414 2392 non
427 2338 516 2393 solum
542 2352 557 2392 a
571 2336 780 2410 quibuscunque
797 2337 944 2409 episeopis,

143 2425 190 2484 sed
214 2426 297 2481 etiarn
321 2424 356 2482 ab
384 2426 452 2498 ipsis
474 2425 634 2497 apostolica
658 2426 730 2482 sedis
755 2425 943 2497 pontificibus,

142 2514 230 2588 ipsius
244 2515 340 2588 primas
355 2514 427 2570 sedis
453 2515 591 2572 antistites
605 2514 745 2571 observari
760 2515 858 2572 debere
872 2516 946 2573 seri-

143 2609 269 2676 pserunt,
292 2604 364 2658 sicut
386 2602 482 2660 beatus
504 2604 559 2660 Leo
580 2603 615 2660 ad
642 2606 761 2662 Leonem
789 2606 944 2679 Augustum

143 2691 266 2748 scribens
293 2690 472 2758 demonstrat,
500 2692 596 2749 dicens
625 2692 722 2764 (epist.
748 2693 805 2768 80)
833 2711 890 2750 non
917 2711 945 2752 se

143 2780 272 2852 refragari
297 2780 396 2836 dehere
419 2781 509 2838 edicta
531 2781 696 2853 imperialia,
712 2785 755 2839 uel
780 2800 812 2841 ea
826 2800 887 2857 quae
901 2785 944 2841 sui

142 2867 297 2925 decessores
310 2869 462 2926 secundnm
478 2871 619 2926 tramitem
632 2872 837 2943 Scripturarum
847 2873 945 2946 praedi·

142 2958 334 3031 cationemque
342 2957 476 3030 majorum
488 2967 651 3017 statuerant.
669 2961 718 3017 «Si
729 2964 942 3037 quae,inquiens,

141 3048 277 3118 destruxi,
293 3064 343 3120 ego
354 3047 470 3118 aedifica,
480 3050 718 3122 praevaricatorem
734 3068 778 3108 me
792 3054 942 3123 constituo,

140 3137 219 3195 eleis
235 3153 277 3194 me
300 3137 438 3195 ultionum
463 3138 671 3196 conditionibus
689 3140 787 3209 subdo,
805 3157 872 3214 quas
887 3159 942 3199 uon

139 3227 229 3284 solum
244 3227 395 3311 auctoritas
410 3228 495 3285 beatae
506 3229 646 3285 memoria
657 3230 791 3304 principis
802 3230 940 3300 Martiam,

137 3315 279 3374 sedetiam
290 3333 340 3389 ego
356 3334 415 3373 mea
428 3318 610 3376 consensione
620 3318 740 3376 firmavi.
757 3321 817 3376 ·nt
832 3329 943 3378 sanctus

137 3404 263 3461 Gelasius
277 3403 311 3461 ad
335 3407 512 3463 Anastasium
528 3407 722 3480 imperatorem
745 3407 833 3481 (epist.
853 3407 895 3478 ro,
913 3409 942 3463 in

134 3496 260 3569 princi:
284 3496 339 3552 «Si
358 3497 460 3568 inquit,
478 3505 611 3568 quantum
624 3497 658 3554 ad
674 3497 800 3554 ordinem
823 3498 941 3571 publica

139 3585 261 3656 pertinet
276 3583 440 3655 discipline,
455 3594 651 3655 cognoscentes
666 3587 813 3658 imperium
832 3587 883 3644 tihi
895 3604 941 3643 su·

137 3688 222 3744 perna
233 3669 415 3742 dispositione
427 3672 570 3741 collatum,
581 3672 687 3744 legibus
698 3674 753 3730 tuis
765 3673 817 3746 ipsi
832 3692 942 3749 quoque

136 3765 234 3832 parent
246 3758 389 3829 religionis
399 3758 547 3829 antistites,
557 3777 592 3817 ne
602 3762 644 3817 rel
655 3762 685 3816 in
701 3761 781 3817 rebus
791 3763 940 3821 mundanis

135 3848 257 3905 exclusae
270 3846 418 3905 videantur
435 3849 548 3906 obviare
562 3850 717 3917 sententiae,
734 3867 800 3924 quo,
815 3869 892 3926 rogo,
913 3863 940 3912 te

135 3938 236 3996 ellectu
250 3940 290 3996 eis
312 3938 443 3995 convenit
458 3939 580 4009 obedire,
597 3941 644 4012 qui
659 3958 708 4014 pro
725 3943 871 4015 erogandis
885 3962 940 4002 re-

133 4027 307 4084 nerabilibus
317 4036 382 4084 sunt
395 4028 523 4085 attributi
539 4031 701 4102 mysteriis?
715 4057 724 4080 ι
742 4032 819 4100 Quod
832 4043 859 4091 et
875 4051 936 4103 nos,

132 4119 214 4193 juxta
224 4119 429 4177 hortamentum
439 4120 512 4177 beati
523 4120 637 4192 Gelasii,
649 4122 842 4181 incunctanter
855 4135 937 4198 atque

133 4211 254 4269 libenter
267 4213 380 4286 exsequi
400 4212 537 4286 cupimus,
554 4214 584 4270 in
598 4212 643 4271 bis
657 4231 717 4288 quae
732 4214 767 4271 ad
781 4232 861 4273 suum
880 4216 937 4272 mi-

131 4301 280 4359 nisterium
296 4303 446 4376 pertinent,
460 4303 568 4361 cunctis
578 4305 742 4376 generaliter
748 4304 937 4362 sacerdotibus

130 4398 206 4449 recte
230 4391 326 4448 divina
350 4392 543 4462 tractantibus,
560 4400 587 4450 et
608 4393 751 4466 potissime
771 4391 844 4450 sedis
858 4393 935 4451 illins

129 4481 255 4551 presuli,
267 4497 349 4555 quem
361 4482 470 4539 cunctis
482 4481 670 4539 sacerdotibus
681 4482 814 4540 divinitas
828 4498 935 4539 summa

130 4569 222 4626 voluit
236 4571 424 4643 praeeminere,
440 4579 467 4627 et
489 4572 658 4645 subsequens
679 4572 810 4630 Ecclesiae
831 4570 935 4644 jugiter

128 4661 217 4731 pietas
231 4659 384 4717 celebravit
400 4679 406 4716 :
437 4662 510 4717 sicut
524 4663 611 4718 nostri
626 4662 782 4719 decessores
795 4678 828 4719 ac
843 4677 936 4734 proge.

128 4749 233 4805 nitores
260 4748 410 4804 orthodoxi
433 4751 611 4821 imperatores
632 4760 661 4806 et
675 4766 749 4822 reges
763 4758 888 4822 egerunt,
904 4760 936 4808 ut

127 4848 154 4898 et
164 4838 323 4913 apostolice
338 4839 410 4895 sedis
422 4840 561 4910 pontifex,
572 4849 599 4896 et
609 4841 708 4912 reliqui
720 4841 831 4897 Domini
845 4857 933 4898 sacer-

125 4930 214 4998 dotes,
231 4927 312 4985 uohis
328 4944 388 5001 quae
402 4945 418 4984 a
432 4929 490 4984 Deo
512 4938 577 4986 sunt
592 4930 753 4998 constituta,
770 4928 932 4987 exhibeant.

123 5018 257 5089 Scieutes,
272 5018 345 5076 sicut
369 5017 442 5075 idem
466 5017 562 5074 heatus
587 5017 711 5073 Gelasius
731 5016 800 5074 dicit
814 5017 855 5088 (ia
870 5023 932 5072 tora.

1001 1813 1063 1861 cant
1079 1804 1326 1861 litteruedivinitns
1344 1803 1493 1875 inspirata.
1513 1801 1585 1869 Quia
1608 1816 1676 1873 ergo
1695 1807 1801 1857 uncta-

1001 1912 1062 1952 rum
1073 1896 1275 1968 Scripturarum
1287 1897 1406 1963 tramite,
1418 1903 1445 1952 et
1456 1891 1658 1967 praedicatione
1671 1889 1801 1964 maiorum

1001 1984 1267 2053 ostenditur,sancto
1276 1983 1357 2041 ctiam
1369 1991 1517 2040 attestante
1526 1982 1641 2040 Gelasio
1656 1980 1800 2055 (epistltl),

1000 2073 1065 2148 quia
1095 2100 1105 2123 ι
1125 2074 1180 2130 duo
1195 2081 1270 2142 sunt,
1283 2073 1384 2146 quihus
1406 2072 1596 2146 principaliter
1625 2070 1748 2127 mundus
1760 2069 1801 2126 hie

1001 2164 1105 2236 regitur
1128 2163 1277 2220 auctoritas
1298 2177 1374 2219 sacra
1396 2161 1571 2234 pontificum,
1584 2167 1614 2217 et
1640 2160 1801 2233 regalispo-

1001 2261 1112 2310 testas.»
1127 2253 1218 2326 Etper
1227 2254 1325 2324 Regem
1337 2267 1480 2324 regum,ac
1490 2266 1633 2308 summum
1648 2249 1801 2324 pontificem

1000 2353 1161 2401 cunctorum
1169 2341 1393 2415 pontificum,qui
1408 2342 1483 2398 solus
1497 2357 1548 2397 rex
1562 2349 1589 2398 et
1604 2339 1734 2398 sacerdos
1747 2340 1800 2397 lieri

1001 2433 1101 2505 potuit,
1118 2434 1264 2489 conditores
1284 2434 1368 2504 legam
1376 2431 1452 2502 josto
1466 2432 1611 2488 dmeauuat
1628 2430 1799 2503 (Proui-rub

1001 2538 1067 2593 quas
1082 2522 1153 2594 leges
1168 2520 1334 2595 principales
1342 2527 1488 2594 potestates
1501 2521 1719 2594 appellaverunt
1731 2527 1801 2577 eter-

1001 2630 1060 2682 nas,
1084 2621 1112 2670 et
1136 2613 1205 2670 sacri
1230 2626 1348 2669 canones
1372 2609 1478 2683 Spiritu
1499 2609 1551 2667 Dei
1564 2619 1634 2667 sunt
1650 2608 1800 2679 conditi,et

1001 2704 1086 2761 totius
1098 2703 1196 2760 mnndi
1210 2700 1364 2759 reverentia
1374 2699 1539 2769 consecrati,
1549 2707 1576 2757 et
1589 2700 1729 2759 utheatns
1743 2703 1800 2757 hm-

1000 2794 1109 2851 brosius
1128 2793 1162 2849 ad
1175 2790 1403 2848 Valentinianum
1418 2789 1488 2847 dicit
1504 2807 1510 2845 :
1536 2789 1645 2863 uhoges
1658 2790 1799 2865 imperator

1000 2882 1063 2950 fert,
1079 2899 1146 2957 quas
1160 2881 1267 2954 primus
1282 2881 1338 2952 ipse
1354 2878 1501 2948 custodiat,
1513 2879 1580 2953 quia
1595 2879 1673 2953 quod
1686 2879 1798 2953 practi-

1000 2972 1055 3044 psit
1068 2970 1140 3039 aliis,
1151 2970 1319 3044 praescripsit
1328 2969 1392 3038 sibi,
1405 2985 1440 3024 ne
1450 2968 1494 3025 cui
1506 2976 1582 3025 esset
1599 2967 1797 3025 liberumaliud

959 3091 981 3153 G
997 3060 1156 3133 judicare.»
1174 3061 1211 3116 Εῑ
1222 3060 1318 3116 beatus
1331 3058 1503 3132 Augustinus
1516 3057 1589 3115 dicit
1605 3076 1611 3115 :
1631 3059 1796 3133 ‹Quispoee

997 3171 1079 3229 qnam
1098 3155 1170 3226 leges
1184 3153 1345 3225 subscriptae
1361 3152 1466 3208 tuerint
1480 3158 1508 3208 et
1521 3151 1652 3221 sarmatae,
1668 3168 1726 3209 nou
1740 3153 1797 3210 lieet

994 3243 1081 3317 judici
1099 3243 1132 3299 de
1157 3242 1223 3315 ipsis
1244 3242 1379 3314 judicare,
1396 3241 1443 3298 sed
1458 3240 1614 3300 seeundum
1636 3243 1721 3317 ipsas.
1735 3242 1796 3313 Quia

997 3335 1148 3392 secundum
1178 3333 1337 3407 pontificale
1361 3331 1548 3389 ministerium
1570 3343 1712 3404 restrum,
1729 3333 1795 3409 regio

997 3425 1152 3483 ministerio
1173 3432 1267 3481 nostro
1291 3423 1397 3479 monita
1421 3430 1519 3479 restrae
1542 3423 1723 3496 paternitatis
1734 3424 1795 3482 obe-

996 3519 1103 3578 clienter
1117 3536 1149 3576 ae
1176 3520 1294 3577 libenter
1308 3517 1435 3589 cupimus
1449 3516 1594 3587 obaudire,
1612 3517 1743 3592 patimini
1753 3532 1794 3574 nos

995 3623 1025 3663 ea
1038 3625 1147 3664 serrare
1175 3625 1235 3683 quae
1253 3607 1466 3679 predecessores
1490 3606 1578 3663 vestri
1600 3624 1635 3665 ac
1662 3606 1748 3665 nostri
1765 3604 1793 3663 de

995 3697 1154 3769 hujusmodi
1169 3697 1242 3753 unde
1252 3697 1343 3769 agitur
1356 3694 1572 3760 constituerunt,
1590 3701 1620 3751 et
1640 3693 1792 3753 roboranter

994 3784 1130 3844 servando
1144 3802 1204 3859 quae
1216 3792 1289 3857 gesta
1304 3792 1379 3853 sunt,
1390 3790 1450 3840 rata
1466 3783 1619 3842 doceamus
1631 3801 1695 3843 esse
1707 3783 1791 3842 debere

994 3892 1053 3950 quae
1077 3873 1208 3947 gerimus.
1233 3873 1301 3930 Nam
1326 3872 1464 3946 quomodo
1479 3873 1551 3945 leges
1574 3872 1791 3947 principnurite

992 3962 1322 4031 troeahunturmternaesi
1338 3961 1549 4019 transeuntibus
1564 3961 1791 4037 principibusust

992 4073 1054 4113 cum
1070 4057 1110 4113 eis
1126 4055 1290 4113 constitutio
1301 4053 1369 4124 legis
1379 4051 1534 4110 transibit?
1548 4053 1587 4109 Et
1598 4054 1790 4127 perpassum·

992 4145 1060 4202 chus
1074 4146 1108 4202 ad
1125 4146 1257 4201 AEonium
1270 4142 1358 4216 (epist.
1377 4141 1416 4215 l),
1440 4143 1547 4210 «Dum,
1566 4141 1677 4216 inquit,
1690 4140 1790 4201 adhi-

991 4238 1086 4295 nitatis
1105 4238 1202 4306 instar,
1218 4235 1298 4308 cujus
1312 4251 1366 4292 una
1388 4242 1429 4292 est
1450 4242 1533 4308 atque
1548 4233 1704 4294 individua
1721 4242 1790 4311 poe·

990 4335 1055 4396 stas,
1073 4343 1161 4383 unum
1175 4325 1212 4382 sit
1231 4341 1279 4398 per
1300 4325 1426 4383 diversos
1440 4323 1583 4381 antistites
1604 4324 1789 4388 sacerdotium

990 4415 1131 4488 quomodo
1155 4415 1279 4488 priorum
1308 4422 1411 4472 statuta
1433 4430 1449 4471 a
1474 4414 1663 4488 sequentibus
1671 4411 1790 4475 coercuit

991 4505 1094 4560 violari
1105 4506 1119 4561 ‘l
1130 4505 1190 4561 lluc
1204 4504 1322 4573 aceedit,
1334 4504 1441 4576 quodsi
1454 4503 1513 4560 haec
1526 4505 1642 4562 eveniat
1655 4502 1790 4563 amende

992 4611 1053 4650 rum
1078 4595 1207 4661 varietas,
1232 4592 1266 4649 ad
1296 4593 1382 4666 ipsam
1406 4601 1613 4650 sacrosanctam
1639 4592 1789 4667 religionem

989 4685 1131 4743 credimus
1141 4683 1477 4758 pertinere,cujusomnis
1487 4693 1611 4758 potestas
1625 4686 1789 4760 infringitur,

989 4775 1044 4832 nisi
1058 4775 1190 4831 universa
1206 4791 1267 4847 quae
1281 4791 1297 4829 a
1310 4773 1423 4831 Domini
1436 4774 1629 4833 sacerdotibus
1640 4776 1724 4833 semel
1735 4782 1789 4831 sta-

988 4873 1107 4922 luuntur
1115 4872 1247 4937 perpetua
1260 4864 1326 4919 sint.
1335 4862 1416 4931 Quod
1429 4863 1500 4920 alias
1514 4865 1680 4938 contingere
1686 4862 1787 4938 poerit

989 4954 1012 5009 si
1028 4967 1170 5008 successor
1180 4950 1331 5009 decessoris
1345 4952 1453 5008 actibus
1465 4968 1522 5008 non
1539 4952 1673 5011 tribuerit
1684 4952 1788 5011 tirmite-

991 5051 1058 5110 tem,
1072 5048 1099 5097 et
1120 5039 1277 5097 roborando
1293 5056 1353 5112 quae
1377 5050 1450 5112 gesta
1470 5049 1547 5109 sunt,
1564 5042 1651 5101 iaciat
1666 5050 1725 5100 rate
1737 5055 1787 5099 msc

124 5109 228 5178 “mma
243 5108 291 5163 ⁸¹⁴⁶
305 5108 379 5180 finde
405 5106 534 5180 ‘immam
554 5105 689 5175 christu&
708 5122 813 5162 mem&
827 5105 932 5179 mim·
990 5148 1049 5205 quaa
1067 5130 1190 5204 gesserit.
1207 5130 1317 5197 Quanta
1328 5129 1402 5185 enim
1419 5129 1532 5187 vicariis
1545 5129 1620 5188 beati
1634 5132 1709 5189 Petri
1725 5144 1787 5204 spo·

124 5196 190 5252 tatis
204 5196 343 5267 humana,
359 5196 432 5273 quod
448 5212 561 5253 suorum
576 5194 658 5253 saluti
678 5202 852 5268 congrueret,
868 5196 932 5252 dis.
987 5220 1051 5277 ,top
1062 5219 1301 5292 judicabimresse
1312 5218 1476 5287 reverentia,
1488 5219 1511 5276 ,i
1525 5236 1587 5294 φη
1601 5220 1634 5278 in
1643 5219 1786 5281 mg,

125 5286 284 5357 pensatione
321 5286 467 5359 magnilica
497 5294 677 5359 temperans,
704 5287 745 5345 sic
775 5284 933 5344 actionihus
986 5310 1162 5382 praecipiunt,
1183 5308 1288 5365 eisdem
1313 5307 1522 5365 transeuntibus
1542 5308 1780 5369 dissolvsutart·

124 5381 246 5453 proprlis
269 5383 509 5457 dignitatibusque
527 5383 669 5442 distinctis
682 5384 773 5441 cilicia
787 5382 933 5458 potestatis
986 5399 1128 5467 Universa,
1144 5397 1246 5471 inquit,
1262 5404 1394 5470 perpetua
1408 5397 1474 5467 sim,
1492 5414 1585 5472 qum
1604 5397 1721 5459 Domini
1742 5411 1785 5455 μ.

124 5467 268 5540 utriusque
284 5471 429 5544 discrerit,
446 5490 510 5531 suos
527 5474 625 5532 volens
638 5471 797 5533 medicinali
811 5469 932 5529 humili·
985 5487 1145 5547 motibus
1159 5492 1329 5554 pugnamus,
1345 5486 1404 5558 quq,
1418 5493 1449 5543 ug
1472 5487 1592 5561 noym,
1612 5502 1647 5545 ο,
1658 5504 1720 5562 qu„
1731 5492 1786 5544 gp.

123 5566 178 5632 1³²⁰
195 5557 306 5628 saltari»
323 5576 379 5617 ¹¹⁰ss
404 5563 526 5620 human&
537 5564 665 5639 superbia
679 5579 775 5623 ΝΜ·
787 5559 931 5641 inmitia
984 5584 1069 5641 luunt
1081 5576 1117 5635 ab
1128 5576 1240 5637 oraculo
1250 5573 1348 5632 diuino
1358 5573 1514 5649 suscipiunt
1528 5592 1535 5633 :
1551 5590 1609 5633 non
1623 5592 1686 5651 qua
1703 5570 1786 5633 abab

851 5698 955 5743 aaa.
