3834 6136
169 241 207 302 it
827 235 978 295 usuiuui
994 234 1156 295 usumin
1205 224 1207 228 ’
1786 235 1819 291 ie

898 376 1091 437 AUC'FARIA.

204 501 360 559 Potamia.
375 493 521 552 Athanasii
535 494 657 569 elogium
667 502 815 564 mutetum,
833 502 861 551 et
875 495 966 551 muti·
980 499 1006 558 A
1058 496 1227 552 Fronrurm.
1241 512 1246 549 :
1265 493 1381 550 ‹Natale
1393 493 1480 550 sancti
1491 495 1627 551 Antonini
1640 496 1816 564 contessoris,

169 573 229 630 lnin
242 566 345 636 exibet,
361 574 388 623 et
402 582 452 640 pro
465 567 591 638 Neapolis
604 566 701 624 scribit
716 567 850 639 Neapolis.

202 640 353 699 amasii.
367 638 396 694 in
411 644 491 695 textu
504 654 599 710 purus,
616 637 710 695 subdit
735 639 765 694 in
779 638 834 695 line
851 657 856 696 :
879 660 889 686 ι
905 639 968 711 Ipso

168 711 214 769 die
239 708 331 783 passio
344 708 432 765 sancti
447 709 564 766 sicharii
581 711 720 783 martyris.
736 735 745 757 ·

205 751 381 839 dunensem:
405 780 607 850 «Alexandriae,
627 781 843 838 sauctiPatriset
871 781 968 837 asturis

169 851 272 926 egregii
300 850 447 907 Athanasii
474 852 606 925 episcopi,
623 853 767 910 tortissimi
792 797 966 910 conFissoris.

168 923 274 979 Eodem
288 922 509 992 die,sanctorum
525 923 669 980 Saturnini
685 934 712 981 et
721 925 859 996 Neapolis,
875 924 923 996 qui
939 923 967 978 iii

169 1008 279 1052 carcere
304 995 481 1067 quieverunt.
499 996 529 1051 lii
545 995 685 1053 territorio
713 996 852 1064 Remeusi,
868 1004 968 1052 sauctae

169 1065 267 1124 Musae
282 1065 410 1138 virginis,
436 1083 499 1122 cum
515 1066 577 1123 aliis
600 1068 756 1140 virginibus
769 1067 863 1125 sacris.
880 1093 889 1116 ι
912 1068 969 1122 lle-

169 1145 224 1206 cte,
236 1137 266 1192 ni
280 1137 372 1207 lallor,
389 1147 555 1194 censuerunt
570 1139 688 1211 majores
709 1139 797 1195 nostri
814 1155 870 1195 uon
886 1137 968 1194 aliam

170 1206 217 1265 bic
231 1207 349 1265 indicari
376 1224 457 1281 quam
471 1211 606 1266 celebrem
621 1213 741 1270 Moeram
754 1228 765 1276 ;
779 1210 826 1266 sed
852 1225 887 1265 an
911 1209 969 1265 liaac

170 1279 392 1362 sociashabuerit
402 1280 639 1409 uirginesaliquas,
648 1282 713 1364 vide
724 1282 843 1340 indicem
855 1281 968 1337 Praeter·

171 1366 332 1420 missorum,
343 1360 370 1407 et
384 1368 512 1424 superius
527 1371 556 1409 vi
585 1370 703 1410 anuarri.

205 1421 387 1480 Buuxriiim.
407 1423 505 1480 scribit
519 1424 571 1481 boc
600 1425 706 1481 modo:
738 1424 856 1479 «Sancti
880 1421 969 1478 Patris

170 1492 328 1563 Athanasii,
357 1493 552 1550 Alexandrinae
579 1494 656 1550 urbis
684 1495 815 1566 episcopi.
842 1496 871 1550 ln
891 1492 970 1562 cujus

171 1565 390 1638 persecutionem
406 1563 585 1620 Constantius
613 1563 773 1636 imperator,
798 1564 874 1620 lilius
900 1565 970 1620 Con·

171 1635 287 1693 stantiui
309 1633 413 1704 magni,
437 1632 532 1690 haeresi
554 1635 658 1691 Ariana
678 1635 816 1701 seductus,
835 1650 898 1691 cum
913 1649 969 1688 om·

170 1705 254 1764 nibus
264 1705 322 1761 suis
336 1703 491 1760 leuioribus
500 1704 666 1776 conjuravit.
679 1706 802 1778 Cumque
817 1705 874 1777 ipse
885 1704 970 1760 Atha·

171 1777 267 1835 nasius
281 1784 340 1831 toto
354 1774 420 1830 orbe
435 1775 567 1847 prologus
587 1786 721 1848 ageretur,
741 1793 791 1833 nec
809 1777 882 1832 ullus
897 1775 967 1832 eiad

1021 563 1357 631 ordinisPraedicatorum,
1368 563 1567 637 archiepiscopi
1581 567 1744 635 Florentini,
1755 570 1818 625 vita

1022 639 1167 698 sanctitate
1187 646 1268 709 atque
1282 636 1358 690 omni
1377 635 1511 693 doctrinas
1535 653 1631 708 genere
1646 638 1773 709 insignis,
1789 651 1820 696 ut

1022 728 1058 768 ex
1073 709 1168 765 multis
1182 707 1241 778 ejus
1256 707 1447 763 voluminibus
1469 717 1591 780 apparet.
1608 711 1639 764 ln
1654 710 1742 780 patria
1757 713 1818 766 Flo·

1022 781 1132 839 reiitina
1140 780 1211 835 obiit
1224 795 1297 834 anno
1311 778 1422 835 Domini
1435 796 1580 848 succurrit,
1596 780 1691 852 ibique
1704 798 1720 836 a
1734 782 1781 838 Pio
1795 784 1819 838 ll

1023 852 1164 927 pontifice,
1178 851 1225 923 qui
1238 859 1305 907 tunc
1319 856 1377 905 erat
1392 851 1549 920 Florentiae,
1565 868 1693 908 concessa
1707 870 1820 908 manum

1023 922 1278 998 ejusosculantibus
1286 923 1421 994 septennii
1431 921 1746 994 iiidulgeutia‚uiaxiuio
1756 942 1820 979 cum

1023 994 1117 1071 populi
1134 1010 1269 1050 concursu
1284 994 1408 1064 sepultus
1419 1002 1460 1050 est
1469 993 1499 1049 iii
1513 995 1626 1052 ecclesia
1636 996 1723 1052 sancti
1735 997 1820 1053 blarci

1023 1068 1095 1140 apud
1110 1066 1218 1121 Fratres
1231 1063 1435 1121 Praedicatores.
1449 1089 1459 1112 ι

1059 1138 1154 1197 Couux
1171 1137 1204 1192 D.
1221 1137 1260 1192 Lu
1272 1136 1365 1192 blane.
1377 1136 1500 1208 signatus
1510 1138 1552 1192 A:
1574 1138 1763 1193 ‹itemsaiicti
1780 1138 1820 1193 Si-

1022 1209 1111 1269 charii
1128 1208 1268 1280 martyris.
1285 1232 1294 1255 ι
1323 1207 1381 1263 lam
1397 1207 1479 1263 tertio
1494 1209 1667 1265 nominatum
1685 1208 1817 1264 vidimus.

1022 1280 1093 1339 Puer
1107 1281 1170 1346 luit,
1187 1280 1256 1335 forte
1270 1296 1286 1334 a
1298 1279 1399 1335 ludaeis
1414 1279 1540 1335 occisus:
1558 1296 1593 1335 aii
1609 1290 1701 1336 autem
1718 1281 1751 1335 de
1771 1297 1821 1335 uu·

978 1375 984 1386 ·
1023 1369 1099 1408 mero
1113 1351 1293 1407 Innocentiam
1301 1350 1380 1421 jussu
1392 1350 1506 1406 Herodis
1517 1352 1747 1424 interemptorum
1762 1352 1818 1407 dici

1024 1423 1121 1496 possit,
1132 1421 1271 1476 examinat
1288 1421 1317 1476 iri
1328 1422 1405 1478 Actis
1414 1421 1626 1502 Papebrocbius.

1058 1495 1159 1549 Enirio
1177 1492 1370 1548 huneco-Coi.
1401 1492 1499 1563 incipit
1520 1511 1526 1548 :
1549 1495 1600 1550 «lii
1625 1495 1722 1549 Bumm
1741 1510 1823 1565 super

1024 1564 1103 1620 littus
1114 1563 1213 1630 Rheni,
1222 1563 1361 1618 territorio
1376 1562 1545 1631 Coloniensi,
1557 1567 1702 1622 translatio
1716 1575 1822 1622 saucto-

1024 1651 1086 1691 rum
1098 1643 1251 1705 martyrum
1258 1632 1343 1689 Cassii
1348 1676 1359 1712 ,
1365 1633 1509 1698 Florentii,
1518 1635 1627 1691 blalusii
1636 1644 1662 1690 et
1671 1637 1823 1696 sociorum.

1024 1706 1147 1774 Quorum
1156 1719 1271 1776 corpora
1278 1719 1342 1760 cum
1348 1720 1405 1774 Jaiu
1421 1704 1601 1776 septingentis
1611 1715 1638 1762 et
1648 1708 1822 1776 septuaginta

1024 1777 1115 1833 tribus
1129 1775 1210 1832 anuis
1224 1775 1276 1831 sub
1291 1783 1363 1830 terra
1382 1774 1523 1831 recondita
1537 1777 1715 1858 quievissent,
1730 1778 1823 1832 buirii-

170 1846 313 1904 latemium
324 1847 401 1901 locus
410 1851 488 1902 tutus
497 1858 659 1919 superesset,
672 1848 704 1904 B.
716 1848 885 1905 blaximinus
895 1846 968 1919 apud
984 1851 1008 1911 Β
1026 1847 1424 1919 uusReynoldusColoniensis
1440 1847 1822 1919 archiepiscopuseainveiiit,

171 1916 313 1974 'l'reverim
330 1916 420 1988 ipsum
447 1918 577 1990 suscepit,
601 1919 649 1975 ubi
671 1920 700 1975 in
717 1921 834 1993 quadam
851 1920 969 1975 cisterna

171 1989 257 2047 solem
272 2004 328 2044 non
336 1988 444 2057 videns,
452 1989 625 2061 Symbolum,
639 1992 792 2061 Quicunque
811 1993 868 2046 vult
879 1992 969 2046 soloas

171 2077 235 2130 erre,
246 2059 411 2134 composuit,
420 2076 531 2133 quonos
538 2062 702 2119 catholicam
714 2063 796 2120 lidem
804 2060 969 2136 quotidiead

171 2131 293 2190 Primam
308 2130 482 2190 confitemur.
510 2134 546 2189 Et
563 2151 624 2191 cum
641 2134 699 2217 ipse
714 2134 752 2191 ibi
767 2151 814 2190 seii
830 2135 910 2190 annis
925 2134 970 2213 ¹²7

171 2203 279 2272 luisset,
295 2203 406 2259 tandem
420 2212 543 2276 tempore
553 2206 705 2274 Valentini,
721 2223 769 2263 seu
779 2205 969 2263 Valentiniani

171 2273 356 2348 imperatoris,
389 2275 446 2331 sedi
487 2294 543 2333 sna
573 2279 727 2347 restitutus,
761 2275 970 2351 quadragesimo

172 2356 251 2405 sexto
264 2347 308 2403 sui
322 2347 468 2404 sacerdotii
482 2364 565 2416 auno,
581 2359 644 2420 post
658 2351 760 2406 multos
773 2365 884 2420 agones,
899 2347 970 2402 inul-

154 2425 214 2483 ,tas
228 2416 368 2492 patientiae
383 2434 507 2487 coronas,
523 2418 630 2493 quievit
647 2420 678 2477 iu
692 2436 767 2493 pace.
782 2422 864 2488 ltem,
880 2419 970 2474 natale

172 2497 331 2547 sanctorum
346 2488 499 2558 Saturnini,
513 2515 522 2538 ·
543 2497 596 2547 etc.

208 2560 390 2617 Hiouuoreiv.
417 2576 452 2615 ex
476 2560 573 2617 Adone
600 2563 718 2618 multum
734 2562 915 2633 interpolatus
931 2567 971 2616 est

172 2630 204 2689 iii
220 2631 357 2703 baptismo
371 2631 550 2703 puerili,etc.‚
566 2631 614 2687 sed
629 2632 686 2688 illis
700 2632 746 2689 hic
757 2634 834 2688 locus
848 2648 903 2687 nou
918 2639 969 2687 est.

172 2702 207 2760 lu
219 2701 368 2757 Saturnino
397 2710 488 2757 autem
503 2710 530 2757 et
549 2703 662 2774 Neopoli
676 2720 772 2784 purus,
786 2702 867 2759 bodie
881 2703 971 2757 Aaro-

174 2779 256 2830 torem
271 2773 400 2841 collocat,
428 2773 462 2829 de
476 2788 532 2845 quo
546 2773 586 2829 sic
599 2774 696 2830 scribit
713 2793 719 2830 :
755 2772 970 2840 ‹Altissiodoro,

174 2843 264 2902 sancti
278 2842 419 2900 Amatoris
432 2844 553 2916 episcopi
566 2853 594 2901 et
608 2845 783 2902 confessoris.
798 2844 851 2912 Qui
870 2863 886 2901 a
900 2861 972 2916 pue-

172 2915 240 2973 ritia
255 2931 305 2970 sua
317 2915 417 2970 litteris
431 2924 490 2972 erat
505 2917 668 2986 instructus,
682 2924 734 2973 eta
748 2916 908 2990 parentibus
922 2932 972 2971 nn·

172 2986 238 3044 bere
252 2997 373 3055 coactus,
389 3003 517 3059 sponsam
541 3004 618 3044 suam
640 2989 768 3045 mouebat
783 2988 971 3060 virginitatem

174 3072 295 3125 servare,
323 3057 397 3130 quod
426 3065 453 3114 et
478 3059 552 3117 lecit.
578 3060 638 3132 Ipse
652 3076 718 3117 vcro
732 3067 809 3116 tanto
836 3059 971 3114 virtutum

173 3128 313 3258 monio
328 3128 457 3199 eminuit,
472 3130 547 3203 quod
560 3139 622 3202 post
635 3131 751 3188 Cladum
768 3129 869 3201 (voluit
881 3128 973 3186 dicere

248 3216 303 3255 ram

1024 1920 1166 1976 transtulit
1181 1927 1207 1973 et
1217 1917 1252 1974 ad
1265 1934 1358 1988 capsas
1371 1917 1521 1974 honorifice
1532 1920 1681 1991 recollegit.
1697 1945 1705 1967 ι
1720 1919 1824 1974 lleiiiit-

1025 1999 1121 2048 tuutur
1136 1989 1170 2045 ad
1185 1989 1258 2045 diem
1273 1989 1394 2044 natalem
1410 2006 1429 2045 x
1443 1988 1580 2045 Octobris.
1593 1991 1721 2062 Sequitur
1735 1991 1819 2045 Atha·

1024 2062 1095 2119 nasii
1110 2061 1229 2133 elogium
1245 2060 1370 2188 prluribus
1392 2061 1599 2132 interpolatum.
1616 2064 1647 2118 Iu
1662 2062 1822 2130 Saturnino,

1023 2142 1090 2203 etc,
1100 2150 1169 2206 pura
1183 2141 1233 2190 est.
1272 2148 1318 2187 um
1336 2150 1342 2188 :
1363 2156 1373 2178 ‹
1388 2132 1524 2196 Treveris,
1535 2133 1625 2188 natale
1636 2134 1722 2189 sancti
1734 2134 1822 2188 Theo-

1023 2205 1120 2276 dolpbi
1136 2204 1262 2261 monachi
1273 2210 1300 2258 et
1315 2203 1489 2271 confessoris,
1507 2205 1614 2274 nepotis
1628 2205 1718 2262 Caroli
1732 2205 1822 2276 blagni

1024 2277 1205 2347 imperatoris.
1226 2300 1235 2323 ι
1255 2277 1294 2332 De
1308 2290 1340 2330 eo
1354 2283 1445 2332 actum
1461 2292 1471 2329 i
1496 2275 1583 2330 blaii:
1607 2278 1661 2331 «lii
1677 2275 1821 2332 blarburcb

1024 2348 1137 2415 hassiae,
1153 2349 1296 2404 translatio
1309 2357 1409 2404 sanctae
1424 2346 1568 2403 Elisabeth
1579 2347 1701 2403 viduae.»
1718 2348 1824 2403 Natalis

1024 2427 1065 2546 ἵει
1080 2436 1128 2500 xiii
1145 2418 1327 2476 Novembris:
1345 2420 1424 2492 ·lpso
1439 2419 1494 2485 dic,
1505 2419 1592 2475 sancti
1608 2419 1742 2476 Florentii
1757 2435 1822 2476 con·

1037 2507 1170 2547 essoris.»

1061 2562 1158 2617 Bruiru
1175 2561 1264 2633 prima
1279 2560 1374 2629 editio,
1392 2557 1421 2613 iu
1436 2558 1490 2614 line
1505 2577 1511 2615 :
1529 2587 1538 2607 ‹
1553 2559 1672 2618 Civitate
1689 2559 1820 2627 Seduriae,

1089 2632 1115 2685 io
1132 2634 1219 2687 sancti
1248 2628 1418 2702 sigismundi
1434 2632 1574 2703 martyris,
1604 2633 1675 2702 regis
1699 2633 1822 2704 Bnrgiiu·

1045 2704 1151 2758 ionum.
1168 2728 1177 2750 ι
1199 2703 1291 2756 Altera
1301 2700 1378 2756 addit
1388 2709 1534 2769 praeterea:
1557 2704 1607 2757 «Iu
1620 2704 1824 2758 territorioAu·

1025 2769 1415 2847 degaveusi,sanctiFlorentii
1426 2771 1579 2844 presbyteri
1590 2779 1617 2827 et
1630 2773 1817 2830 confessoris.»

1025 2847 1065 2902 Ile
1079 2844 1266 2917 Sigismuudo,
1284 2843 1382 2915 pridie.

1062 2916 1188 2972 Gurrvurv.
1202 2933 1227 2971 :1
1239 2914 1380 2981 Germani,
1389 2912 1524 2984 Hypoliti,
1536 2913 1660 2984 llelpitii,
1673 2921 1699 2969 et
1710 2915 1825 2972 llermo·

1026 2988 1111 3060 genis.
1124 3013 1134 3036 ι
1147 2988 1264 3043 Nomina
1274 2988 1304 3041 iri
1314 2985 1391 3041 Actis
1401 2985 1500 3039 melius
1510 2985 1729 3065 distinguuntur.
1748 2989 1826 3042 «Au-

1025 3058 1170 3126 tisiodoro,
1184 3058 1284 3114 natalis
1293 3065 1451 3113 sauctorum
1461 3056 1553 3127 llptati
1564 3057 1697 3128 episcopi,
1709 3059 1824 3113 Memori
1856 3059 1859 3064 '

1026 3137 1054 3186 et
1077 3130 1216 3187 Sanctiani
1243 3129 1504 3202 presbyterorum.»
1527 3127 1597 3183 Vide
1610 3128 1824 3185 Praetermissos.

305 3200 315 3270 l
331 3200 572 3258 Altissiodorensis
585 3202 674 3260 lactus
691 3212 733 3260 est
749 3202 902 3275 episcopus.
919 3201 970 3256 llic
988 3206 1010 3266 c
1030 3202 1191 3257 ‹Evermari
1202 3200 1342 3274 martyris,
1356 3197 1434 3255 ducis
1445 3214 1480 3253 ex
1490 3199 1596 3269 legione
1606 3198 1818 3255 Thebmorum.»

173 3286 260 3329 cecos
274 3269 454 3341 illuminavit,
476 3273 633 3345 paraliticos
647 3274 765 3344 curavit,
781 3281 904 3329 mortuos
918 3289 970 3328 su-

175 3341 297 3410 scitavit,
310 3341 436 3400 infideles
448 3343 584 3417 plurimos
597 3346 744 3416 convertit,
761 3351 886 3402 sanctum
898 3343 970 3400 Ger-

173 3428 287 3470 manum
300 3414 442 3482 clericum,
459 3414 524 3471 licet
537 3415 668 3487 invitum,
677 3417 860 3485 consecravit,
870 3415 970 3488 spiritu

173 3483 326 3557 prophetias
338 3485 448 3541 claruit.
465 3487 589 3558 Denique
603 3487 687 3543 tinem
706 3505 786 3545 sunm
805 3487 968 3560 praevidens,

173 3555 278 3635 clerum
293 3561 320 3609 et
334 3555 467 3627 populum
481 3572 647 3626 convocans,
663 3559 703 3614 eis
717 3560 747 3614 iu
761 3559 815 3615 lide
834 3558 970 3615 conlorta·

173 3625 222 3694 tis,
248 3631 321 3682 inter
340 3641 438 3682 manus
450 3626 477 3682 ei
496 3627 532 3684 ob
581 3629 706 3685 centium
722 3629 815 3685 emisit
828 3629 968 3701 spiritum.

174 3694 261 3768 Cujus
274 3696 368 3752 anima
384 3697 420 3757 ad
434 3697 535 3755 caelum
574 3699 657 3756 elerri
671 3700 705 3757 ab
718 3700 822 3773 angelis
836 3699 866 3755 in
880 3699 970 3772 specie

174 3766 310 3897 goliatmha
333 3767 394 3825 visa
419 3778 496 3827 ast.»
516 3771 557 3827 De
573 3786 606 3828 eo
620 3780 712 3830 actum
737 3771 847 3853 est'die
869 3786 969 3845 prisce·

193 3854 228 3897 en
243 3856 262 3894 i.

209 3909 374 3974 Aouiciivcr.
387 3910 417 3966 in
433 3910 488 3968 lina
502 3911 579 3970 addit
596 3929 603 3970 :
625 3913 715 3972 «item
729 3914 817 3972 sancti
832 3912 969 3973 Walberti

174 3982 295 4050 comitis,
325 3982 508 4040 buxeriensis
535 3985 655 4042 coeuobii
683 3985 799 4042 abbatis.
827 4010 837 4035 ι
871 3985 970 4043 Melius

177 4054 347 4113 Woldaberti.
363 4056 394 4111 ln
407 4055 487 4112 Actis
499 4056 533 4113 ab
547 4057 610 4112 aliis
624 4057 814 4130 distinguitur.

209 4126 408 4182 bavarorum:
425 4127 821 4199 «ApudSalmurumcastrnm,
832 4127 969 4200 susceptio

174 4196 297 4268 corporis
310 4196 382 4252 beati
397 4198 531 4255 Florentii
552 4200 704 4273 presbyteri
719 4209 746 4256 et
762 4200 936 4257 confessoris.
954 4224 963 4247 ι

173 4266 214 4324 De
237 4283 269 4323 eo
294 4284 404 4340 agemus
432 4286 495 4328 cum
523 4272 647 4328 Usuardo
685 4273 720 4329 ad
747 4272 820 4328 diem
849 4271 968 4328 natalem

174 4352 235 4394 xxii
250 4337 428 4410 Septembris.

208 4412 368 4468 Auernum.
383 4429 419 4468 :.‹
435 4413 540 4470 Eodem
552 4414 608 4474 die.
624 4415 714 4488 passio
723 4415 810 4471 sancti
826 4412 968 4481 Germani,

173 4480 288 4610 filoriosi
300 4483 441 4556 martyris.
456 4510 466 4536 ι
487 4485 647 4544 Estlestum
662 4487 715 4545 loci
728 4486 880 4560 proprium.
897 4484 968 4543 Vide
1026 4484 1061 4542 de
1073 4486 1224 4554 Florentio,
1239 4481 1693 4552 Aiitoniuo,Wilberada,Sicliario
1710 4489 1738 4536 et
1754 4480 1828 4535 Wal·

199 4560 252 4610 cia·

209 4623 643 4686 Marnic.·Cinros.·Uurnuiscr.
655 4648 661 4687 :
671 4630 852 4687 ‹Athanasiie
872 4627 968 4699 iscopi.

175 4689 442 4835 ¹(gearritiiyaruuimepissopi
456 4708 483 4756 et
495 4702 636 4771 martyris.
651 4701 795 4756 Saturnini
815 4708 842 4754 et
853 4645 970 4770 Feapoli

209 4835 335 4891 Auaeus.
352 4836 380 4891 S.
396 4837 556 4895 Laurentii:
575 4839 666 4895 «Item
681 4840 767 4896 sancti
776 4839 904 4895 Germani
915 4838 970 4909 epi·

174 4921 221 4965 eoo
240 4906 250 4962 i
262 4916 290 4963 et
304 4908 443 4978 martyris.
459 4933 468 4955 ·
492 4909 563 4965 Vide
577 4910 699 4967 codicem
711 4910 736 4966 A
749 4928 881 4967 iieiiuerv.

191 5044 198 5060 ·
233 4994 384 5035 numinis.
393 4987 494 5035 sauctae
507 4980 617 5036 biario:
636 5007 645 5029 ι
658 4983 725 5038 ltcm
736 4982 854 5038 Sicliarii
869 4988 971 5054 marty·

175 5062 224 5107 ris.
244 5074 253 5099 ι
275 5049 347 5107 Vide
360 5066 421 5124 quas
434 5050 468 5105 de
482 5051 542 5123 ipso
555 5051 629 5108 iulia
643 5053 781 5110 dicentur.

210 5120 280 5201 lieo.
300 5122 381 5179 Surio.
395 5121 518 5193 signatus
531 5138 610 5181 uum.
622 5123 693 5182 428:
711 5127 798 5198 «ipso
811 5124 866 5195 die,
880 5124 971 5198 passio

175 5199 264 5250 sancti
275 5191 394 5250 sicharii
408 5195 548 5266 martyris.
563 5218 573 5244 ι

1025 3273 1095 3330 Vide
1109 3273 1178 3328 ibid.
1200 3296 1209 3319 ι
1223 3274 1292 3328 item
1308 3269 1477 3329 Waldeberti
1490 3270 1607 3337 abbatis,
1624 3269 1753 3342 discipuli
1765 3288 1825 3326 san-

1023 3344 1061 3400 cti
1077 3344 1251 3401 Columhani.
1266 3343 1403 3410 Treveris,
1418 3340 1505 3397 sancti
1523 3341 1707 3414 Theodolpbi‚
1727 3351 1792 3414 etc.,
1810 3369 1819 3391 ι

1024 3424 1055 3470 ut
1072 3432 1163 3488 supra.
1186 3415 1341 3472 «Florentii
1365 3413 1540 3470 contessoris.
1564 3414 1596 3467 lu
1612 3417 1779 3469 monasterio
1794 3414 1823 3470 S.

1024 3486 1106 3555 Galli,
1127 3495 1227 3542 sancta
1242 3485 1407 3542 Wilheradae
1423 3484 1549 3556 virginis.
1573 3485 1604 3540 ln
1619 3485 1730 3541 dioecesi
1746 3485 1826 3542 Colo·

1023 3557 1123 3626 nieusi,
1140 3574 1175 3630 op
1195 3558 1242 3614 ido
1273 3557 1423 3623 Bonnensi,
1440 3555 1593 3623 translatio,
1611 3580 1620 3603 ι
1642 3564 1707 3624 etc,
1724 3557 1779 3611 lere
1795 3566 1826 3613 ut

1023 3645 1115 3703 supra.
1139 3654 1148 3676 ι
1192 3630 1253 3698 etis,
1271 3627 1416 3683 translatio
1431 3627 1518 3682 sancti
1534 3626 1686 3684 Clementis
1702 3628 1826 3700 episcopi

1022 3708 1051 3757 et
1064 3700 1261 3756 confessoris.»
1283 3698 1422 3771 Praecipue
1442 3700 1545 3754 colitur
1561 3714 1635 3753 xxiii
1648 3699 1823 3755 Novembris.

1031 3772 1083 3828 «lu
1095 3771 1241 3829 biarburch
1255 3771 1389 3837 ilassise,·
1409 3778 1473 3836 etc,
1495 3777 1525 3824 ut
1540 3784 1633 3840 supra.

1058 3842 1167 3899 Morsu.
1186 3861 1192 3898 ε
1216 3865 1225 3889 ι
1240 3842 1360 3899 Civitate
1385 3840 1516 3909 Seduriae,
1534 3841 1624 3911 passio
1638 3840 1727 3896 sancti
1743 3841 1826 3913 Sigis-

1023 3913 1132 3984 muudi,
1147 3922 1199 3970 etc.
1213 3914 1244 3970 ln
1268 3913 1408 3971 territorio
1435 3912 1639 3985 andegavensi,
1655 3913 1743 3968 sancti
1764 3913 1824 3967 Flo-

1023 3985 1106 4042 rentii
1132 3987 1284 4058 presbyteri
1297 3993 1323 4041 el
1343 3983 1518 4042 confessoris.
1536 3984 1618 4055 Apud
1642 3984 1824 4051 Florentiam,

1023 4057 1124 4114 natalis
1145 4057 1218 4113 beati
1243 4056 1379 4113 Antonini
1405 4055 1582 4122 confessoris,
1599 4055 1633 4110 de
1648 4054 1745 4110 ordine
1765 4055 1820 4109 FF.

1022 4127 1248 4197 Praedicatorum,
1260 4127 1459 4199 archiepiscopi
1472 4125 1595 4199 ejusdem
1609 4125 1740 4182 civitatis.
1754 4148 1763 4170 ι
1784 4127 1824 4203 lle

1023 4198 1148 4256 Sichario
1162 4208 1193 4255 ut
1207 4216 1298 4271 supra.
1317 4200 1459 4254 ‹Luxovio
1471 4198 1646 4264 monasterio,
1666 4196 1823 4266 Vualperti,

1023 4269 1139 4337 abbatis,
1153 4271 1283 4342 discipuli
1297 4271 1385 4327 sancti
1400 4269 1563 4326 Coluiiibaui
1578 4267 1693 4324 abbatis.
1710 4268 1741 4321 lu
1759 4267 1824 4320 Ale·

1023 4342 1215 4413 mamiiaapud
1225 4342 1421 4398 monasterium
1432 4342 1518 4398 sancti
1528 4339 1609 4408 Galli,
1620 4339 1711 4394 natale
1725 4346 1826 4393 sauctae

1024 4414 1199 4471 Vuilberadae
1215 4414 1340 4486 virginis.
1359 4439 1368 4461 »
1390 4416 1420 4468 lu
1436 4411 1606 4468 editionibus
1624 4409 1830 4483 posterioribus

987 4557 1114 4626 Dberto,
1144 4568 1175 4614 ut
1199 4559 1334 4628 superius.
1363 4556 1517 4629 Sequitur:
1550 4552 1712 4619 «Treveris,
1738 4552 1829 4607 sancti

1025 4627 1208 4699 Theodolphi,
1223 4628 1374 4700 presbyteri
1389 4638 1417 4684 et
1436 4623 1598 4682 inensem.»
1621 4625 1660 4679 lle
1675 4639 1730 4696 quo
1745 4622 1828 4677 dixi-

1025 4714 1102 4754 mus:
1119 4721 1129 4744 ·
1141 4700 1298 4766 luldiscbel,
1310 4698 1489 4771 Cuueguudis
1499 4695 1624 4777 virginis.
1634 4694 1828 4761 Diesecuuda,

1025 4769 1174 4839 reportatio
1187 4771 1245 4825 relii
1259 4771 1365 4826 uiarum
1377 4770 1464 4826 sancti
1481 4779 1566 4841 patris
1575 4767 1722 4844 Athanasii
1733 4782 1831 4846 iiiona3

1025 4841 1108 4895 sterio
1118 4839 1220 4906 Sitliiu,
1232 4859 1248 4913 g
1262 4843 1351 4898 oriosa
1360 4842 1478 4899 elevatio
1491 4839 1616 4911 corporis
1631 4838 1829 4911 pretiosissimi

1025 4912 1190 4969 confessoris
1204 4914 1307 4970 Christi
1337 4914 1441 4969 Bertini
1467 4912 1584 4980 abbatis,
1615 4927 1675 4983 qma
1704 4910 1833 4965 lactaest

1025 4999 1097 5038 aurio
1112 4985 1263 5041 Dominicae
1280 4985 1478 5041 iucarnationis
1494 4982 1645 5039 millesimo
1661 4981 1832 5106 quinquaqe·

1024 5054 1095 5111 simo
1110 5057 1240 5112 secundo.
1257 5058 1414 5122 blerheccae,
1429 5056 1550 5112 elevatio
1563 5063 1664 5110 sauctae
1679 5053 1780 5107 herten
1803 5067 1830 5131 is

1024 5126 1152 5198 virginis,
1167 5137 1194 5184 et
1221 5128 1306 5185 Celsae
1321 5137 1401 5200 atique
1417 5129 1502 5184 Nonio
1517 5126 1670 5197 virginum.
1686 5149 1696 5173 ι
1728 5123 1768 5180 De
1784 5122 1830 5177 liis

1024 5199 1154 5256 omnibus
1168 5200 1232 5257 vide
1245 5200 1367 5257 indicem
1382 5199 1652 5257 Praetermissorum.

880 5416 1116 5430 ...ἡ-ψ

68 5540 71 5549 '
176 5541 284 5607 VNoa.

1740 5537 1792 5594 Die
1805 5531 1833 5592 3.

212 5627 414 5704 Hierosolimis,
430 5632 556 5692 inventio
569 5642 671 5694 sancta
683 5631 780 5695 Crucis
789 5631 824 5691 ah
839 5628 1056 5711 lielenaregina,
1068 5636 1119 5692 sub
1130 5632 1313 5693 Constantino
1325 5632 1461 5711 principe.
1478 5633 1572 5691 Roma
1584 5630 1632 5687 via
1645 5630 1833 5697 Nomentana,

175 5727 268 5802 passio
281 5726 355 5783 beati
366 5724 520 5783 Alexandri
541 5740 627 5798 papae,
643 5725 756 5784 Eventii
770 5731 797 5783 et
815 5724 949 5783 Theodoti
974 5725 1202 5799 presbiterorum,
1218 5726 1269 5784 sub
1293 5728 1417 5785 Adriano
1432 5723 1569 5800 principe,
1585 5738 1705 5797 quorum
1725 5719 1835 5794 primus

175 5825 238 5892 post
251 5816 376 5887 vincula,
390 5831 523 5886 carceres,
537 5815 696 5889 equuleum,
712 5815 816 5888 ungula
828 5823 856 5874 et
869 5815 957 5890 ignes,
970 5816 1080 5890 punctis
1101 5817 1275 5875 creberrimis
1295 5835 1345 5891 per
1357 5825 1414 5874 tota
1430 5815 1555 5874 membra
1567 5820 1727 5888 peremptus
1743 5816 1796 5866 est.
