3834 6136
131 206 182 263 l8l

127 331 153 388 X
174 331 242 387 lr'ol.

662 203 977 272 nsnrrnotooiun.
997 249 1028 258 -
1052 213 1154 274 nens.
1176 221 1248 276 tun.

1737 199 1791 275 les

1678 329 1788 405 breta.

166 424 196 477 ln
211 421 368 490 Britannia,
385 422 473 478 sancti
489 423 590 479 Albani
608 427 747 498 martyris,
764 429 811 500 qui
827 437 949 502 ternpore
964 431 1128 488 Diocletiani
1146 434 1174 490 in
1185 434 1344 492 llerolamio
1359 436 1483 506 civitate,
1496 444 1558 509 post
1571 436 1685 493 verbera
1695 444 1722 493 et
1734 442 1790 492 tor·

131 519 227 565 rnenta
242 511 351 578 acerba,
371 511 461 583 cupite
476 514 574 584 galerus
588 523 637 570 est.
655 518 752 573 Passus
767 526 807 573 est
821 535 884 574 cum
898 520 947 576 iilo
969 522 1051 577 etiam
1068 540 1140 580 unus
1154 524 1188 581 de
1204 524 1351 596 militibus,
1373 540 1405 583 eo
1423 526 1496 601 quod
1511 526 1574 584 burh
1592 527 1674 584 ier'lre
1686 525 1791 599 iussus,

129 602 263 655 noluerit.
279 600 360 672 Apud
374 599 471 657 Nolam
487 602 654 674 Campaniae,
672 607 771 663 natalis
786 605 858 665 beati
873 608 981 667 Paulini
996 613 1115 686 episcopi
1131 623 1157 671 et
1172 616 1347 685 confessoris,
1361 616 1442 689 cujus
1459 618 1587 674 meminit
1600 622 1712 674 sanctus
1726 617 1791 674 Gre-

125 692 223 761 gorius
239 690 267 745 in
284 689 357 746 libro
372 692 562 764 Dialogorunr.
579 694 685 751 Claruit
707 705 797 754 autem
814 717 869 755 non
885 702 974 757 solum
990 707 1146 764 eruditione
1161 718 1187 765 et
1202 710 1312 781 copiosa
1326 710 1391 766 vira
1406 710 1561 779 sanctitate,
1578 709 1722 767 sedetiam
1737 725 1792 783 pe-

126 784 216 840 tentia
230 783 365 839 adversus
380 782 528 841 daemones.
545 788 607 858 lpso
621 787 676 857 die,
693 790 828 863 depositio
841 794 930 849 sancti
945 794 1044 864 Nicea,
1061 799 1230 855 llornatianae
1245 801 1369 858 civitatis
1383 803 1515 876 episcopi.

904 920 1021 976 NOTAE.

162 1010 290 1066 Sumitnr
304 1025 340 1065 ex
354 1010 477 1079 Prrrteu,
494 1011 641 1079 Hermian,
660 1017 817 1085 Torporem,
833 1018 1100 1090 deincep-dimota,
1117 1022 1263 1092 Munerat,
1281 1025 1391 1080 deeora.
1408 1033 1434 1082 et
1449 1025 1551 1085 diolco.

737 1157 937 1215 lustraturus
957 1162 1161 1220 bertrandus.

159 1253 293 1309 Britoaio
312 1253 366 1309 scri
389 1252 457 1309 toris
480 1253 611 1310 incndnrn
630 1262 669 1309 est
684 1255 713 1311 in
731 1257 863 1313 Pratensi.
880 1259 932 1313 Sed
948 1264 973 1321 Α
988 1269 1105 1316 strumus
1117 1265 1303 1388 prortolrrcrit,
1321 1252 1504 1337 ponitnoluit.
1522 1266 1567 1323 Sic
1577 1253 1728 1323 Tornaoeu.
1740 1282 1792 1348 pro

123 1325 207 1392 longe
219 1323 309 1395 majus
319 1323 349 1378 in
360 1269 526 1382 fornacensi
536 1325 650 1381 omissio
660 1324 759 1383 horurn
773 1329 930 1398 verborum,

123 1397 152 1451 itt
170 1396 322 1453 l'erolomio
337 1396 450 1451 ricitote.
465 1396 533 1452 Eam
549 1398 644 1452 urbcin
661 1398 735 1454 taric
749 1400 866 1455 ellerunt
881 1419 933 1457 co-

123 1467 213 1524 dices.
231 1467 404 1523 llerluiensis
424 1459 517 1524 l'eroio
530 1488 539 1532 ,·
554 1468 798 1543 ,irrtnerp-biajor,
820 1465 933 1528 Verula-

127 1540 201 1594 mioo
212 1557 220 1603 ,·
233 1534 369 1595 Munerat.
391 1540 555 1604 Verulanum
572 1540 690 1596 Grercn.
712 1543 861 1599 Verolonio.
878 1545 932 1599 Ex·

128 1610 189 1667 cisa
208 1609 323 1666 subinde
342 1617 394 1678 est,
420 1611 514 1682 ibique
528 1619 700 1669 exstructum
719 1613 824 1669 celebre
839 1616 932 1671 Sancti

127 1682 232 1738 Albani
249 1683 459 1749 monasterium;
473 1682 506 1737 de
520 1700 574 1755 quo
587 1683 651 1739 vide
667 1684 694 1738 in
710 1686 796 1741 dctis.
813 1686 930 1742 Grercn.

125 1760 154 1808 et
168 1750 284 1821 Melan,
296 1769 379 1810 uoces
388 1754 495 1827 aliquas
504 1763 703 1827 transponunt3
716 1757 823 1812 cerbero
838 1759 934 1814 orterbo

122 1831 149 1880 et
164 1830 307 1894 memento,
324 1840 383 1898 pro,
400 1826 510 1881 cerbero
523 1833 547 1880 ct
561 1833 690 1882 torriten-to
708 1829 813 1884 nivardo.
829 1830 865 1883 Et
881 1847 934 1902 po-

987 1350 1028 1399 eo,
1054 1351 1115 1405 quoi
1146 1335 1175 1389 in
1201 1344 1278 1391 testu
1299 1343 1349 1400 cst,
1368 1337 1433 1409 legit
1453 1337 1530 1407 cujus
1545 1342 1651 1393 coactus
1673 1339 1793 1392 memirdt

990 1405 1141 1472 Gregorius.
1156 1407 1258 1463 Deinde
1272 1406 1480 1474 omittundum,
1494 1408 1670 1535 postlr‘ddruit.
1687 1408 1791 1482 Scripsi
1831 1410 1834 1415 '

986 1476 1115 1531 oilrersns
1129 1477 1258 1531 drernonea
1280 1496 1342 1534 curn
1360 1469 1502 1535 llerinien.
1519 1488 1546 1537 et
1588 1481 1662 1536 olan.
1686 1480 1715 1535 iu
1730 1480 1790 1552 qui·

986 1546 1038 1626 bps
1062 1554 1103 1603 est
1124 1546 1323 1618 diphthongus,
1353 1549 1418 1605 item
1443 1568 1506 1606 cum
1528 1538 1743 1622 dntuerp.·Maj.
1762 1558 1790 1606 et

988 1617 1105 1674 Greven.
1123 1618 1170 1690 qui
1184 1619 1365 1691 diphthongis
1380 1628 1483 1677 carent.
1504 1618 1627 1678 Pratens.
1645 1618 1728 1676 habet
1742 1621 1791 1687 ad-

987 1706 1091 1744 ecrsum
1114 1691 1256 1757 demonem,
1278 1691 1412 1747 Munerat.
1431 1693 1573 1747 adversum
1592 1693 1722 1748 demotus.
1738 1690 1789 1749 rto·

987 1762 1115 1887 ἓιωὲιαιῐιω
1129 1770 1156 1816 et
1177 1764 1340 1831 Rorrtatione,
1357 1763 1503 1836 scriptoria
1517 1756 1671 1837 sphalmata
1684 1761 1790 1821 censeri

1008 1848 1021 1887 e
1044 1849 1100 1887 cn.

786 1948 1088 2011 OBb‘EliVATIONES.

160 2070 318 2144 Auglorum
334 2071 506 2142 Stephanum,
525 2079 556 2126 nt
571 2070 622 2142 ipsi
637 2079 749 2140 vocant,
768 2087 815 2126 seu
831 2073 933 2127 Proto-

124 2150 280 2215 martyrem
296 2143 433 2197 didonem
447 2142 573 2198 certatim
586 2152 740 2198 memorant
754 2144 932 2214 Martyrologi

123 2214 233 2286 antiqui
245 2213 281 2269 ad
291 2229 493 2269 unnmomnes.
506 2213 562 2269 Cur
573 2223 663 2270 autem
675 2215 702 2269 in
714 2215 933 2286 llieronynriano

123 2287 242 2342 Lunensi
254 2292 283 2341 et
292 2285 391 2341 Adone
400 2286 515 2341 Albinus
523 2287 845 2357 nuncupetur,suspicari
858 2288 931 2353 licet,

125 2357 308 2413 mutationem
326 2357 402 2411 illam
418 2357 447 2412 in
463 2357 588 2430 ipsismet
602 2358 699 2413 saltem
713 2358 820 2413 Adonis
830 2358 932 2413 codici·

124 2429 187 2495 bus,
211 2445 260 2501 per
284 2428 463 2486 Colonienses
486 2428 604 2484 subinde
624 2439 808 2498 procuratam,
832 2445 876 2496 ne,
901 2437 932 2484 ut

124 2502 223 2556 Sitrius
242 2508 345 2568 narrat,
368 2497 491 2554 Attianos
510 2501 673 2555 coloniensis
692 2517 754 2555 curn
777 2500 931 2569 diopuntiuo

124 2571 352 2628 confunderetur.
387 2572 440 2627 Sed
468 2571 525 2628 brec
558 2572 640 2640 paulo
672 2573 828 2627 aceruatins
858 2572 930 2642 apud

126 2643 332 2699 llertsuhenium
347 2643 382 2697 de
400 2651 497 2698 sancto
510 2643 612 2698 Albino
623 2640 782 2698 Coloniensi
797 2643 931 2697 disseren-

127 2723 197 2782 tem,
208 2728 327 2786 eapensa
341 2714 495 2769 inveniesa
510 2731 569 2785 pag.
587 2715 647 2769 tra.
663 2715 777 2770 Verean
791 2715 859 2769 ialso
874 2711 931 2769 hauc

126 2785 267 2851 dicantur,
277 2785 348 2841 nihil
360 2797 522 2857 ruagnopere
534 2794 626 2840 nostra
637 2786 761 2852 interest,
776 2785 843 2840 darm
859 2785 932 2856 apud

987 2072 1104 2129 historia
1118 2075 1230 2131 silentio
1243 2077 1390 2147 praeterita,
1407 2077 1478 2133 forte
1487 2077 1561 2149 quod
1571 2077 1630 2149 ejus
1644 2077 1790 2134 veritatem

987 2156 1141 2216 suspectam
1160 2147 1297 2203 hahuerit.
1321 2148 1411 2216 Certe,
1434 2162 1493 2204 eam
1513 2149 1596 2205 Floro
1616 2157 1708 2205 notam
1733 2166 1790 2205 uon

988 2216 1082 2297 fuisse,
1109 2233 1141 2273 ex
1163 2227 1221 2273 toto
1240 2217 1300 2290 ejus
1313 2220 1445 2276 contextu
1459 2220 1567 2276 abunde
1581 2219 1733 2292 colligitur.
1749 2217 1792 2276 ru

986 2287 1099 2355 videsis,
1116 2305 1175 2360 quae
1190 2290 1224 2345 de
1245 2307 1277 2345 ea
1291 2307 1320 2346 re
1334 2298 1392 2348 tota
1413 2306 1446 2346 ue
1461 2293 1569 2347 Paulini
1586 2292 1643 2347 vita
1664 2299 1791 2348 accurate

986 2358 1366 2441 disputavitPupcbrochlue,
1382 2309 1416 2418 aq
1438 2363 1522 2418 alium
1544 2363 1690 2419 Paulinum
1706 2363 1787 2419 Nola·

987 2445 1063 2495 nurn,
1085 2432 1182 2486 ordine
1205 2433 1329 2501 tertium,
1345 2434 1474 2496 referens,
1492 2447 1551 2506 qum
1567 2435 1657 2504 primo
1672 2442 1698 2489 et
1712 2434 1790 2490 cele-

985 2500 1106 2556 berrimo
1118 2503 1249 2559 tribuisse
1259 2504 1535 2575 videturtlregorius.
1548 2506 1681 2560 Eruditos'
1692 2509 1788 2561 omnes

986 2572 1154 2628 Paulinianm
1170 2575 1234 2629 sitae
1251 2575 1432 2631 illustratores
1448 2576 1516 2631 mire
1531 2575 1610 2632 torsit
1625 2575 1790 2632 Wandalica

986 2658 1017 2697 ea
1031 2642 1139 2699 Paulini
1153 2645 1310 2717 captivitas,
1322 2646 1389 2701 adeo
1401 2643 1432 2701 ui
1448 2647 1575 2701 nonnulii
1586 2660 1649 2701 cum
1662 2646 1743 2716 Pugio
1753 2646 1789 2702 ad

985 2728 1088 2769 annum
1104 2731 1240 2771 ccccxxxi
1254 2732 1269 2770 a
1283 2732 1360 2771 uuirt.
1377 2714 1423 2781 ill,
1439 2722 1546 2772 tanturn
1564 2733 1619 2771 non
1634 2716 1788 2772 fabulosam

986 2784 1155 2842 existiment.
1177 2787 1267 2842 Pluris
1282 2788 1361 2842 nobis
1375 2794 1415 2842 est
1430 2789 1519 2858 magni
1531 2788 1655 2858 Gregorii
1670 2787 1788 2844 auctori-

128 2858 250 2931 reiiquos
262 2870 359 2912 ornnes
371 2866 477 2928 martyr
488 2856 931 2929 Britannicusconstanterappel·
986 2864 1036 2922 tas,
1052 2857 1189 2928 assignata
1205 2875 1221 2913 a
1240 2856 1426 2927 Papebrochid
1445 2859 1551 2914 ratione
1566 2872 1621 2913 non
1635 2857 1788 2929 lhe’dngrue

128 2930 201 2984 latur
223 2929 355 2983 ,athamas
373 2929 515 2984 Sestinum
533 2943 680 2983 numerum
696 2944 751 2983 non
768 2930 848 2999 plane
863 2927 968 2985 nni-B
986 2928 1137 2984 salvanda:
1158 2946 1173 2983 a
1197 2946 1249 3001 qua
1271 2946 1325 2984 non
1351 2931 1430 3001 longe
1453 2929 1553 2995 abluit,
1575 2946 1624 2984 nec
1644 2937 1788 2997 tantopere

126 3000 259 3056 iorruiter
282 3000 440 3071 exprimunt
460 3000 685 3070 llieronymiena,
704 3016 753 3054 nec
766 3000 813 3071 qui
829 3000 930 3055 bedam

127 3072 351 3142 interpolarunt,
369 3071 442 3126 citati
459 3072 492 3126 ah
507 3067 681 3126 llenschenio
695 3070 813 3127 codices.
833 3071 932 3126 Albani

126 3144 260 3214 martyris
282 3141 445 3213 simpliciter
468 3143 595 3197 rnerninit
620 3144 770 3198 ilonranum
796 3157 929 3214 parrum;

125 3214 303 3285 Bedageutis
315 3214 486 3285 eosgloria,
502 3215 610 3283 insigne
624 3213 729 3284 aptavit
743 3214 901 3269 errorimium
917 3230 933 3268 a

127 3286 237 3344 Rabano
252 3293 281 3340 et
300 3282 397 3340 Adone
421 3285 630 3355 transcriptum,
645 3295 727 3357 atque
741 3286 775 3339 ab
791 3286 842 3340 hoc
858 3285 932 3340 dua-

127 3356 174 3414 bus
187 3365 305 3413 auctum
328 3356 419 3424 lineis,
440 3373 507 3429 quas
528 3373 591 3412 cum
607 3357 722 3426 reliquis
737 3358 932 3427 transsumpsit

127 3430 273 3485 liutherus.
290 3420 443 3493 Usuardtts,
465 3443 572 3499 semper
587 3428 704 3499 parcior,
720 3443 751 3481 ea
765 3429 866 3492 solutu,
885 3427 932 3482 sed

128 3501 293 3557 terbotenus
321 3499 468 3570 decerpsit,
496 3515 556 3570 quae
581 3506 673 3553 textus
696 3506 789 3552 noster
808 3498 931 3554 exhibet.

128 3573 216 3644 Atque
236 3571 298 3626 brec
320 3571 374 3625 sori
394 3569 482 3625 nostri
506 3578 579 3625 sunt.
603 3570 681 3624 Derim
701 3570 875 3640 aliorumque
898 3569 932 3624 de

128 3642 235 3698 libano
250 3648 426 3697 nudationes
444 3657 507 3697 cum
530 3640 668 3695 Artalectis
683 3640 717 3695 ad
732 3653 793 3695 entra
810 3650 932 3766 specten-

128 3714 212 3781 tibus,
235 3714 348 3770 'curiose
372 3713 524 3769 illustrarit
543 3720 570 3767 et
593 3712 706 3778 digessit
732 3712 819 3766 llensc
841 3712 931 3779 enias,

131 3794 189 3856 quae
202 3785 315 3840 oreatus
329 3784 436 3841 Gallice
450 3791 579 3839 contexta
593 3791 659 3838 strut
673 3800 687 3838 a
700 3784 879 3839 Tillemontio
892 3792 932 3839 to·

133 3872 176 3911 nro
192 3856 240 3916 lt.
258 3870 345 3927 apag.
362 3855 426 3912 5118.

166 3928 205 3983 De
220 3927 344 3993 Pontiae,
365 3928 439 3982 clare
455 3927 637 3997 pronuntiant
652 3927 881 3998 irreronyrntana':
898 3927 932 3983 lo

129 3999 235 4052 riritote
249 3996 329 4064 ebbio,
346 3999 459 4053 Pnnlini
479 3998 593 4068 episcopi
614 4005 636 4051 rt
659 3998 825 4065 corticasoris.
847 3999 932 4053 Paulo

129 4069 240 4125 hrerlor
262 4077 305 4125 est
325 4080 422 4126 auctor
448 4070 563 4125 liomani
590 4069 679 4139 parri.
702 4069 768 4124 stret
791 4069 879 4134 beda;
904 4076 933 4124 at

130 4140 223 4209 Plorrrs
243 4141 366 4213 elogium
392 4142 559 4211 composuit,
583 4142 668 4195 solam
694 4141 778 4195 leriae
801 4156 933 4211 pauperes

129 4211 288 4268 charitatem
307 4213 457 4267 extollens.
479 4210 539 4266 ,ido
556 4211 697 4266 historiam
713 4214 801 4280 tangit
816 4211 849 4266 de
865 4213 932 4265 Pau·

986 2998 1133 3054 abhorrere
1144 3001 1220 3055 visus
1232 3007 1273 3055 est
1282 3000 1373 3056 editor
1382 3000 1490 3055 Paulini
1501 3017 1613 3072 operum
1623 3001 1656 3055 D.
1664 3001 1701 3055 he
1711 3000 1788 3055 Brun

986 3070 1178 3126 dissertatione
1202 3073 1227 3136 t,
1249 3086 1310 3143 pag.
1338 3061 1398 3139 111,
1429 3081 1506 3128 num.
1533 3071 1559 3127 1,
1581 3071 1786 3138 Tillernontins,

986 3141 1082 3197 htultis
1096 3144 1169 3198 ultro
1180 3143 1304 3214 citroque
1318 3142 1455 3214 expensis,
1470 3151 1526 3198 rem
1541 3141 1689 3197 indecisam
1705 3142 1787 3196 relin-

986 3213 1046 3337 quit
1061 3220 1136 3267 tomo
1151 3215 1226 3281 xlv,
1238 3224 1254 3269 a
1259 3221 1326 3341 fag.
1344 3215 1405 3280 733,
1415 3222 1557 3286 postquam
1574 3213 1681 3268 Paulini
1694 3213 1788 3279 Vitam

1000 3300 1047 3337 use
1061 3284 1207 3339 adornavit
1226 3300 1258 3341 eo
1279 3301 1321 3339 ern
1346 3292 1422 3340 tomo
1439 3302 1455 3340 a
1470 3301 1529 3357 pag.
1548 3284 1560 3339 1
1577 3283 1611 3338 ad
1628 3284 1687 3340 116.
1704 3282 1789 3339 Nobis

987 3354 1097 3409 interim
1118 3356 1186 3411 salvi
1208 3357 1272 3411 sunl
1289 3357 1403 3413 Usuardi
1420 3356 1510 3427 apices
1528 3371 1634 3420 onrnes,
1650 3355 1716 3410 satis
1730 3355 1786 3410 cir-

986 3437 1141 3495 cumspecte
1160 3427 1292 3498 expressi.
1318 3427 1422 3484 Ambos
1446 3433 1538 3482 textus
1562 3425 1648 3481 nostri
1668 3431 1786 3494 sanctos,

987 3497 1088 3567 quibus
1109 3498 1196 3567 prima
1218 3506 1247 3553 et
1271 3498 1393 3563 secunda
1417 3497 1592 3553 annuntiatio
1611 3503 1728 3566 constet,
1748 3496 1789 3553 sic

986 3568 1125 3639 eleganter
1138 3568 1239 3625 cecinit
1254 3568 1470 3626 wandalbertus
1484 3573 1489 3624 i

1051 3684 1166 3734 Albanus
1179 3684 1280 3747 deciipo
1293 3659 1409 3734 defendit
1425 3671 1499 3734 laude
1517 3665 1663 3738 britannos,

1049 3747 1227 3810 Paulinusqne
1240 3748 1336 3798 Nolam
1354 3748 1451 3796 rneritie
1466 3757 1491 3796 et
1505 3747 1607 3796 norriine
1624 3747 1725 3796 lustrat.

1022 3855 1126 3909 Ultima
1140 3854 1315 3909 annuntiatio
1331 3853 1474 3909 nonnullis
1490 3852 1712 3919 difficultatibus,
1728 3856 1788 3933 quas

987 3925 1014 3979 in
1031 3925 1107 3980 Actis
1127 3925 1320 3997 explanantur,
1337 3925 1458 3980 obhu'aia
1477 3931 1528 3991 est,
1550 3925 1700 3996 pruseitlrn
1716 3938 1789 3978 circa

987 3996 1159 4052 identitatem
1181 3998 1276 4051 iliceto
1298 3997 1491 4069 cuiusquam
1515 3996 1649 4051 Duronius
1672 3995 1699 4049 lit
1719 3993 1789 4049 duos

987 4068 1146 4123 distraxisse
1173 4067 1291 4122 videtur.
1322 4069 1360 4123 De
1379 4072 1477 4123 cetero
1503 4083 1537 4124 ex
1564 4064 1789 4138 hieronymianis

986 4141 1068 4193 etiam
1090 4139 1284 4210 proficiscitur,
1303 4145 1409 4193 nrntato
1424 4138 1535 4193 nominc
1553 4139 1626 4193 Nisei
1648 4137 1676 4192 in
1692 4137 1787 4202 ilicem

987 4226 1041 4264 non
1056 4211 1160 4270 Nicetii,
1176 4216 1206 4264 nt
1217 4210 1308 4280 posuit
1320 4211 1464 4265 Notkerus.
1478 4210 1576 4264 Noster
1591 4210 1669 4281 piahe'
1686 4208 1785 4262 immu-

131 4282 174 4338 lini
186 4285 214 4339 in
228 4284 332 4349 artrica
340 4283 485 4349 seruitute,
503 4300 550 4354 pro
560 4283 651 4337 uidua
665 4282 722 4337 lilio
733 4283 849 4351 gloriose
865 4284 930 4337 tole·
946 4283 967 4343 G
984 4290 1071 4336 tatum
1086 4281 1209 4352 reliquit,
1221 4280 1294 4352 quod
1308 4280 1336 4334 in
1351 4281 1446 4335 Adone
1462 4288 1611 4351 repererat:
1627 4279 1700 4334 uncle
1716 4284 1790 4351 patet

133 4363 192 4411 reta.
212 4355 345 4411 habenas
363 4355 454 4410 solunt
479 4353 596 4420 addidit,
619 4355 714 4423 dequo
740 4354 882 4423 Gregorius
901 4353 931 4406 t'rt

135 4425 194 4480 libro
208 4429 386 4497 Diuioporttm
405 4433 513 4481 rrorrot.
530 4427 564 4480 Et
580 4425 616 4480 itu
632 4425 717 4479 ierrne
732 4425 827 4479 Noster
843 4424 930 4493 prima

133 4498 205 4569 elogii
229 4498 274 4554 sui
296 4505 384 4568 parte,
406 4496 486 4567 cujus
505 4505 606 4568 partein
623 4499 746 4561 alteram,
763 4495 863 4549 cioroit
876 4512 932 4549 cro-

134 4575 185 4635 ton,
206 4578 273 4637 etc.,
292 4586 328 4624 ex
348 4568 446 4624 Adone
465 4570 499 4624 ad
515 4567 628 4623 verbum
644 4567 807 4637 desumpsit,
827 4566 932 4636 reliqna

984 4359 1073 4406 totum
1096 4352 1182 4406 lertne
1197 4359 1305 4406 tentum
1325 4358 1451 4407 nostrum
1466 4362 1499 4405 ex
1516 4366 1548 4404 eo
1563 4350 1608 4405 hic
1624 4351 1705 4404 etiard
1723 4364 1789 4420 pro·

984 4423 1108 4548 illquiqqq,
1124 4423 1172 4494 qul
1186 4421 1220 4477 de
1236 4431 1335 4477 caetero
1353 4437 1420 4494 pure
1439 4427 1466 4476 et
1482 4420 1647 4492 simpliciter
1661 4417 1789 4474 Usutrdi·

864 4693 1054 4750 AUCTARIA.

160 4807 310 4863 lioswnro.
324 4802 658 4876 penultimolocoinserit:
670 4803 753 4856 «item
763 4798 930 4866 eudochia,

137 4874 224 4933 loliani
241 4885 271 4934 et
284 4877 405 4932 alioruin
423 4891 538 4930 oircriav.
556 4899 564 4921 ν
588 4873 657 4930 Vide
674 4875 750 4928 dcta.

164 4948 317 5005 Ριιιιιιιιιιι.
336 4946 450 5019 incipit:
474 4946 600 5000 «Natalis
616 4944 687 5001 beati
710 4944 818 4999 Paulini
832 4941 931 4997 Nolani

137 5020 241 5093 episcopi
265 5028 293 5076 et
308 5018 484 5074 confessoris.
509 5018 539 5072 ln
560 5016 712 5082 Britannia,
728 5015 815 5070 sancti
831 5012 932 5068 Albani

137 5094 265 5164 martyris.
278 5091 332 5158 Qui
351 5099 475 5161 tempore
487 5087 661 5152 Diocletiani,
680 5108 692 5137 n
704 5095 769 5151 etc,
785 5102 871 5156 usquc
886 5083 932 5151 ad,

141 5165 243 5235 =eapite
259 5163 360 5236 plexus
375 5169 425 5217 est.
443 5161 496 5216 Sed
514 5160 563 5214 iilo
579 5160 606 5213 in
628 5167 698 5213 terra
713 5157 838 5223 cadente,
858 5155 932 5211 oculi

134 5231 193 5302 rjus,
214 5236 265 5306 qui
285 5251 349 5289 curn
375 5232 519 5300 percussit,
547 5233 648 5301 pariter
669 5228 838 5284 ceciderunt.
865 5229 931 5281 liena

134 5307 209 5361 uncti
227 5306 323 5362 Jacohi
344 5305 445 5375 Alphei
461 5303 589 5372 apostoli.
606 5327 614 5345 ·
638 5301 708 5356 Vide
726 5318 733 5355 r
748 5299 823 5354 binii.
847 5300 933 5369 «lpso

133 5374 179 5444 die,
194 5381 283 5433 sancti
300 5378 400 5447 Nucem
415 5374 549 5447 episcopi.
568 5399 575 5417 ι

161 5453 306 5504 darrene.
319 5456 346 5503 et
356 5448 549 5504 trra-hasac.
562 5443 695 5498 omittunt
704 5443 818 5496 alteram
830 5447 933 5509 partein

130 5521 205 5589 elogii
229 5520 399 5576 Pauliniani.
426 5519 456 5573 ln
477 5517 531 5570 stne
553 5525 662 5570 autent:
686 5511 794 5583 «Apud
816 5513 933 5566 Alexan-

130 5590 223 5650 drianr.
237 5593 267 5646 in
284 5600 389 5656 rrrontc,
401 5589 450 5661 qui
467 5597 580 5643 iocatur
592 5584 719 5650 tlrnrath,
733 5584 821 5654 passio
834 5591 934 5666 nrartg-

130 5679 183 5717 runi
201 5664 296 5719 decern
315 5663 468 5717 millium.-
487 5659 560 5725 Quid
575 5658 604 5713 in
616 5657 813 5711 blan-larena.
827 5654 933 5723 signill-

128 5743 185 5789 cent
206 5734 268 5789 heac
283 5750 344 5806 quas
364 5731 540 5787 subduntur:
565 5730 679 5799 «lieqrc
702 5743 818 5781 nutriero
832 5741 927 5779 oinos·

128 5805 213 5862 tateor
227 5819 274 5861 me
288 5801 407 5862 nescire.

1021 4794 1409 4862 harusam-blandarum,
1422 4795 1527 4849 Lorau.
1539 4800 1566 4849 et
1576 4811 1650 4849 eurr.
1659 4791 1789 4849 Uolusi.-

986 4870 1070 4924 Bsrar.
1088 4869 1181 4923 Primo
1195 4868 1256 4923 loco
1272 4866 1305 4922 de
1318 4873 1412 4922 saneto
1426 4866 1552 4922 Paulino.
1569 4864 1690 4935 demptis
1704 4864 1789 4918 eliam

987 4942 1089 5009 verbis,
1102 4938 1261 5011 incipiendo
1274 4940 1383 5005 claruit,
1391 4947 1444 4994 etc.
1456 4939 1525 4993 Tum
1534 4939 1568 4993 tle
1579 4937 1695 4999 Albano,
1707 4948 1790 5003 quem

986 5013 1114 5068 Atidium
1128 5019 1238 5077 vocant,
1252 5027 1327 5081 pure.
1344 5011 1436 5065 Tertio
1452 5010 1526 5064 loeo:
1550 5032 1559 5054 ι
1575 5004 1656 5077 Apud
1670 5005 1789 5058 Alexan·

986 5084 1086 5148 driam,
1107 5082 1136 5137 in
1157 5089 1250 5138 monte
1270 5081 1317 5154 qui
1342 5088 1456 5136 vocatur
1480 5075 1608 5141 Ararath,
1633 5081 1789 5155 sanctorum
1872 5137 1874 5142 .

988 5163 1140 5225 martyrum
1156 5153 1249 5208 decern
1266 5152 1397 5208 millium.
1414 5175 1423 5198 ι
1445 5149 1475 5204 ln
1492 5146 1545 5201 ihre
1561 5139 1594 5199 de
1613 5138 1695 5224 daces
1711 5148 1787 5214 pure.

1024 5227 1222 5280 Ueritatecrru.
1240 5222 1297 5294 jam
1320 5222 1402 5277 dictis
1425 5217 1536 5282 siusiliS,
1556 5214 1633 5269 addit
1647 5213 1680 5269 de
1695 5215 1789 5295 decem

988 5295 1131 5350 millibus:
1155 5295 1231 5362 ·Qui
1256 5308 1351 5348 omnes
1374 5307 1436 5344 cum
1460 5288 1528 5343 duce
1550 5302 1600 5340 suo
1620 5287 1720 5341 dcacro
1739 5286 1791 5342 sub

989 5367 1131 5421 dirtonino
1152 5366 1275 5437 principe
1294 5360 1431 5423 crncifixi,
1452 5356 1575 5412 oratione
1591 5357 1624 5411 ad
1640 5356 1789 5412 Dominum

989 5440 1057 5502 insa,
1082 5448 1131 5506 pro
1154 5452 1249 5491 eorum
1274 5434 1426 5503 passionem
1449 5428 1547 5482 devote
1573 5426 1788 5494 celebrantibus,

990 5511 1100 5581 ipsaque
1111 5507 1207 5561 divino
1218 5518 1347 5572 responso
1357 5500 1474 5569 desuper
1484 5500 1567 5554 misso
1578 5497 1707 5552 esarrdito
1717 5506 1790 5569 (quae

988 5579 1257 5652 suppositionisnota
1266 5575 1318 5640 est)
1325 5569 1359 5626 ad
1370 5569 1491 5626 crelestia
1502 5567 1574 5642 [olii
1586 5568 1691 5642 caelica]
1706 5584 1790 5639 regna

989 5652 1185 5720 migraverunt.
1205 5672 1212 5690 ·
1761 5708 1766 5718 .
1841 5692 1843 5696 ,

1024 5723 1185 5774 desendet
1201 5717 1297 5769 Dssuc.
1310 5712 1402 5767 vixab
1416 5713 1534 5768 Utrnsr.
1550 5711 1692 5777 differunt,
1701 5709 1748 5765 sed
1760 5723 1788 5761 tn

989 5790 1044 5844 line
1059 5787 1201 5851 omittunt,
1224 5783 1336 5840 «Nicea
1351 5807 1359 5828 ·
1382 5782 1549 5851 humationi,
1565 5790 1618 5837 eto.
