3834 6136
192 192 245 257 2⁷9

856 188 1012 263 usuanni
1027 166 1186 249 uouiciu

1801 182 1856 243 ¹80

798 347 1000 406 VARIANTES
1019 346 1229 406 LECTIONES.

227 473 297 531 Sunt
310 470 357 544 qui
373 471 473 540 legant,
486 467 684 541 predicationis
699 468 781 541 officia
804 475 827 522 et
845 467 991 522 sanctitatis
1006 469 1031 527 A
1045 466 1158 533 Jiiliani,
1174 464 1275 546 Sabini,
1289 462 1421 545 Mancini:
1437 461 1531 534 procul
1547 459 1633 517 dubio
1643 475 1678 542 ex
1688 458 1859 542 diversitate

191 543 335 602 inserviens
345 561 356 608 ;
375 540 528 596 meliorest
544 547 636 595 textus
651 540 737 595 nostri
752 539 991 607 constructio,ubi
1045 536 1170 593 codicum
1188 537 1476 606 llieronyiuianorum,
1493 533 1526 589 de
1545 548 1599 605 qua
1622 529 1686 587 vide
1706 531 1857 587 Florenti-

191 613 335 672 inseiniens
351 630 412 670 cum
428 612 536 676 Adone,
551 627 608 666 nou
626 611 750 679 servicis,
767 619 797 666 ut
812 610 870 666 alii.
888 611 918 666 ln
935 627 991 665 oru-

190 686 272 743 uibus
282 687 513 741 Damascenorum
527 683 573 738 hic
584 690 624 737 est
638 682 705 738 ordo
721 701 726 736 :
745 683 848 750 Sabini,
866 682 991 749 Masinii,

190 757 305 827 iuliani,
320 765 372 816 etc.
389 755 446 815 Soli
471 754 588 813 Gieuen.
613 761 640 810 et
664 754 765 812 Molau.
791 756 829 810 ita
853 761 989 809 vertunt:

1045 609 1134 664 nium.
1151 608 1291 663 llerinien.
1308 623 1358 678 pro
1372 606 1512 671 Macrobii,
1531 605 1602 659 male
1619 602 1731 685 scripsit
1744 603 1857 659 Macra·

1046 680 1093 746 bii,
1110 688 1140 735 ut
1154 680 1200 734 alii
1218 679 1308 747 Ponti,
1325 694 1375 758 pro
1397 678 1499 757 Paula,
1516 683 1567 730 etc.
1589 675 1653 731 Alia
1671 690 1701 731 in
1724 675 1858 748 proxime

1048 758 1179 824 sequente
1194 752 1386 807 observatione
1399 747 1595 820 expediuntur.

866 879 1166 938 0nsnnvan10n'ns.

225 987 304 1045 Circa
318 983 435 1057 primam
446 991 473 1039 et
482 981 630 1038 secundam
645 988 737 1038 textus
747 980 833 1037 nostri
843 981 988 1037 annuntia·

189 1059 293 1115 tionem
324 1057 401 1111 nulla
426 1070 536 1125 prorsus
564 1053 711 1109 difficultas
738 1052 862 1110 suscitari
888 1059 985 1122 potest.

188 1130 282 1201 loseph
297 1127 330 1182 ab
344 1135 454 1183 auctore
478 1125 593 1181 Romani
617 1125 694 1196 parui
719 1125 804 1180 sacris
828 1123 915 1178 Fastis
935 1122 989 1194 pri·

189 1218 266 1257 mum
280 1199 408 1265 insertus,
424 1197 462 1250 ita
476 1195 514 1251 ibi
530 1196 694 1266 praedicatur
705 1213 711 1250 :
723 1195 884 1276 incipian·
899 1211 989 1263 cogna-

189 1272 305 1326 minatas
326 1275 364 1322 est
381 1267 481 1337 justus,
501 1267 547 1336 qni
569 1285 586 1320 c
599 1267 700 1320 Jitdceis
713 1284 763 1337 pro
784 1267 888 1322 Christo
904 1267 989 1320 multo

186 1357 335 1414 perpessas,
348 1338 472 1393 victorin
487 1338 580 1391 Jiidaea
601 1337 708 1407 quierit.
725 1336 785 1392 Ado
800 1337 919 1406 elogium
936 1352 989 1390 au-

189 1414 260 1469 ctius
286 1410 417 1473 reddidit,
442 1424 457 1462 a
482 1407 601 1463 Notliero
625 1407 802 1478 descriptum.
827 1409 934 1471 Noster,
961 1413 991 1460 ut

189 1498 295 1553 semper
309 1482 418 1546 assolet,
434 1479 500 1533 dum
516 1485 609 1533 textus
621 1479 759 1534 Adoniaui
772 1479 854 1550 paulo
867 1476 990 1533 diffusio-

188 1569 232 1610 res
244 1560 318 1620 sunt,
334 1565 441 1607 summa
456 1564 546 1604 rerum
572 1549 662 1620 capita
682 1549 820 1621 eleganter
841 1550 988 1620 compegit.

188 1624 267 1693 Quod
283 1632 374 1680 autem
389 1622 423 1678 de
438 1619 536 1676 hausto
560 1619 673 1675 innoxie
697 1637 804 1676 veneno
827 1620 939 1686 dicitur,
955 1635 990 1674 ex

188 1696 280 1753 nunni
292 1693 412 1751 Eusebio
421 1691 470 1746 lib.
482 1709 522 1758 iii,
532 1707 590 1761 cap.
601 1691 646 1758 28,
657 1690 833 1761 desumptum
848 1691 988 1746 existimo.

189 1766 292 1824 Caetera
313 1782 348 1820 ex
371 1762 456 1829 Actis,
477 1770 524 1817 aut
548 1763 657 1817 Petrum
673 1762 822 1817 traditione
836 1760 990 1832 colligenda

188 1845 264 1903 suut,
278 1843 308 1892 ut
322 1836 388 1891 lecit
401 1833 594 1890 Tillemontius
610 1841 685 1888 tomo
700 1834 721 1900 l,
739 1833 823 1888 variis
845 1833 922 1899 loois,
943 1831 990 1888 sed

188 1908 309 1964 maxime
325 1923 384 1979 pag.
402 1906 463 1969 ita,
479 1921 538 1976 quai
555 1904 585 1975 iii
609 1904 686 1960 Actis
710 1905 811 1960 uostris
836 1906 990 1961 accuratius

188 1979 381 2034 discutientur.
398 1978 531 2045 Martyres
547 1975 712 2044 damasceni,
730 1984 760 2030 ut
777 1975 823 2030 hio
836 1975 988 2047 signantur,

188 2049 227 2105 ita
239 2065 272 2104 ex
289 2046 512 2119 llieronymianis
526 2046 629 2117 accepti
645 2055 709 2102 suut
724 2047 757 2103 ab
773 2047 878 2114 Adone,
891 2064 925 2103 eir
936 2064 990 2119 quo

188 2119 218 2176 in
232 2121 361 2175 Nostrum
377 2127 404 2174 et
418 2119 568 2175 Notlrerum
587 2118 777 2176 transfluxere.
795 2120 833 2174 De
857 2120 991 2173 nonnulla

189 2191 262 2246 inter
274 2188 490 2246 uetustissimum
506 2188 735 2270 Epternacensem
751 2200 778 2247 et
792 2189 912 2260 reliquos
929 2190 989 2244 ilie-

1043 978 1110 1034 adeo
1136 994 1152 1033 a
1175 976 1296 1048 puritate
1322 974 1438 1033 deficere
1458 973 1567 1031 codices
1594 990 1691 1030 ornnes
1714 982 1857 1048 quotquot

1043 1051 1118 1104 illam
1138 1049 1279 1120 adoptant,
1303 1054 1334 1103 ut
1355 1055 1431 1114 sunt,
1455 1044 1681 1118 Autuerp.·Maj.,
1702 1046 1857 1118 Antuerp.,

1044 1122 1190 1188 Munerat,
1202 1119 1319 1175 Greuen.
1335 1126 1362 1174 et
1376 1118 1434 1173 alii.
1451 1119 1544 1173 Restat
1556 1118 1707 1172 solvendus
1722 1117 1814 1173 nodus
1828 1117 1858 1173 in

1048 1193 1184 1257 Victmaro,
1201 1206 1281 1261 quem
1291 1188 1348 1259 Jam
1360 1189 1445 1244 ierme
1460 1186 1520 1243 xdr
1535 1188 1622 1256 lunii,
1638 1205 1673 1243 ex
1686 1197 1744 1244 toto
1759 1188 1858 1270 praeci-

1043 1261 1145 1318 dimus.
1163 1261 1213 1316 llio
1233 1261 1321 1316 solum
1338 1260 1447 1315 accedet
1465 1259 1614 1317 Castellani
1629 1259 1797 1328 obseruatio,
1817 1260 1859 1315 ita

1044 1333 1148 1389 Gallice
1162 1333 1194 1388 ad
1216 1348 1259 1387 me
1274 1331 1420 1387 scribentis
1435 1349 1440 1386 :
1457 1332 1492 1386 Le
1506 1330 1540 1387 tt
1556 1331 1647 1401 (tuiti)
1664 1332 1723 1401 finit
1736 1349 1792 1403 pai·
1805 1348 1859 1386 une

1044 1411 1145 1471 cotnra,
1173 1420 1221 1457 sni·
1241 1404 1352 1473 laquelle
1374 1409 1410 1456 est
1431 1403 1511 1457 ricrit
1527 1402 1604 1458 d’icne
1628 1403 1702 1457 main
1726 1405 1858 1458 tris-an-

1043 1476 1154 1530 cienne:
1182 1476 1215 1531 ln
1234 1491 1303 1545 pago
1325 1474 1499 1542 Bononiensi,
1515 1483 1572 1531 etc.
1598 1473 1677 1541 Quod
1702 1473 1856 1546 siguificat,

1044 1546 1283 1602 annuntiationem
1303 1546 1378 1616 prius
1401 1544 1460 1600 illic
1473 1545 1600 1626 positam,
1618 1561 1721 1601 erasnm
1737 1561 1807 1613 esse,
1827 1552 1857 1601 et

1044 1635 1105 1690 quae
1115 1617 1196 1672 inodo
1206 1624 1329 1689 apparet,
1345 1617 1623 1673 vetustissimamanu
1633 1617 1658 1671 ei
1672 1617 1853 1689 inscriptam.

1045 1689 1201 1745 Meminisse
1216 1696 1323 1759 oportet
1343 1688 1376 1743 ad
1400 1706 1459 1743 xvii
1482 1688 1556 1743 Junii
1576 1689 1604 1743 in
1629 1687 1723 1743 eodem
1746 1688 1851 1744 codice

1044 1769 1213 1831 expunctum
1225 1762 1390 1828 anmarnrn,
1399 1762 1478 1830 eique
1489 1759 1668 1815 substitutum
1678 1759 1849 1828 Guiidnlsnrn

1047 1832 1236 1888 Bituricerisem
1252 1833 1294 1899 (ut
1310 1832 1337 1886 in
1353 1831 1491 1886 similibus
1515 1847 1569 1885 non
1592 1830 1676 1886 semel
1690 1830 1851 1887 lectitatum

1045 1903 1111 1958 alibi
1136 1902 1339 1973 ostendinius);
1358 1911 1385 1958 et
1406 1902 1445 1957 sic
1469 1901 1613 1958 manifeste
1635 1902 1850 1974 comperiemus,

1045 1982 1226 2031 correctorem
1243 1975 1333 2041 illum,
1350 1974 1474 2047 quisquis
1490 1974 1583 2041 luerit,
1598 1974 1649 2030 bac
1663 1973 1708 2030 die
1730 1975 1851 2030 Paulina

1047 2047 1237 2102 cordubensem
1261 2046 1452 2117 exsculpsisse,
1474 2053 1505 2100 ut
1521 2061 1553 2100 eo
1574 2046 1729 2101 anmarnnr
1751 2052 1850 2100 trans-

1045 2116 1137 2184 ferret,
1153 2133 1234 2189 quem
1258 2118 1293 2172 ob
1315 2117 1395 2188 spatii
1421 2115 1560 2198 angustias
1583 2116 1729 2173 Adoniana
1751 2115 1849 2191 phrasi

1045 2205 1099 2244 non
1120 2188 1210 2259 potuit
1228 2187 1402 2259 exprimere;
1427 2198 1467 2243 uti
1491 2205 1540 2244 nec
1563 2189 1672 2245 codices
1694 2189 1743 2245 alii
1765 2190 1796 2245 in
1818 2205 1852 2246 aa

187 2262 367 2335 ronymianos
389 2262 497 2317 codices
511 2261 707 2332 discrepantia,
722 2263 777 2334 agit
792 2261 988 2328 Floreiitinius,
1005 2255 1026 2313 B
1046 2260 1257 2316 annuntiatione
1271 2261 1426 2315 conformes
1442 2268 1515 2316 suut.

188 2350 270 2407 quem
284 2334 410 2389 curiosus
429 2334 514 2390 lector
533 2333 667 2388 consulat.

224 2406 361 2461 Hactenus
375 2412 448 2461 certe
463 2403 515 2460 sibi
535 2412 642 2460 constat
658 2404 811 2460 Usuardina
828 2404 941 2468 veritas,
956 2421 990 2458 ex

187 2493 322 2535 consensu
333 2476 459 2534 codicum
473 2475 597 2531 omnium
612 2494 617 2532 :
630 2492 766 2531 venenum
782 2484 829 2532 aut
842 2475 990 2531 discrimen

188 2548 217 2605 in
237 2548 323 2604 cauda
337 2549 411 2603 latet.
429 2549 464 2604 Ut
482 2555 573 2602 autem
591 2547 663 2604 clare
678 2555 704 2603 et
720 2547 817 2603 ordine
833 2547 988 2620 procedam,

187 2619 272 2675 verba
295 2619 432 2673 pratensis
455 2617 559 2673 codicis
579 2618 698 2687 primum
719 2619 813 2674 recito.
836 2618 922 2673 Addit
945 2618 991 2673 ille

207 2697 249 2745 ost
278 2688 404 2759 praefatas
428 2689 507 2744 binas
529 2689 804 2744 courmomorationes
829 2707 834 2742 :
861 2691 893 2744 lu
918 2690 989 2756 Paaa

187 2706 358 2826 hantoniensi,
380 2759 464 2815 sancti
486 2758 589 2814 Ulniari
616 2759 783 2827 confessoris.
799 2758 904 2826 Quibus
928 2745 989 2814 sub-

183 2829 277 2911 jungit
292 2829 457 2901 ecgraphum
473 2839 597 2886 nostrum
615 2847 620 2884 :
637 2831 798 2897 Eodemdic,
809 2838 905 2885 sanctie
916 2832 989 2888 Mar-

187 2907 280 2971 garita
293 2901 406 2971 virginis
429 2907 453 2955 et
465 2901 604 2971 martyris,
619 2902 659 2956 sic
673 2910 764 2956 tamen
780 2910 809 2957 ut
824 2918 857 2957 eir
875 2903 990 2967 subvir-

188 2971 327 3042 giilatioue
341 2972 422 3028 lacile
437 2973 601 3044 intelligam,
618 2989 649 3027 ea
663 2973 747 3027 verba
765 2989 800 3028 eir
823 2974 945 3045 margine
960 2974 989 3028 in

187 3051 294 3098 teiituin
311 3044 444 3110 traducta,
460 3043 533 3116 quod
548 3041 664 3099 subinde
676 3043 850 3099 consumavit
866 3045 990 3101 oculatus

187 3113 326 3186 inspector
336 3116 401 3172 clar.
418 3115 598 3181 Castellanus,
613 3132 735 3171 asserens
746 3116 891 3172 recentiori
907 3132 989 3171 manu

187 3201 220 3241 eo
230 3186 284 3242 loci
295 3187 426 3258 scriptum
439 3202 506 3252 esse,
518 3204 573 3242 uon
586 3188 750 3258 Margarita,
762 3186 808 3244 sed
823 3187 876 3243 hoc
890 3196 968 3260 pacto
981 3206 986 3243 :

185 3250 256 3314 End.
272 3258 323 3323 dic,
339 3276 388 3313 scie
401 3259 516 3317 Marinae
538 3260 605 3328 virg.
625 3265 648 3314 et
667 3276 719 3313 mr.
741 3258 818 3315 Unde
833 3267 928 3332 etqua
945 3277 988 3315 ra·

187 3328 263 3385 tione
285 3330 395 3386 Marica
410 3330 458 3386 illa
472 3347 534 3386 oum
558 3331 710 3400 Margarita
732 3330 866 3387 conlundi
892 3330 986 3402 possit,

186 3397 278 3458 dicere
288 3401 421 3483 ecepimus
430 3401 464 3458 ad
472 3419 544 3459 svm
554 3403 640 3472 lunii,
652 3403 709 3471 sed,
717 3409 749 3458 ut
761 3402 877 3459 candide
892 3403 986 3471 fatear,

187 3472 353 3544 operosioris
369 3473 571 3554 disquisitionis
585 3483 636 3542 est,
652 3491 731 3546 quam
758 3481 788 3529 ut
810 3473 856 3530 hic
870 3474 989 3547 indage-

187 3549 242 3597 tur.
259 3544 507 3614 lmpraesentiarum
527 3546 563 3601 sit
583 3546 658 3611 satis,
674 3545 825 3600 ostendisse
842 3548 987 3602 annuntia·

187 3611 292 3668 tionem
314 3613 391 3668 illam
415 3614 537 3694 antiquis
555 3615 747 3686 Martyralogis
762 3615 941 3686 incognitam,
959 3618 987 3672 iu
1005 3627 1196 3687 cgermauam
1212 3616 1327 3673 Usuardi
1342 3617 1559 3691 simplicitatem.

187 3681 330 3739 codicibus
348 3683 509 3740 Usuardinis
533 3685 613 3757 plane
635 3701 693 3740 esse
713 3685 892 3756 adjectitiam,
911 3696 993 3760 atque

1084 2331 1154 2387 lliuc
1168 2331 1249 2385 inodo
1264 2330 1368 2402 conjice
1385 2332 1580 2387 restituendam
1598 2333 1658 2387 loco
1677 2349 1728 2389 suo
1742 2349 1849 2388 aunun-

1046 2403 1188 2458 tiatiouem
1204 2403 1295 2470 Pauli,
1313 2402 1422 2458 anobis
1440 2404 1543 2459 idcirco
1567 2406 1596 2462 in
1620 2411 1698 2460 textu
1714 2405 1846 2477 positam,

1045 2482 1127 2546 proiit
1141 2490 1200 2529 eam
1216 2473 1316 2530 diserte
1330 2473 1438 2544 signant
1452 2475 1529 2531 citati
1553 2492 1636 2548 supra
1655 2475 1765 2532 codices
1780 2493 1846 2549 qua·

1044 2553 1117 2613 tuor,
1138 2555 1165 2601 et
1188 2555 1317 2672 praterea
1341 2547 1503 2616 Turnacum,
1527 2548 1675 2619 Antuerp.‚
1698 2549 1847 2616 Munerat,

1045 2616 1175 2682 Greven,
1213 2617 1341 2688 ltraject.,
1357 2634 1420 2673 cum
1432 2619 1494 2674 aliis
1508 2619 1650 2676 codicibus
1665 2627 1692 2674 et
1704 2625 1847 2676 extractis.

1044 2688 1180 2755 Molanns,
1191 2688 1236 2760 qui
1250 2688 1278 2743 in
1290 2689 1378 2770 prima
1388 2707 1438 2744 sua
1451 2690 1573 2746 editione
1583 2690 1616 2747 de
1627 2691 1760 2747 Vulmaro
1775 2700 1849 2748 recte

1045 2767 1135 2831 egerat
1152 2776 1211 2814 xvir
1226 2760 1312 2826 lunii,
1329 2761 1427 2817 merito
1444 2761 1496 2817 liac
1509 2760 1554 2818 die
1572 2779 1634 2818 eum
1651 2764 1846 2834 praetermisit3

1044 2831 1091 2886 sed
1117 2847 1165 2887 cur
1188 2832 1305 2886 Parilnni
1327 2832 1491 2902 neglexerit,
1516 2850 1571 2890 non
1597 2835 1664 2890 satis
1689 2835 1846 2907 perspicio;

1045 2901 1239 2957 multominus
1255 2918 1303 2958 cur
1319 2903 1347 2957 iu
1362 2903 1531 2961 editionibus
1546 2905 1608 2962 aliis
1629 2915 1779 2979 utrumque
1795 2923 1849 2978 po-

1044 2974 1148 3028 suerit:
1162 2974 1208 3028 ubi
1224 2973 1413 3030 immemorem
1429 2977 1471 3031 sui
1487 2977 1601 3042 diceres,
1618 2977 1672 3032 nisi
1686 2978 1716 3032 in
1730 2988 1848 3034 annota-

1043 3045 1128 3111 tione,
1142 3045 1233 3101 nescio
1246 3062 1327 3117 quain
1339 3046 1421 3117 hujus
1434 3047 1605 3119 duplicitatis
1619 3065 1731 3104 causam
1745 3049 1849 3106 indica·

1045 3123 1094 3170 ret.
1111 3114 1195 3171 Nobis
1214 3116 1314 3188 itaquo,
1340 3120 1479 3189 perpensis
1503 3120 1641 3188 omnibus,
1658 3121 1776 3176 dubium
1793 3137 1847 3176 non

1044 3193 1084 3242 est
1095 3188 1161 3259 quin
1177 3188 1289 3255 Paulus,
1306 3197 1429 3245 asancto
1445 3190 1561 3262 Eulogio
1573 3191 1622 3247 lib.
1636 3209 1656 3247 ii
1666 3192 1847 3261 Memorialis‚

1043 3274 1102 3328 cap.
1119 3259 1146 3326 6,
1163 3275 1177 3312 e
1198 3258 1269 3386 regie
1287 3260 1450 3328 celebratus,
1466 3262 1671 3334 cumpluribus
1694 3263 1758 3320 aliis
1773 3281 1848 3319 mar·

1043 3329 1151 3400 tyribus
1189 3347 1221 3386 or
1242 3330 1402 3397 ubeusibus,
1418 3349 1486 3413 quos
1501 3333 1529 3387 in
1552 3333 1683 3405 Hispania
1706 3335 1849 3391 Usuardus

1043 3402 1199 3473 collegerat,
1213 3401 1277 3457 inde
1291 3403 1320 3457 in
1333 3405 1476 3459 Franciam
1487 3404 1633 3473 allatus,et
1645 3405 1767 3474 hoodie,
1779 3423 1848 3461 mar·

1042 3472 1108 3554 tyrii
1125 3471 1183 3544 ejus
1197 3474 1319 3545 proprio,
1334 3492 1390 3530 nori
1412 3491 1477 3530 vero
1502 3476 1653 3545 Viitrnarns,
1669 3478 1849 3560 consignatus

1042 3551 1088 3611 sit,
1106 3551 1138 3598 iit
1156 3545 1271 3617 proinde
1286 3547 1453 3602 vindicatam
1468 3554 1595 3618 putemus
1610 3548 1807 3622 primigeniam
1821 3559 1848 3606 et

915 3812 1105 3872 AUCTARIA.

222 3908 263 3965 Da
273 3906 410 3963 Pnircusi
424 3907 519 3964 codice
528 3907 585 3980 jam
595 3907 728 3963 diximus.
742 3909 775 3963 Ei
789 3910 817 3964 in
833 3911 986 3981 augmentis

186 3977 220 4036 de
233 3996 308 4035 more
323 3979 423 4034 similis
437 3987 478 4035 est
492 3980 753 4035 durusne-Maiori.

222 4051 381 4106 ToniiAcitn.
392 4049 508 4121 incipit:
528 4050 702 4122 ‹Margaretae
716 4051 842 4122 virginis.
859 4075 868 4098 ι
890 4053 920 4108 ln
932 4054 985 4108 elo·

186 4121 230 4193 gio
245 4120 356 4193 losephi
369 4121 483 4177 mutilus
496 4128 547 4190 est,
557 4138 573 4177 a
583 4122 674 4192 dequo
684 4121 811 4192 refertar,
821 4131 873 4179 etc.
884 4123 987 4181 Cetera

184 4208 280 4266 purus.

220 4264 369 4320 Roswnun.
385 4263 414 4319 in
430 4263 484 4321 line
497 4264 586 4320 solum
601 4265 683 4321 habet
699 4283 704 4321 :
728 4289 737 4312 ι
753 4267 783 4321 lu
806 4283 874 4338 pago
889 4267 986 4322 Bono-

184 4331 284 4402 niensi,
296 4334 384 4392 mucii
398 4335 534 4391 Wulmari
545 4335 651 4392 abbatis
661 4344 688 4392 et
697 4337 871 4395 confessoris.
887 4363 895 4386 ι
914 4340 985 4395 Maio

184 4420 233 4478 ego
245 4422 308 4462 cuin
323 4405 385 4462 aliis
399 4406 516 4463 scribere
533 4407 663 4464 Vnimari.

220 4479 361 4533 Amorne
378 4485 405 4533 et
417 4478 588 4536 Uuunciriii.
600 4479 634 4536 de
648 4479 706 4536 Mar
723 4480 793 4536 arita
809 4481 849 4537 sic
863 4480 982 4538 habent:

190 4547 295 4672 ⁸1Apurp
310 4548 497 4630 Antiochiam,
512 4552 600 4623 passio
610 4553 695 4609 beatas
705 4496 857 4625 Margarita
868 4554 985 4625 virginis

183 4631 198 4670 e
225 4634 269 4671 ma
298 4636 389 4688 yrrs..

219 4686 366 4742 Mnunniir.
382 4691 470 4744 textui
486 4708 554 4761 puro
568 4690 683 4748 subdit:
709 4718 717 4741 ι
733 4694 836 4749 Eodem
854 4694 909 4762 die,
924 4711 983 4750 sau-

182 4759 233 4810 ciae
245 4755 400 4826 Margaretae
414 4759 531 4830 virginis
545 4769 572 4815 et
588 4764 725 4833 martyris.
740 4788 749 4809 ι

218 4824 314 4880 Binum.
341 4826 422 4882 habet
443 4830 525 4883 etiam
549 4838 655 4885 textum
677 4849 787 4903 purum,
810 4834 856 4889 sed
876 4833 952 4890 addit
975 4853 980 4890 :

188 4918 198 4942 ι
212 4895 293 4968 Apud
308 4896 496 4966 Antiochiam,
512 4900 601 4971 passio
617 4902 701 4957 beatae
720 4904 871 4974 Margarita
893 4905 982 4978 virgi-

181 4967 225 5025 nis
237 4977 264 5025 et
278 4968 418 5051 martyris.
427 4972 494 5025 item
510 4971 604 5026 eodem
616 4970 670 5040 die,
682 4974 785 5030 Octava
798 4975 885 5030 sancti
897 4977 981 5033 Boua-

180 5048 304 5098 venturae
318 5041 438 5114 episcopi
452 5048 480 5097 et
490 5042 665 5110 confessoris,
680 5044 792 5102 Ordinis
802 5046 973 5104 Mincium·

180 5108 289 5170 Similia
301 5113 370 5170 festa
384 5112 430 5170 hic
445 5114 544 5185 sepius
558 5121 699 5171 notantur.

1043 3911 1096 3980 uis,
1124 3913 1225 3969 sororis
1248 3912 1335 3969 sancti
1360 3914 1537 3984 Monowaldi,
1563 3915 1686 3988 ejusdem
1714 3919 1769 3977 loci
1792 3920 1849 3994 epi-

1042 4000 1088 4039 sco
1110 3982 1127 4038 i.
1144 4008 1153 4031 ι
1176 3984 1246 4039 Vide
1261 3984 1333 4040 inira
1346 3986 1407 4042 cod.
1429 3986 1621 4058 Bnuxicuunu,
1636 3991 1690 4047 etc.

1102 4071 1236 4134 aurdanu.
1253 4074 1258 4110 :
1283 4056 1400 4112 ‹Natale
1416 4057 1488 4112 beati
1503 4059 1613 4131 loseph,
1630 4062 1678 4133 qui
1693 4062 1790 4119 Justus
1803 4080 1848 4120 co-

1042 4135 1217 4207 gnominatus
1228 4137 1279 4194 est,
1293 4126 1393 4198 quibus
1408 4127 1534 4204 [quique]
1550 4147 1650 4203 corpus
1664 4134 1845 4191 Dominicum

1042 4213 1071 4252 in
1096 4197 1220 4267 sepulcro
1262 4199 1354 4269 roprio
1379 4201 1479 4256 meruit
1502 4203 1654 4274 sepelire·
1676 4206 1749 4262 Satis
1771 4214 1847 4278 patet

1041 4267 1177 4350 conlusio.
1196 4214 1425 4349 lahamasceuis,
1442 4288 1527 4343 purus
1541 4282 1592 4342 est,
1617 4275 1672 4331 uisi
1697 4279 1774 4351 quod
1797 4295 1846 4350 pro

1041 4340 1165 4406 Mancinus,
1190 4341 1292 4396 scribat
1314 4342 1469 4397 Maximini.
1494 4368 1503 4391 ι
1525 4345 1556 4400 ln
1578 4346 1728 4417 Thebaide,
1754 4351 1844 4406 sancti

1041 4410 1171 4466 Victoris.
1184 4412 1329 4479 Corduba,
1346 4414 1431 4470 sancti
1448 4415 1525 4471 Pauli
1539 4417 1688 4476 diaconiet
1698 4421 1842 4494 martyris.
1873 4450 1877 4455 ·

1041 4482 1072 4537 ln
1087 4499 1154 4554 pago
1176 4483 1345 4551 Boloniensi‚
1366 4485 1454 4541 sancti
1478 4487 1603 4543 Vulmari
1627 4489 1745 4549 abbatis.
1773 4517 1782 4541 ι
1814 4494 1844 4548 lu

1042 4555 1162 4623 margine
1178 4562 1269 4610 autem
1284 4570 1356 4610 nova
1370 4557 1450 4628 plane
1465 4573 1549 4614 manu
1563 4558 1702 4618 ad'ectiim
1718 4563 1820 4636 legitur
1837 4583 1843 4619 :

1048 4624 1150 4705 «Apud
1165 4625 1353 4706 Aniochiam,
1371 4627 1460 4699 passio
1475 4639 1575 4687 sancta
1590 4576 1744 4705 Margaritae
1760 4635 1844 4709 virgi·

1040 4710 1083 4750 nis
1096 4704 1123 4750 et
1142 4704 1281 4766 martyris.
1301 4722 1311 4743 ι

1075 4766 1255 4846 Bacuntius.
1271 4768 1304 4822 de
1319 4769 1397 4824 beato
1410 4771 1510 4841 loseph
1528 4773 1637 4830 locutus
1653 4785 1694 4832 est
1709 4777 1756 4833 die
1772 4796 1842 4850 prae-

1038 4837 1156 4892 cedenti.
1173 4838 1256 4892 Porro
1273 4838 1302 4893 in
1315 4840 1489 4898 Damascenis
1501 4850 1528 4898 et
1539 4845 1625 4901 Paulo
1655 4864 1720 4904 urus
1729 4850 1841 4906 subdit:

1045 4909 1095 4962 ‹ln
1108 4924 1175 4989 pago
1186 4908 1364 4979 Bononiensi,
1376 4912 1511 4984 depositio
1525 4917 1613 4972 sancti
1629 4863 1755 4976 llulmari
1768 4938 1841 4994 pres·

1038 4977 1129 5060 hyteri
1147 4986 1173 5034 et
1187 4980 1361 5038 confessoris.
1378 4983 1514 5053 Treveris,
1536 4996 1639 5044 sanctas
1653 4990 1762 5048 Severa
1778 4993 1843 5048 vir-

1038 5066 1119 5121 ginis,
1134 5052 1236 5108 sororis
1246 5053 1333 5109 sancti
1345 5054 1494 5125 Modoaldi,
1506 5056 1630 5128 ejusdem
1640 5061 1692 5118 loci
1705 5063 1839 5136 episcopi.

1037 5122 1118 5192 Apud
1130 5122 1318 5192 Antiochiam,
1330 5124 1415 5180 beate
1427 5127 1584 5200 Margaretae
1594 5131 1712 5205 virginis
1727 5143 1754 5190 et
1770 5152 1841 5192 mar-

216 5182 341 5241 Gnavicu.
357 5193 419 5258 post
432 5193 540 5242 textum
565 5202 663 5259 purum
685 5186 759 5243 solus
782 5186 809 5243 in
826 5189 885 5260 ipso
900 5197 979 5247 textu
997 5184 1020 5242 D
1037 5194 1116 5265 tyris.
1133 5218 1141 5239 ·

180 5250 305 5330 adjungit
322 5274 328 5312 :
348 5281 356 5305 ι
372 5257 433 5330 lpso
448 5256 503 5325 die,
519 5258 605 5314 sancti
621 5256 759 5329 Arnulphi
772 5261 948 5328 confessoris,
965 5288 973 5309 ·

180 5335 239 5375 siue
267 5324 497 5396 characteristica,
527 5329 600 5385 unde
627 5330 813 5400 dignoscatur.
843 5333 948 5389 Deinde
973 5352 978 5389 :

186 5412 202 5470 ι.
212 5391 315 5474 Eodem
331 5395 386 5465 die,
400 5408 500 5456 sanctas
515 5400 670 5473 Margaretae
685 5401 801 5472 virginis
821 5410 848 5458 et
872 5412 980 5477 marty-

180 5474 252 5516 ris·
272 5463 342 5520 Vide
360 5473 483 5539 superius
498 5472 735 5529 Observationem.

192 5600 198 5612 ι
215 5530 323 5589 Morsu.
336 5536 440 5616 delicit,
462 5549 588 5616 utsupra
604 5544 706 5601 dictum
724 5552 774 5615 est,
791 5545 820 5601 iu
835 5547 979 5603 annuntia·

177 5606 253 5658 tione
268 5602 344 5659 Pauli
361 5611 489 5681 martyris
504 5613 697 5672 Cordubensis.

213 5673 393 5740 Uurniincr,
410 5680 543 5750 buroam,
562 5690 720 5744 Ausancuu.
736 5695 763 5744 et
777 5691 875 5745 Dinia.
889 5689 977 5745 textui

177 5759 246 5816 puro
260 5746 447 5817 superaddunt
465 5768 470 5806 :
493 5774 501 5798 ι
517 5754 641 5814 Treveris
655 5769 755 5816 sancta
774 5761 879 5816 Seuere
895 5760 976 5833 uirgi-

1071 5265 1252 5346 llncnuoueu.
1268 5266 1308 5321 sic
1323 5265 1438 5347 incipit:
1455 5293 1464 5316 ‹
1476 5272 1506 5325 ln
1517 5272 1613 5342 iudea,
1621 5274 1840 5347 depositiobeati

1034 5334 1145 5406 loseph,
1161 5351 1208 5408 qui
1224 5347 1434 5408 cognominatus
1449 5347 1489 5396 est
1504 5342 1608 5400 lustus.
1626 5346 1677 5402 llic
1691 5356 1749 5403 erat
1765 5350 1840 5405 iilius

1033 5405 1135 5487 Alphei
1148 5417 1175 5463 et
1190 5407 1281 5488 Mariae
1298 5408 1427 5489 cleophe,
1443 5428 1503 5492 quae
1522 5414 1576 5476 luit
1590 5433 1668 5472 soror
1683 5418 1771 5475 heatae
1785 5422 1839 5476 Ma·

1034 5493 1091 5546 riae,
1118 5485 1213 5533 matris
1237 5482 1346 5534 Domini
1374 5490 1461 5537 nostri
1481 5484 1544 5541 lesu
1570 5485 1683 5552 Christi,
1703 5498 1730 5544 et
1754 5490 1840 5548 irater

1033 5547 1126 5604 iacobi
1140 5549 1254 5605 Minoris
1263 5557 1290 5606 et
1300 5551 1430 5617 Symonis
1440 5562 1467 5609 ei
1477 5556 1553 5610 Judae
1568 5561 1767 5628 apostolorum.
1787 5564 1840 5619 llic

1033 5618 1085 5674 fuit
1102 5636 1174 5676 unns
1189 5637 1223 5674 eu
1236 5623 1407 5700 septuaginta
1419 5624 1528 5682 duobus
1542 5628 1688 5700 discipulis
1701 5634 1835 5700 Douiini;

1032 5698 1139 5770 etpost
1152 5708 1338 5749 ascensionem
1355 5695 1475 5765 Danuui,
1491 5706 1594 5755 sortem
1610 5701 1687 5758 misit
1702 5721 1767 5760 cuin
1782 5707 1836 5762 lda-

1034 5760 1091 5818 tbia
1103 5778 1151 5834 pro
1164 5764 1318 5837 apostolatu
1333 5781 1380 5839 per
1393 5767 1556 5826 electionem
1571 5775 1773 5845 apostolorum.
1785 5777 1838 5836 Hic
