3834 6136
58 197 114 254 {93

599 187 915 248 MARTYROLOGIUM.
936 216 971 227 -
989 177 1094 242 MENS.
1115 186 1188 243 JUN.

1667 181 1719 245 tet
1745 229 1750 246 .

55 331 143 380 tautae
158 317 357 391 dignitatium
367 316 452 372 filiam
469 315 561 386 magni
577 314 751 373 Constantini
766 312 817 368 sihi
834 313 861 368 in
876 315 899 373 Α
916 308 1031 364 lustrata
1045 318 1110 365 suut
1123 329 1163 365 vn
1177 307 1310 365 Ianuarii.
1336 308 1557 377 «tubanensia,
1574 313 1718 369 translatio

55 394 206 466 conjugem
224 398 339 462 peteret,
356 388 451 443 divina
474 388 560 459 gratia
584 395 732 458 praeeunte,
744 386 773 440 in
789 385 862 439 bello

58 466 220 523 scitharum
237 461 385 526 dimicans,
401 460 435 515 de
450 475 553 530 pagano
567 459 654 514 factus
669 467 710 513 est
724 456 863 514 Christia-

57 556 124 604 nus,
140 544 167 591 et
183 534 279 589 omnia
295 531 391 587 mundi
408 531 608 586 oblectamenta
618 529 760 600 abjiciens,
769 544 861 582 inorm-

55 610 167 666 chicam
184 606 271 660 vitam
287 604 380 674 clepit.
393 602 433 657 Ad
444 600 739 669 ultimum,Arantiano
751 598 863 666 comite,

56 680 150 754 gladio
165 692 326 750 percussus,
339 673 474 745 martyrio
490 676 576 727 vitam
590 672 693 729 finivit.
706 698 714 720 ι

94 753 278 807 Bnuxnunusr.
297 746 414 816 incipit:
437 744 599 810 ‹Noriomi,
615 743 760 799 translatio
775 741 862 798 sancti

56 823 140 895 Eligii
157 818 281 892 episcopi
297 827 324 872 et
339 816 514 872 confessoris.
530 840 539 862 ι
561 814 692 887 Sequitur
707 823 781 870 totus
798 823 863 869 tex-

56 904 110 950 tus.
127 892 235 950 Deinde
253 908 259 945 :
284 914 293 936 ι
309 890 344 944 Et
357 889 447 943 natale
461 897 616 943 sanctorum
630 885 864 957 martyrumGau-

57 965 161 1030 dentis,
177 963 281 1019 Felicis
295 970 322 1016 et
338 958 457 1031 Agapiti.
474 982 483 1005 ι
503 960 542 1014 De
557 956 657 1030 quibus
671 974 763 1029 supra.
788 957 862 1011 ‹Eo-

55 1037 120 1093 dem
143 1035 198 1101 die,
222 1041 381 1088 sanctorum
407 1028 530 1087 Radhodi
554 1037 581 1084 et
604 1028 756 1084 Adalherti.
780 1050 789 1076 ι
813 1027 864 1083 llic

57 1108 141 1164 hodie
154 1115 250 1171 recte;
267 1104 301 1160 de
315 1103 371 1157 alio
385 1101 444 1156 dixi
465 1117 557 1172 supra.
581 1125 590 1147 ι
606 1102 674 1155 Item
689 1099 776 1156 sattcti
791 1100 863 1154 Pro-

56 1179 128 1253 speri
145 1176 271 1249 episcopi
287 1183 314 1230 et
328 1173 449 1229 ductoris
464 1172 607 1244 precipui.
624 1196 632 1217 ·

92 1251 278 1306 llacnxoinu.
295 1246 359 1301 Post
375 1253 480 1301 textum
496 1244 562 1298 satis
577 1260 689 1315 purum,
699 1241 859 1313 sub'rmgit:

63 1321 198 1376 «Eodem
222 1319 268 1375 die
290 1317 364 1389 apud
389 1315 585 1371 Taurinensem
610 1314 717 1381 urbem,
747 1260 862 1368 Vaximi

56 1392 181 1465 episcopi
196 1398 223 1446 et
237 1387 439 1446 confessoris.»
465 1387 502 1442 Et
520 1387 549 1441 in
575 1386 697 1456 margine
715 1382 863 1441 recentiori

56 1481 164 1520 mauu:
190 1463 298 1528 ‹ltern
321 1459 409 1516 sancti
434 1457 560 1530 Prosperi
584 1455 716 1528 episcopi,
741 1455 862 1512 doctoris

56 1534 205 1608 praecipui.
221 1560 230 1582 ι
252 1531 322 1588 Vide
338 1531 413 1587 dicta
427 1529 563 1611 superius.

96 1611 262 1668 Aoutcruer.
277 1620 325 1675 pro
346 1600 601 1673 «vigintiduobus,
618 1626 627 1648 ι
646 1599 746 1655 habet«
760 1598 861 1670 uiginti

57 1677 181 1734 duabus.
198 1703 208 1724 ι
227 1677 267 1731 Ac
280 1674 344 1730 dein
360 1673 454 1729 subdit
471 1691 476 1728 :
496 1674 595 1740 «Item,
611 1671 748 1742 depositio
771 1669 898 1735 sanctiss

56 1748 149 1805 Niceti
184 1746 317 1818 resbyteri
333 1753 360 1800 et
374 1744 547 1802 confessoris.
566 1768 575 1791 ›
592 1744 706 1816 ignotus
719 1749 770 1797 est.
787 1739 859 1809 Quid

58 1820 78 1876 si
110 1837 141 1875 ro
196 1819 284 1875 buino
297 1818 368 1873 forte
382 1816 522 1888 irrepserit
539 1816 552 1870 f

89 1837 534 1947 barma-marussuenoni.
552 1906 557 1942 :
576 1911 585 1933 ι
601 1885 756 1941 Translatio
772 1881 860 1938 sancti

59 1962 181 2020 lladbodi
198 1961 323 2034 episcopi
336 1958 528 2030 Trajectensis.
546 1960 582 2014 Et
595 1958 682 2013 sancti
698 1956 814 2012 hebuini
831 1970 861 2008 m

58 2033 215 2090 Darentria.
232 2034 303 2090 Item
314 2031 456 2087 Adalberti
470 2029 644 2086 confessoris.
661 2027 783 2084 Luceriae
799 2026 861 2080 rir-

60 2106 127 2233 gnis
141 2112 169 2161 et
183 2106 287 2161 Anceae
308 2102 423 2174 (Aeeta)
443 2102 574 2173 martyris
597 2118 660 2156 cum
683 2098 766 2155 sociis
791 2114 858 2153 stus.

80 2178 192 2232 allicani
203 2183 278 2231 mart
300 2175 349 2242 ris,
359 2174 467 2246 qulfuit
476 2173 673 2230 llomaeconsnl
681 2180 708 2226 el
718 2169 860 2240 patricius,

60 2265 207 2304 conuersus
219 2264 268 2320 per
277 2192 411 2302 {oannem
424 2254 451 2300 et
465 2245 592 2301 Paulum.
605 2268 613 2292 ·
633 2242 705 2300 Vide
729 2241 789 2297 baec
812 2240 861 2295 di-

61 2321 186 2376 stinctius
202 2319 232 2374 iu
249 2318 309 2391 ipso
328 2325 417 2373 textu.

91 2415 233 2466 Aerarius.
251 2426 257 2462 :
283 2405 470 2464 ‹Monasterio
484 2405 572 2462 sancti
588 2403 699 2470 Albani,
717 2402 861 2457 beatorum

62 2491 212 2554 martyrum
226 2478 390 2551 Amphibali
405 2477 598 2548 sociorumque
614 2473 682 2544 ejus.
699 2498 708 2522 ι
729 2474 769 2528 lle
784 2473 818 2527 iis
833 2473 862 2526 in

62 2554 213 2610 Actiacum
230 2551 291 2623 ipso
309 2557 406 2606 sancto
420 2548 529 2604 Albano
544 2564 605 2602 xxn
628 2545 716 2601 lunii.
732 2544 789 2601 Cur
810 2543 863 2600 hoc

62 2624 100 2681 die
113 2624 163 2680 hic
181 2622 347 2689 referantur,
363 2621 470 2692 ignore.

92 2716 296 2770 Fnonrsnrma«
311 2714 407 2769 Natale
421 2719 579 2768 sanctorum
603 2718 758 2782 martyrum
784 2708 862 2763 Gan-

62 2785 159 2853 dentii,
178 2785 277 2841 Felicis
291 2792 317 2839 et
331 2783 474 2856 Agapiti.›
491 2782 563 2839 Vide
576 2799 668 2854 supra.
688 2783 736 2836 «ln
749 2779 863 2834 Thessa·

69 2856 169 2925 ionica,
199 2865 357 2912 sanctornm
383 2864 536 2927 martyrum
557 2853 671 2924 Bigarii,
695 2851 825 2908 Laterani
839 2856 866 2905 et

63 2930 170 3001 Agregae
187 2927 294 2999 regis.»
319 2927 389 2983 Vide
405 2930 482 2982 Acta.
507 2952 515 2972 ι
530 2927 560 2981 In
576 2924 683 2990 Galliis,
700 2922 787 2979 sancti
802 2921 864 2977 Loii

64 3001 182 3072 episcopi
196 2998 405 3055 etconfessoris.
417 2999 452 3053 Et
460 2996 605 3053 translatio
613 2995 702 3050 sancti
714 2993 796 3065 Eligii
808 2993 863 3064 epi·

64 3072 144 3153 scopi.
163 3096 173 3119 υ
196 3069 330 3141 Nunquid
349 3086 401 3124 non
420 3069 463 3125 bis
484 3068 556 3123 idem
582 3067 709 3132 recurrit,
720 3065 826 3135 vulgari
838 3070 865 3118 et

65 3142 160 3199 latino
181 3141 318 3196 nomine?
337 3142 425 3196 ‹ltem
446 3139 533 3196 sancti
558 3138 677 3193 Amandi
701 3135 822 3208 episcopi
837 3143 865 3190 et

64 3214 237 3270 confessoris.
252 3237 261 3260 ›
284 3211 353 3268 Vide
367 3213 444 3268 Acta.
463 3213 585 3276 «Romae,
603 3210 691 3264 natale
701 3215 801 3264 sanctae
812 3208 864 3262 Lu-

64 3287 105 3340 cire
119 3284 242 3358 uirginis
254 3300 317 3339 cum
332 3284 396 3338 aliis
414 3299 485 3339 xxu.
503 3307 512 3330 ·

93 3374 190 3430 Cosas
201 3374 308 3430 bfosrrs
322 3373 434 3428 Saucrr.
453 3373 503 3427 ‹ln
514 3371 663 3428 Gerreliaco
679 3364 864 3442 [Gemeliaco]

66 3445 162 3501 naulis
175 3445 266 3500 sancti
281 3443 403 3498 Amandi
414 3442 588 3499 confessoris.
604 3467 613 3491 ι

96 3538 195 3592 Ειιιτιο
208 3533 407 3591 busaeo-Con.
426 3533 547 3605 incipit:
576 3531 686 3605 «Apud
711 3530 865 3602 Ephesum,

67 3607 195 3663 dormitio
207 3605 282 3663 beati
296 3605 409 3660 loannis
423 3604 540 3676 apostoli
555 3614 582 3660 et
596 3603 781 3684 erarrgelistae.
795 3627 803 3649 ι
827 3603 866 3655 lle

65 3695 114 3752 qua
128 3679 202 3734 heri.
222 3677 359 3734 «Colonia
374 3676 535 3747 Agrippina,
552 3676 698 3731 translatio
709 3673 783 3730 beati
799 3673 865 3728 Gre-

64 3751 132 3822 gorii
147 3750 228 3805 ducis
239 3757 267 3803 et
280 3748 419 3804 sociorum
433 3746 669 3818 ejuslllaurorum,
679 3761 795 3870 quaeper
805 3744 867 3799 bea·

63 3829 124 3876 turn
133 3822 277 3875 Annonem
287 3820 480 3876 Coloniensem
494 3818 732 3890 archiepiscopum
755 3822 868 3871 actaest

64 3898 128 3964 post
152 3890 316 3962 quingentos
330 3907 418 3947 annos
432 3905 447 3945 a
461 3889 588 3971 passione
601 3890 734 3961 ipsorum.
747 3888 866 3942 »Colun-

63 3962 373 4018 tnrxxrerorembris.
390 3963 522 4033 Sequitur
531 3961 565 4016 de
582 3961 640 4017 Sosi
662 3967 722 4014 atro
734 3967 761 4014 et
775 3957 868 4013 Galli-

63 4051 142 4100 cano,
158 4049 239 4105 pure.
256 4034 294 4088 De
308 4034 450 4104 Prospero,
466 4040 496 4087 ut
519 4048 610 4103 supra.
653 4047 718 4086 urn:
742 4030 866 4098 «Romae,

64 4108 107 4161 ria
126 4105 245 4172 Salaria,
262 4106 351 4176 passio
364 4111 522 4159 sauctorum
533 4103 625 4158 Luciae
640 4101 791 4172 virginiset
801 4101 868 4154 alio·

64 4195 122 4231 rum
135 4194 188 4232 ιιιι.
207 4178 277 4231 ltem
288 4176 376 4231 sancti
393 4174 547 4242 Adelberti,
565 4174 655 4229 levitae
670 4190 701 4227 ac
716 4171 799 4243 prirrri
811 4171 867 4226 dia·

63 4249 124 4303 roni
138 4247 324 4318 Trajectensis
339 4246 479 4302 inferioris
493 4246 626 4312 ecclcsiae,
651 4244 697 4316 qui
723 4243 776 4298 fuit
793 4242 868 4297 filius

63 4319 219 4374 Edilhaldaa
233 4319 307 4390 regis
323 4320 480 4385 Deirornm,
496 4317 548 4371 hlii
562 4315 650 4371 sancti
666 4314 785 4371 Oswaldi
798 4314 869 4384 regis

62 4397 89 4446 et
109 4391 252 4460 martyris.
272 4390 324 4444 Hic
339 4389 417 4444 uenit
430 4389 464 4443 de
480 4388 580 4457 Anglia
593 4403 656 4442 cum
667 4395 762 4442 sancto
778 4384 908 4445 illidi-D

63 4461 167 4516 brordo
183 4470 210 4517 et
224 4461 310 4517 sociis
325 4460 395 4532 ejus,
411 4468 438 4515 et
453 4459 604 4531 figurandae
615 4459 643 4512 in
655 4455 869 4511 llollandiaora-

63 4533 167 4588 terium
178 4541 357 4599 construens,
372 4539 433 4602 post
447 4531 598 4586 multorum
615 4543 782 4600 paganorum
799 4542 871 4580 con-

64 4604 233 4672 versionem,
252 4602 421 4659 laudabilem
436 4603 501 4658 ritae
517 4618 573 4656 suae
588 4597 869 4664 consummationem,

69 4675 167 4732 multis
176 4675 322 4732 miraculis
336 4676 438 4738 clarus,
452 4672 570 4729 feliciter
585 4669 692 4743 quierit
706 4669 734 4724 in
748 4667 869 4735 Christe,

67 4749 247 4871 sepultusque
261 4747 291 4802 in
306 4745 462 4818 Egmunda,
477 4743 607 4816 usquein
621 4742 694 4797 diem
706 4740 871 4796 hodiernum

68 4818 97 4871 in
122 4819 185 4874 uitis
199 4821 287 4875 claret
304 4817 456 4872 nriraculis.
472 4817 534 4896 Ipso
550 4813 605 4881 die,
621 4811 764 4869 translatio
784 4809 872 4866 sancti

69 4888 155 4957 Eligii
167 4889 364 4946 h'oriomensis
374 4887 466 4958 episco
487 4904 495 4941 ι
509 4895 535 4942 et
550 4885 724 4942 confessoris.
736 4884 765 4938 ln
777 4881 871 4948 Dacia,

68 4960 213 5017 translatio
225 4961 318 5018 sancti
334 4959 440 5015 Kanuti
474 4957 534 5026 ucis
548 4965 573 5012 et
590 4956 729 5027 martyris.
741 4957 828 5010 »Acta
841 4953 873 5007 il·

916 380 988 435 beati
1006 380 1121 437 Lebuini
1138 380 1289 453 presbyteri
1306 387 1332 433 et
1343 379 1517 446 confessoris,
1529 397 1588 452 quae
1599 398 1647 453 per
1656 385 1718 439 hea-

916 459 975 506 tum
992 453 1138 523 bulgarum
1151 455 1271 525 primum
1295 451 1537 506 llfonasteriensem
1557 454 1716 532 episcorum

917 523 988 577 facta
1004 532 1055 589 est,
1069 525 1137 579 ltern
1154 523 1319 589 llavmrtriau,
1336 522 1479 577 translatio
1494 531 1580 577 sancti
1594 472 1718 581 Radbodi

917 595 1036 675 eiscopi
1053 595 1234 667 Trajccteusis
1249 594 1399 649 inferioris.
1425 592 1527 648 Eodem
1552 593 1608 660 die,
1631 597 1718 651 sancti

918 667 1016 791 bulecht
1031 666 1151 739 episcopi
1167 677 1194 723 et
1212 665 1386 723 confessoris.
1403 690 1410 710 ι
1430 665 1551 720 Vocatur
1565 665 1648 721 etiam
1663 669 1719 723 Mo·

946 754 994 792 rrae
1016 755 1055 792 us.

918 894 935 905 ..
953 825 1049 904 fluens
1060 825 1088 880 in
1101 825 1241 897 sosipatro
1256 834 1283 880 et
1296 826 1439 882 Gallicano
1453 826 1540 882 ferme
1550 843 1645 899 purus,
1656 828 1719 884 sub·

914 904 987 975 Jrcrt,
1004 897 1037 951 de
1052 898 1173 952 Maximo
1188 897 1361 963 Taurinensi,
1378 914 1458 970 quem
1473 899 1667 968 posteadenuo
1679 916 1719 956 re·

917 974 995 1038 petit.
1013 968 1081 1023 Tum
1100 987 1105 1023 :
1128 968 1255 1024 «Eodem
1271 969 1326 1037 die,
1342 972 1369 1023 in
1390 969 1505 1024 ecclesia
1526 970 1613 1025 sancti
1635 972 1719 1027 lllarci

917 1040 1091 1109 evangelistae
1107 1039 1328 1108 Venetiarum,a
1350 1041 1449 1111 paritio
1463 1039 1597 1111 ejusdem.
1614 1067 1622 1088 ·
1644 1043 1718 1098 Coll-

917 1116 963 1188 tur
978 1127 1035 1190 xxi·
1051 1111 1165 1182 Aprilis.
1183 1113 1216 1167 Se
1238 1112 1314 1166 uitur
1327 1057 1361 1167 ge
1376 1111 1470 1177 Lucia,
1486 1110 1520 1167 de
1536 1113 1720 1169 translatione

917 1181 1012 1251 Elrgri,
1037 1182 1137 1237 iterum
1166 1183 1199 1238 de
1250 1184 1344 1238 eximo
1372 1183 1546 1238 Taurirrensi.
1577 1185 1717 1241 Demum:

923 1275 932 1297 ‹
952 1253 1032 1317 ltum,
1048 1255 1135 1309 sancti
1151 1255 1277 1326 Prosperi
1292 1255 1446 1326 episcopi.»

953 1346 1098 1402 Gnarum:
1117 1346 1447 1414 ‹inAfrica‚Gauderrtii,
1463 1348 1664 1405 Felicis.›Vide
1675 1367 1720 1405 su·

916 1433 974 1487 pra.
985 1443 993 1464 ι
1004 1418 1110 1473 Antidii
1127 1419 1246 1489 episcopi
1263 1418 1459 1488 Crisopolitani
1477 1437 1524 1474 seu
1541 1420 1681 1475 Risuntini
1693 1427 1720 1475 et

917 1498 987 1544 mart
1010 1489 1057 1552 ris,
1075 1506 1090 1544 a
1105 1488 1304 1544 Wandalorum
1320 1504 1382 1558 rege
1402 1488 1438 1543 ob
1451 1490 1554 1545 Christi
1570 1490 1652 1545 fidem
1669 1507 1721 1546 oc-

916 1559 976 1614 cisi.
1021 1560 1121 1615 ercnrii
1137 1559 1298 1630 martyris.»
1316 1558 1387 1614 Vide
1397 1560 1607 1616 Praetermissos.
1631 1562 1720 1616 ‹Mo-

916 1630 970 1685 loci
985 1630 1146 1701 episcopiet
1169 1630 1343 1687 confessoris
1369 1630 1494 1702 Prosperi
1516 1632 1638 1702 episcopi
1663 1634 1720 1687 lle—

915 1702 1037 1771 gniensis
1064 1709 1090 1755 et
1119 1702 1294 1767 confessoris,
1318 1700 1441 1756 doctoris
1474 1703 1616 1774 praecipui,
1645 1719 1720 1759 atino

915 1789 1062 1827 dccccxv.»
1073 1773 1253 1838 Delfaximo,
1266 1779 1296 1828 ut
1308 1788 1400 1843 supra.
1412 1773 1451 1827 lle
1460 1773 1619 1840 Adelberto,
1635 1773 1721 1829 ferme

915 1852 946 1898 ut
959 1861 1051 1899 nnrrro
1065 1843 1261 1899 Lunuco-Cor..
1279 1870 1287 1889 ι
1303 1843 1332 1897 lu
1348 1843 1455 1911 Suecia,
1472 1844 1592 1899 llotwidi
1607 1845 1721 1900 coufes-

832 1954 837 1964 .
915 1915 1018 1969 soris.»
1042 1915 1110 1970 Mihi
1126 1922 1208 1969 notus
1225 1921 1348 1969 nonest.
1379 1914 1521 1970 ‹Bodardi
1543 1916 1719 1971 confessoris.

914 1987 1021 2041 Severae
1045 1986 1162 2057 virginis
1186 1994 1212 2041 et
1236 1984 1376 2055 martyris.
1402 1985 1571 2041 Constantia
1586 1986 1716 2057 virginis,

914 2056 979 2111 filiae
993 2057 1168 2113 Constantini
1181 2056 1273 2130 uragni
1284 2056 1469 2126 imperatoris.
1481 2056 1604 2113 Arthicae
1616 2066 1644 2112 et
1654 2058 1721 2115 Arce

916 2128 1029 2182 themiae
1046 2129 1199 2200 virgiuum,
1215 2128 1336 2182 filiarum
1349 2129 1436 2183 sancti
1458 2128 1593 2183 Gallicani
1614 2136 1723 2199 marty-

916 2200 989 2255 ris·
1012 2201 1050 2255 De
1065 2200 1119 2266 his,
1135 2200 1235 2255 Severa
1249 2207 1275 2253 et
1300 2198 1435 2265 Bodardo,
1462 2199 1525 2254 ride
1548 2201 1577 2253 in
1601 2200 1722 2254 Praeter·-

917 2271 1018 2326 missis.
1049 2271 1209 2337 «Venetiis,
1235 2270 1360 2325 laurentio
1382 2270 1505 2351 corporis
1526 2272 1612 2326 sancti
1638 2270 1721 2327 Marci

917 2342 1102 2413 evangelistae.
1120 2341 1200 2412 Apud
1216 2341 1359 2398 Coloniam
1374 2342 1567 2413 Agrippinam,
1577 2342 1722 2397 translatio

916 2421 1072 2468 sanctorum
1092 2413 1249 2468 Maurorum
1263 2420 1453 2484 martyrum.»
1477 2414 1515 2466 De
1540 2413 1649 2485 quihus,
1669 2429 1722 2468 su-

918 2501 966 2557 pra
992 2485 1060 2539 ltem
1075 2483 1108 2538 de
1123 2485 1245 2550 Kannto,
1265 2483 1368 2554 Eligio,
1384 2482 1516 2540 lladbodo
1530 2491 1557 2537 et
1585 2483 1721 2548 Lehuino,

917 2563 948 2610 ut
962 2572 1055 2610 anrrro
1070 2554 1259 2611 linaceo-Cot.
1276 2555 1307 2608 ln
1320 2553 1376 2608 fine
1391 2573 1396 2609 :
1421 2579 1430 2602 ‹
1445 2554 1600 2609 Translatio
1617 2561 1720 2609 sanctae

917 2628 1025 2682 Serenae
1038 2625 1165 2696 virginis.
1183 2651 1192 2672 ·
1214 2626 1295 2680 Forte
1310 2631 1351 2679 est
1366 2625 1423 2693 illa,
1440 2642 1501 2698 quae
1514 2625 1594 2680 lictis
1616 2625 1720 2679 colitur

919 2700 1017 2753 Sereno
1030 2704 1145 2767 martyr,
1161 2713 1220 2750 xxx
1235 2695 1369 2750 ianuarii.

954 2788 1061 2842 blotan.
1081 2805 1086 2841 :
1110 2784 1258 2852 ‹binchii,
1269 2782 1445 2856 Theudulpbi
1456 2783 1655 2856 archiepiscopi
1671 2785 1720 2841 lle·

918 2859 1031 2926 mensis,
1047 2858 1094 2930 qui
1110 2856 1247 2913 secundus
1261 2863 1323 2927 post
1349 2855 1507 2911 Ursmarum
1532 2858 1606 2910 rexit
1627 2857 1722 2911 eccle-

919 2930 987 2984 siam
1004 2928 1216 2985 Lobiensium.·
1240 2926 1310 2984 Vide
1326 2925 1537 2981 Praetermissos.
1562 2928 1617 2982 «In
1642 2927 1721 2981 Tau-

918 3001 992 3065 rino,
1012 3000 1136 3055 Maximi.
1153 3026 1161 3045 ·
1178 3009 1246 3066 cte,
1263 3007 1397 3069 utsupra.
1421 2996 1549 3051 «Eodem
1566 2996 1620 3064 die,
1634 2997 1662 3052 in
1674 2998 1721 3052 Ba·

919 3072 997 3127 silica
1024 3072 1109 3127 sancti
1139 3071 1221 3126 Marci
1248 3068 1422 3140 etarrgelistae
1436 3067 1571 3134 Venetiis,
1587 3068 1722 3141 apparitio

919 3142 1052 3213 ejusdem.
1065 3145 1121 3198 »fle
1135 3142 1227 3212 Eligio
1242 3148 1269 3195 et
1285 3141 1426 3210 Prospero,
1437 3146 1468 3193 ut
1483 3140 1611 3194 deutrus.
1622 3165 1630 3184 ·
1641 3140 1721 3206 ltem,

919 3214 949 3268 in
973 3213 1132 3280 daventria,
1148 3219 1307 3267 sanctorum
1336 3211 1524 3266 consessorum
1556 3211 1672 3266 lebuini
1696 3219 1724 3267 et

920 3284 1054 3342 lladbodi.
1078 3285 1108 3339 ln
1130 3283 1274 3354 Egmonda
1316 3282 1417 3336 artirrm
1442 3280 1606 3348 Hellandiae,
1633 3281 1721 3337 sancti

920 3356 1061 3411 aldelberti
1078 3354 1243 3410 confessoris
1258 3364 1285 3410 et
1297 3300 1412 3420 flavitae,
1430 3351 1527 3421 regalis
1550 3352 1646 3422 stirpis
1660 3355 1723 3406 An-

921 3421 1723 3498 glicanae,discipulisanctipraesulisWillibrordi.Eodem

920 3500 976 3564 die,
988 3499 1077 3552 natale
1085 3497 1173 3551 sancti
1184 3494 1344 3551 Vindiciani
1355 3494 1560 3551 Cameracensis
1570 3493 1715 3564 episcopi.»

921 3570 1030 3627 Colitur
1040 3585 1070 3623 ιιι
1085 3567 1187 3622 Martii.
1210 3589 1218 3611 ‹
1230 3565 1385 3620 Translatio
1396 3563 1519 3636 corporis
1528 3564 1616 3620 sancti
1628 3565 1723 3621 Gerul-

921 3640 969 3713 phi
983 3638 1146 3710 martyris.»
1164 3637 1268 3692 Natalis
1286 3643 1326 3691 est
1340 3652 1390 3690 xxr
1403 3635 1580 3706 Septembris.
1590 3637 1628 3691 [le
1640 3635 1724 3690 Anti-

921 3712 968 3768 dio
983 3719 1014 3766 ut
1027 3711 1164 3775 Gramen,
1181 3709 1229 3764 sed
1253 3708 1315 3763 aliis
1341 3707 1451 3762 litteris.
1477 3706 1616 3762 Hactenus
1637 3706 1724 3761 editio

921 3783 1021 3854 prima.
1037 3780 1205 3836 Posteriores
1219 3778 1308 3836 textui
1323 3777 1430 3833 addunt
1444 3796 1449 3832 :
1469 3803 1478 3823 ι
1491 3779 1527 3832 Et
1541 3777 1632 3833 Aceiae
1641 3777 1723 3849 regis.

921 3854 1046 3920 Laubiis,
1062 3853 1133 3909 beati
1148 3849 1323 3921 'lheodulphi
1343 3849 1463 3921 episcopi
1479 3857 1506 3903 et
1520 3849 1718 3904 confessoris.»

922 3928 961 3982 ile
975 3924 1107 3991 Maximo,
1124 3924 1257 3994 Prospero
1272 3931 1299 3976 et
1314 3920 1473 3985 Adelberto,
1488 3929 1519 3975 ut
1529 3921 1558 3975 iu
1570 3920 1666 3991 priori,
1676 3919 1725 3975 sed

923 3998 1024 4052 omissa
1038 3995 1122 4067 regali
1138 3994 1232 4065 stirpe.
1260 4000 1312 4050 etc.
1337 3992 1489 4058 «dicentii,
1507 3991 1595 4047 sancti
1616 3990 1725 4047 Antidii

923 4067 1043 4140 episcopi
1072 4074 1099 4121 et
1123 4065 1264 4137 martyris,
1280 4064 1327 4136 qui
1356 4080 1370 4118 a
1399 4063 1597 4119 Wandalorum
1615 4062 1725 4135 regeob

923 4139 1005 4195 fidem
1018 4136 1122 4195 Christi
1138 4146 1178 4192 est
1190 4137 1307 4192 occisus.
1325 4136 1355 4190 ln
1371 4134 1537 4202 Gemeliaco,
1552 4135 1652 4189 natalis
1666 4150 1726 4189 sarr·

923 4222 1032 4266 ctorum
1047 4208 1166 4265 Amandi
1182 4216 1207 4262 et
1223 4206 1388 4263 Domnoleni
1404 4206 1604 4261 confessorum.
1622 4207 1671 4261 Die
1687 4205 1726 4260 vi·

924 4282 1027 4353 gesima
1041 4281 1149 4351 quinta,
1164 4288 1265 4333 sanctae
1277 4276 1488 4400 bosiomartpris
1498 4277 1650 4332 Febroniae.
1665 4304 1673 4321 »
1688 4279 1727 4331 lle

926 4352 1009 4408 llfarci
1020 4350 1201 4422 apparitione,
1213 4350 1246 4404 de
1257 4348 1341 4418 Eligii
1353 4355 1428 4402 trans
1440 4347 1545 4414 atione,
1556 4347 1589 4401 de
1603 4347 1727 4400 Lolruinu

925 4431 952 4478 et
966 4421 1108 4489 lladbod0,
1125 4428 1260 4489 utsupra.
1277 4419 1363 4473 Tum:
1383 4441 1392 4462 ‹
1412 4417 1568 4483 Trunciuii,
1584 4416 1727 4470 translatio
1778 4471 1783 4479 ,

925 4495 1049 4563 corporis
1060 4491 1148 4546 sancti
1162 4489 1294 4559 Gernlphi
1307 4489 1447 4558 martyris.
1463 4489 1494 4542 ln
1510 4487 1652 4543 Stabulelo
1664 4502 1728 4539 mo-

929 4562 1062 4628 nasterio,
1079 4561 1222 4616 translatio
1235 4560 1323 4614 sancti
1337 4557 1559 4613 llemacli.·Dios
1574 4556 1673 4611 natalis
1687 4563 1728 4610 est

926 4652 957 4690 ιιι
973 4631 1151 4704 Septembris.
1175 4655 1183 4676 ι
1200 4630 1301 4685 Eodem
1317 4628 1372 4695 die,
1393 4627 1481 4682 sancti
1495 4627 1655 4682 Vindiciani
1671 4626 1729 4684 Ca-

927 4703 1092 4761 meracensis
1105 4701 1249 4774 episcopi·
1259 4703 1296 4756 De
1312 4717 1367 4774 qno
1381 4698 1486 4754 dictum
1503 4708 1543 4755 est
1553 4699 1607 4756 coh
1621 4716 1649 4754 ιι
1660 4699 1728 4754 llar-

926 4777 970 4832 tii.
997 4776 1048 4832 llic
1068 4775 1177 4846 proprie
1200 4773 1233 4828 de
1255 4773 1313 4844 ejus
1338 4771 1516 4828 translatione
1544 4773 1645 4845 agitur,
1661 4769 1728 4827 alibi

927 4866 990 4904 cum
1005 4849 1032 4904 S.
1049 4847 1133 4919 Eligii
1147 4846 1326 4902 translatione
1340 4842 1497 4916 conjuncta.

76 5303 112 5359 Vl
133 5304 195 5363 flul.
1613 5285 1663 5345 Die
1681 5287 1727 5348 att.

112 5397 214 5465 Roma,
225 5399 329 5455 natalis
343 5406 502 5454 sanctorum
517 5397 630 5453 loannis
649 5404 677 5453 et
691 5395 768 5451 Pauli
786 5395 915 5464 fratrum,
931 5408 1048 5468 quorum
1074 5389 1180 5462 primus
1204 5383 1376 5460 praepositus,
1392 5375 1529 5436 secundus
1553 5376 1729 5450 primicerius

77 5485 244 5543 Constantia
259 5488 380 5561 virginis
394 5488 459 5543 filiae
473 5485 648 5544 Constantini
666 5485 729 5553 fuit,
753 5484 800 5557 qui
815 5494 907 5556 postea
918 5480 1086 5540 subluliano
1097 5477 1222 5549 martyrii
1232 5475 1349 5546 palmam
1361 5468 1451 5541 gladio
1466 5467 1588 5523 caedente
1602 5485 1727 5540 percepe-

77 5583 147 5630 runt.
159 5578 191 5632 In
206 5596 277 5650 pago
292 5579 459 5646 Pictavensi,
475 5577 562 5634 sancti
579 5575 711 5632 Maxentii
727 5574 881 5647 presbyteri
889 5583 916 5630 et
927 5571 1101 5639 confessoris,
1116 5567 1228 5641 gloriosi
1239 5567 1265 5619 iu
1283 5561 1433 5618 miraculis.
1448 5561 1551 5616 Eodem
1564 5561 1729 5629 die,sanctae

80 5660 288 5724 Perseverandae
299 5667 429 5740 virginis.
447 5664 540 5740 [Apud
554 5667 712 5723 Bouillort:
732 5666 836 5732 llomae,
852 5664 953 5720 natalis
967 5671 1125 5718 sanctorum
1140 5655 1253 5713 loannis
1264 5659 1291 5707 et
1301 5650 1379 5707 Pauli
1394 5650 1520 5719 fratrum,
1533 5667 1651 5724 quorum
1663 5650 1728 5722 pri-

83 5767 138 5811 mus
151 5758 333 5831 praepositus,
348 5756 486 5816 sccundus
499 5755 675 5829 primicerius
690 5753 864 5816 Constantia
879 5751 997 5827 virginis
1012 5748 1076 5807 filiae
1091 5741 1267 5807 Constantini
1283 5741 1347 5814 fuit,
1363 5741 1410 5818 qui
1424 5748 1518 5817 postea
1542 5739 1592 5797 sub
1615 5738 1728 5796 iuliano
