3834 6136
85 175 139 234 att
622 171 938 235 ulnmouoottut.
959 206 994 220 -·
1012 175 1117 237 MENS.
1138 178 1222 238 AUG.
1688 186 1741 245 778

85 298 232 359 71777731.
1629 308 1679 365 Die
1693 309 1737 367 19.

118 387 224 448 Natalis
237 388 327 445 sancti
341 389 444 462 llagni,
463 404 511 445 seu
523 389 609 447 sancti
630 388 747 447 71371733
760 389 901 464 martyris,
916 407 979 449 cum
993 390 1075 448 sociis
1093 392 1151 449 suis
1165 391 1273 449 duobus
1288 391 1403 449 milibus
1416 395 1576 467 quingentis
1589 400 1738 470 nonaginta

83 488 111 538 et
124 485 240 553 septem.
263 477 295 534 ln
310 494 380 551 pago
394 479 562 552 Sigisterico,
582 480 653 536 beati
670 480 772 538 Donati
786 480 943 553 presbiteri,
966 479 1015 554 qni
1029 480 1063 537 ab
1078 481 1145 554 ipsis
1160 480 1286 538 infantiae
1307 480 1475 540 rudimentis
1499 485 1569 542 mira
1586 487 1636 544 Dei
1652 489 1738 560 gratia

83 568 225 644 praeditus,
240 568 457 626 anachoriticam
473 569 559 626 vitam
576 571 671 627 multis
685 571 765 628 annis
779 571 870 643 exegit
885 577 911 628 ct
932 570 1131 629 miraculorum
1153 570 1241 644 gloria
1263 571 1354 627 clarus
1379 571 1508 645 migravit
1526 573 1561 632 ad
1583 575 1736 639 Christum.

80 670 184 734 773733,
207 664 298 721 sancti
312 664 380 719 Julii
395 664 535 721 Senatoris
549 673 576 722 et
595 668 736 739 martyris,
761 668 807 742 qui
825 667 941 739 jubente
961 663 1113 724 Commodo
1137 663 1313 734 imperatore,
1334 660 1432 719 7337117
1451 661 1571 721 fustibus
1585 672 1626 722 est
1640 681 1736 738 337773,

79 758 167 817 donec
181 759 323 814 emitteret
336 755 476 828 spiritum.
488 757 519 811 ln
534 755 674 814 territorio
689 757 868 826 bituricensi,
883 757 971 815 sancti
985 756 1101 813 17377337
1115 752 1289 814 confessoris.

836 894 952 952 NOTAE.

114 991 291 1056 ltaProten.‚
307 988 556 1060 Antoerp.·Mojor,
570 990 719 1060 7733737377,
736 990 880 1066 71313773,
937 992 1132 1062 llam-Lumo,
1147 992 1293 1063 Munerat,
1312 993 1421 1051 Greoen.
1438 999 1465 1050 et
1479 993 1582 1052 773133.
1596 994 1664 1055 Item
1674 994 1737 1056 713-

79 1065 268 1136 turpatam,
285 1059 433 1117 73733173.
445 1068 473 1118 37
488 1063 616 1119 77331337.
894 1055 920 1115 Α

689 1199 891 1262 7711171177Εὸ
918 1206 1125 1266 LECTIONES.

109 1301 271 1380 llunerstus
284 1311 329 1352 ces
351 1295 400 1353 7737
410 1295 439 1352 73
450 1295 596 1370 principio,
611 1301 711 1356 3373177
722 1302 807 1357 733771
821 1305 879 1362 773·
933 1307 1048 1363 77777373.
1072 1308 1190 1364 Greven.
1215 1307 1244 1362 in
1259 1305 1480 1363 annuntiationis
1495 1305 1632 1379 principio
1651 1308 1734 1380 legit:

74 1373 156 1444 gniet
174 1369 298 1427 73337777
338 1385 391 1423 reo
405 1374 563 1439 3737737337,
584 1369 686 1427 Omnes
702 1373 878 1445 legunt,cnot
933 1380 965 1434 73
984 1380 1082 1434 Galliis
1097 1396 1175 1450 pago,
1198 1387 1263 1446 373.,
1283 1377 1357 1450 quod
1379 1377 1463 1433 etiarn
1484 1376 1566 1434 habet
1587 1386 1735 1436 consuetus

74 1445 152 1500 sociis
175 1443 242 1508 7313,
265 1448 381 1511 excepto
403 1439 537 1505 Pratensi,
561 1442 609 1514 qni
631 1443 756 1499 ultimam
780 1462 877 1503 vocem

75 1514 194 1572 omittit.
204 1511 299 1569 Scribo
307 1511 426 1578 37717137,
438 1510 502 1582 quia
512 1512 552 1568 sic
564 1529 660 1569 omnes
670 1515 751 1571 etiam
764 1516 876 1575 habent.

77 1582 292 1658 antuerp-blei.
310 1589 388 1638 notat
407 1583 496 1638 socios
519 1584 600 1648 2598.
621 1586 779 1659 Roswcyd,
796 1589 876 1658 7167,

77 1657 209 1725 Greven.,
225 1655 302 1712 atet.
317 1652 455 1710 Numerus
475 1652 509 1710 ab
528 1655 651 1712 Usnardo
665 1673 699 1712 ex
714 1660 877 1731 antiquiori-

73 1727 126 1785 bus
138 1734 277 1799 acceptus,
292 1742 308 1782 3
321 1725 402 1781 33173
416 1725 444 1781 13
458 1732 537 1782 textu
551 1728 726 1799 exprimitur.
737 1731 872 1813 Antuerp.

72 1816 87 1855 a
107 1799 183 1856 socia
204 1797 327 1854 editione
348 1796 470 1852 maxima
488 1806 515 1853 et
535 1815 551 1854 3
570 1799 684 1872 73173373
700 1800 827 1858 dissentit
847 1819 875 1858 vn

71 1870 172 1928 Donati
199 1869 294 1937 777313,
322 1884 403 1942 quem
428 1868 504 1924 solus
530 1870 587 1942 ipse
608 1871 756 1943 episcopam
783 1885 873 1931 vocet.

72 1941 172 2001 Scribit
181 1941 464 2010 itomaoamreticnm,
476 1940 568 2002 337337
582 1948 613 2001 37
627 1942 658 2004 13
671 1950 748 2006 textu
763 1946 875 2007 3337177-

932 1449 1055 1505 imitator
1068 1450 1170 1505 173133.
1189 1450 1278 1522 quiet
1296 1449 1378 1505 ambo
1392 1448 1518 1505 scribunt
1540 1454 1625 1519 777377
1644 1450 1735 1506 maltis

931 1522 1010 1576 annis
1018 1539 1028 1586 ;
1041 1537 1071 1579 ac
1087 1520 1186 1577 deiude
1202 1536 1251 1592 pro
1267 1521 1458 1575 miraculorum
1471 1521 1569 1590 gloria,
1584 1521 1735 1576 371733313-

931 1609 992 1647 rum
1011 1593 1110 1663 gratia.
1128 1593 1157 1648 ln
1174 1592 1316 1647 llunerato
1330 1592 1406 1649 deest
1422 1598 1590 1663 utrumque;
1607 1599 1689 1664 atque
1704 1591 1733 1649 in

929 1662 1143 1735 Antuerp.·llaj.
1155 1679 1187 1719 33
1203 1662 1347 1734 lloeweyd.
1359 1671 1422 1718 ante
1432 1663 1635 1730 miraculorum,
1650 1663 1734 1735 parti·

930 1736 993 1791 cula
1021 1741 1055 1790 77.
1076 1738 1182 1790 7137337
1204 1733 1318 1814 .-llajor
1359 1734 1428 1802 3317,
1451 1733 1566 1802 fastibus
1584 1750 1666 1790 777333
1683 1739 1731 1791 771.

929 1807 1064 1878 Antnerp.
1087 1821 1137 1878 pro
1189 1805 1292 1870 377337,
1311 1821 1324 1861 3
1379 1804 1733 1874 77737777377737371733-

928 1876 1106 2010 lppbcaoum
1121 1875 1731 1954 7137337371737737373333733.7711773733,

960 1965 1044 2011 37737.

749 2086 1053 2147 ousuuvnttouus

104 2180 240 2238 ,7777777373
254 2179 329 2252 33371
344 2180 452 2237 Graecos
464 2181 681 2255 inclytissimnm
695 2187 876 2254 7373313337-

929 2198 1037 2245 tantum
1052 2188 1145 2258 distet,
1158 2198 1292 2316 ‹puantum
1302 2186 1474 2245 Provinciaa
1484 2188 1541 2246 Bur
1579 2185 1653 2245 ndia.
1665 2187 1733 2245 Utnt

75 2260 84 2307 t
114 2269 153 2308 ens
176 2252 359 2378 martprologi
384 2253 471 2308 nostri
494 2254 585 2311 Latini
609 2255 817 2313 verosimillime
841 2274 876 2315 ex
929 2260 1520 2329 337713333713373313373377377377777737
1559 2258 1630 2315 done
1645 2265 1732 2316 trane·

99 2340 165 2381 3333
178 2338 247 2397 appe
261 2323 365 2380 latione
378 2324 533 2381 binomium
544 2324 660 2383 iecerint
676 2329 810 2399 Magnum,
827 2345 875 2385 sen

74 2397 217 2452 Andrean.
235 2395 282 2452 Sic
296 2395 399 2451 etenim
416 2395 498 2462 beda,
514 2405 541 2453 37
555 2413 590 2453 ex
609 2414 641 2454 eo
659 2399 797 2468 Rabanns,
816 2402 875 2458 lio-

73 2483 184 2523 manunt
194 2466 819 2544 parrum,Adoetlv'oster,eademprorsnsubi

928 2333 1004 2387 tulit.
1021 2332 1098 2389 Unde
1112 2332 1159 2388 bic
1179 2348 1260 2387 snum
1278 2331 1422 2402 acceperit,
1438 2346 1494 2386 non
1514 2330 1610 2403 liquet.
1634 2331 1731 2389 Petrus

929 2404 958 2460 in
973 2404 1102 2475 Catalogo
1118 2403 1165 2458 lib.
1184 2419 1234 2469 vn,
1251 2419 1310 2476 cap.
1329 2402 1374 2469 78,
1389 2400 1495 2457 Adonis
1510 2400 1593 2457 verba
1606 2400 1640 2457 de
1655 2417 1730 2459 more

151 2539 157 2550 .
243 2538 249 2549 .
474 2540 480 2551 ,
666 2544 672 2554 .
823 2489 875 2601 ppe
928 2474 1068 2532 describit.
1085 2476 1124 2531 ue
1138 2476 1245 2531 Donato
1261 2472 1387 2529 meminit
1409 2472 1473 2529 Vita
1492 2472 1570 2528 173777
1585 2488 1666 2528 xxvvi
1680 2472 1731 2528 73-

73 2539 170 2611 317337.
185 2539 287 2596 77317773
301 2539 416 2596 73373333
430 2539 568 2612 legissent,
583 2558 671 2613 magna
684 2543 808 2600 Andreae.
849 2561 875 2600 e.

928 2539 1033 2614 nunrii,
1048 2563 1125 2602 nuru.
1144 2546 1186 2602 ll.
1210 2545 1348 2602 Habemus
1362 2544 1449 2601 sancti
1464 2543 1551 2615 ipsius
1565 2542 1659 2601 Vitam
1675 2559 1726 2600 ms.

73 2611 208 2738 mim
223 2610 378 2667 verisimile
392 2617 458 2683 puto
474 2613 674 2685 martyrologos
689 2623 798 2672 nostros
811 2616 875 2672 An·
891 2625 914 2686 Β
928 2618 995 2673 31717
1018 2617 1222 2674 illustrandam.
1241 2618 1280 2672 lle
1300 2617 1373 2672 73773
1388 2615 1428 2671 313
1441 2614 1603 2670 173νί337733
1622 2615 1729 2671 Roma-

171 2681 319 2738 tribunum
335 2682 456 2740 rnilitum
471 2699 533 2739 cum
548 2684 645 2752 773333
662 2686 782 2757 episcopo
794 2688 871 2743 Aoo-

73 2753 144 2833 gnino
154 2752 328 2809 confundere
337 2754 467 2811 voluisse.
480 2754 693 2813 wandalbertus
702 2758 784 2814 aliam
795 2759 870 2815 viam

74 2841 219 2896 ingressus,
234 2839 285 2896 pro
299 2841 415 2882 numero
431 2827 576 2882 nominum
587 2828 709 2900 subjecta
721 2830 872 2900 geminavit

73 2896 281 2969 continuamque,
291 2905 323 2953 37
336 2913 402 2953 mox
412 2898 564 2954 ostendam.
575 2900 671 2955 Utrum
683 2901 744 2956 Ado
755 2902 870 2958 Andreae

72 2969 145 3036 7373,
161 2975 247 3049 37337
260 2968 370 3041 vulgata
383 2979 457 3037 sunt,
473 2970 586 3037 viderit,
598 2971 701 3040 nescio,
710 2981 782 3028 certe
797 2989 871 3045 373-

72 3038 233 3095 corsorrbus
247 3039 304 3095 suis
317 3038 385 3096 nihil
401 3058 434 3097 sn
453 3041 600 3098 eraddidit.
611 3043 667 3099 Nos
679 3060 720 3109 ea,
731 3051 762 3100 nt
771 3059 806 3100 ex
817 3046 870 3102 ble-

50 3176 55 3182 ,
71 3057 739 3183 7331777377,773377733337133133777333377733,
751 3132 801 3171 suo
810 3117 870 3174 loco

71 3181 298 3261 examinabimus.
312 3183 427 3240 Praeiata
439 3186 507 3241 Acta
519 3203 645 3257 37737333
660 3188 767 3243 censuit
781 3188 870 3244 Baro-

72 3268 127 3310 333
136 3252 174 3310 371
184 3269 288 3310 annum
300 3271 370 3320 ccci,
380 3272 457 3311 num.
470 3257 497 3325 5,
511 3256 694 3329 crediditque,
705 3275 786 3331 opera
796 3260 869 3316 Petri

74 3323 500 3408 Tarsensisepiscopi,collectaa
532 3329 869 3401 uescriptaesse.Nonde·

73 3405 127 3476 spnt
137 3395 279 3470 hodieqni
287 3399 369 3454 aliter
377 3400 507 3456 sentiant.
542 3399 611 3456 ideri
622 3409 710 3471 potest
721 3400 869 3457 Tillemon·

72 3474 98 3522 77
110 3475 264 3549 nota-tomo
274 3469 310 3538 V,
320 3485 362 3542 ap
398 3472 478 3538 ..²588,
496 3471 525 3527 in
535 3473 613 3528 Actis
627 3471 728 3527 nostris
743 3489 793 3528 suo
808 3473 869 3530 loco

73 3547 218 3596 7373737733
231 3540 376 3613 expenden
416 3585 422 3598 .
437 3542 510 3600 lindi
524 3543 607 3600 modo
622 3543 864 3601 wandalbertum:

123 3619 237 3680 Magnus
247 3632 274 3669 37
287 3625 404 3671 Andreae
417 3633 507 3686 quarta
520 3624 639 3688 denaque
650 3633 803 3673 coruscant:

124 3681 230 3745 Septem
244 3686 383 3745 nonaginta
397 3696 422 3733 et
438 3686 574 3749 quingenti
589 3687 755 3744 comitantur,

125 3743 196 3804 Qnos
210 3747 305 3809 pariter
315 3747 396 3796 733371
415 3750 491 3798 373731
505 3749 545 3796 lris
559 3749 598 3797 bis
613 3749 683 3796 mille
697 3757 849 3812 sequuntur.

102 3822 154 3891 uui
174 3825 202 3880 in
227 3836 322 3884 nostro
346 3827 470 3885 indiculo
495 3829 619 3903 sequitur
638 3830 769 3898 Donatus,
791 3830 814 3886 is
832 3830 867 3887 ab

70 3893 164 3951 lldone
182 3897 211 3952 in
234 3915 326 3954 sacros
349 3901 443 3956 Festos
467 3901 589 3972 primum
608 3901 710 3957 relatus
730 3911 781 3968 est,
801 3918 865 3958 cnm

928 2706 994 2745 num
1019 2705 1152 2761 parvum:
1184 2689 1283 2756 77377777,
1308 2687 1377 2742 iulii
1398 2686 1527 2740 3733777713
1548 2691 1572 2740 77
1589 2686 1727 2756 martyris.

928 2760 1010 2816 Plura
1022 2776 1057 2816 ex
1072 2760 1150 2816 Actia
1163 2759 1276 2816 deducit
1296 2757 1367 2825 Ado,
1382 2757 1428 2813 sed
1444 2756 1541 2812 Noster
1561 2755 1726 2828 compendio

927 2849 994 2888 usus
1015 2840 1065 2888 est.
1087 2830 1158 2887 Vide
1179 2829 1391 2888 Observationes
1411 2845 1468 2883 xxv
1483 2828 1611 2901 Augusti,
1632 2827 1678 2883 ubi
1694 2827 1728 2883 de

927 2904 1004 2961 Actis
1026 2903 1144 2970 Eusebii,
1168 2903 1307 2968 Pontiani,
1329 2908 1382 2958 etc.
1407 2902 1554 2955 Inventum
1575 2905 1616 2954 est
1634 2899 1728 2955 113733

927 2992 982 3031 333
999 2976 1037 3032 773
1055 2974 1161 3046 pridem
1181 2973 1249 3029 73177
1272 2972 1391 3044 alicujus
1412 2971 1542 3042 martyris
1556 2986 1674 3043 corpus:
1693 2985 1727 3025 an

927 3046 1010 3119 hujus
1024 3047 1154 3102 senatuis
1166 3046 1222 3102 dici
1238 3045 1334 3118 possit,
1353 3042 1469 3100 necdum
1486 3050 1657 3113 compertum
1673 3041 1728 3096 173-

925 3117 987 3174 beo.
1011 3120 1041 3175 ln
1064 3117 1288 3190 Hieronymianis
1301 3114 1440 3188 aliquibus
1453 3113 1590 3184 adjectum
1607 3112 1728 3194 legiturg

925 3191 959 3246 73
984 3189 1101 3257 77777713,
1128 3189 1184 3243 3173
1208 3189 1341 3254 71113333,
1365 3186 1490 3256 depositio
1505 3184 1589 3240 733777
1607 3184 1728 3239 77371337

925 3260 1091 3329 confessoris.
1108 3262 1148 3316 De
1162 3276 1194 3315 eo
1209 3259 1297 3315 insius
1311 3257 1432 3328 disputat
1448 3255 1654 3319 Florentiuius;
1671 3270 1726 3310 no-

924 3338 1019 3405 tatque
1041 3348 1073 3386 ex
1098 3330 1205 3386 labbeo
1224 3329 1306 3400 hujus
1326 3327 1411 3384 sancti
1432 3327 1553 3382 eremita
1575 3327 1675 3381 festum
1694 3324 1725 3380 in

925 3402 1035 3458 dioecesi
1047 3400 1211 3458 Bituricensi
1227 3399 1310 3456 recoli
1322 3416 1371 3454 xix
1386 3396 1562 3469 Septembris.
1576 3398 1620 3452 An
1632 3403 1724 3476 autem

925 3474 959 3530 ad
978 3473 1136 3529 salvandam
1159 3473 1251 3529 cultus
1268 3469 1468 3537 diversitatem,
1490 3475 1564 3524 recte
1585 3466 1619 3523 ad
1638 3467 1724 3548 alium

924 3546 1081 3602 Marianam
1097 3550 1263 3605 7333773737,
1279 3542 1344 3599 31717
1360 3539 1570 3612 explicabimus.
1588 3537 1659 3595 Satis
1675 3554 1724 3593 mr·

923 3633 986 3672 rum
1010 3615 1098 3672 videri
1122 3621 1222 3688 posset,
1249 3613 1415 3679 Usuardum,
1435 3628 1491 3667 non
1514 3612 1603 3667 solum
1627 3624 1724 3666 verum

923 3687 1016 3744 obitus
1026 3687 1087 3760 (qni
1095 3685 1271 3743 determinari
1282 3685 1397 3741 omnino
1406 3682 1525 3757 nequit),
1537 3682 1585 3739 sed
1597 3691 1624 3739 et
1633 3681 1725 3762 cultns

922 3758 996 3815 diem
1014 3776 1064 3815 suo
1078 3766 1200 3832 tempore
1221 3757 1353 3813 usitatum
1375 3753 1525 3826 ignorasse,
1540 3753 1607 3809 dum
1621 3754 1724 3834 blaria-

922 3848 986 3886 nam
1005 3830 1056 3887 bac
1075 3831 1120 3886 die
1136 3828 1320 3900 consignavit.
1345 3825 1520 3885 Clarissimus
1534 3833 1575 3881 cst
1596 3824 1723 3904 codicum

922 3909 1092 3969 nostrorum,
1108 3910 1135 3958 37
1150 3901 1177 3955 77
1192 3901 1314 3957 11371333
1328 3907 1356 3954 77
1370 3899 1398 3955 73
1418 3897 1606 3970 superioribus
1618 3911 1724 3951 unani-

69 3967 194 4049 ampliori
208 3968 271 4026 37737
282 3969 399 4026 11373773
410 3980 436 4028 37
446 3971 635 4042 designatione
647 3973 757 4035 montis,
770 3973 799 4028 in
810 3989 865 4045 qno
882 3989 904 4049 c
922 3974 974 4028 mis
989 3975 1068 4044 plane
1083 3988 1242 4029 consensus.
1255 3971 1368 4027 Brevem
1385 3969 1499 4026 17377337
1512 3967 1616 4048 Vitam,
1631 3965 1724 4023 nescio

68 4038 214 4096 7317733337
223 4041 309 4096 vitam
319 4042 404 4112 egerit
414 4061 420 4109 ;
432 4058 568 4115 quemque
579 4043 723 4099 blosander
736 4046 808 4099 7373
819 4060 865 4099 vo·
920 4060 954 4099 au
969 4045 1035 4100 satis
1049 4045 1195 4112 sinceram,
1211 4043 1300 4099 edidit
1315 4041 1438 4098 Labbcns
1452 4048 1527 4097 tomo
1539 4038 1646 4095 llB1bl.
1658 4053 1722 4104 ms,

67 4117 115 4178 337,
139 4111 313 4184 llosvreydus
333 4114 412 4182 7773,
435 4113 481 4169 3771
507 4130 570 4171 cum
592 4114 734 4171 notatione
755 4115 866 4188 propria

68 4195 144 4237 mauu
156 4181 278 4240 subinde
287 4182 402 4256 adjecta,
414 4200 468 4258 qua
478 4193 572 4242 monet
586 4188 603 4242 7
613 4186 775 4243 mutandum
791 4188 820 4242 in
830 4187 863 4254 L,

67 4252 234 4327 proindeque
248 4255 393 4328 legendum
406 4257 491 4325 bura,
503 4264 597 4330 utpote
609 4257 657 4331 qui
670 4259 760 4314 aJura
772 4265 864 4314 monte

920 4130 981 4187 pag.
1004 4114 1066 4182 137,
1088 4115 1134 4170 317
1155 4121 1182 4169 31
1205 4114 1233 4169 S.
1254 4113 1376 4184 Gregorii
1397 4111 1565 4167 Turonensis
1584 4119 1666 4182 caput
1688 4107 1720 4163 81

920 4187 1013 4242 737377.
1029 4188 1148 4241 Exstant
1163 4186 1191 4239 in
1206 4185 1298 4239 blusso
1314 4190 1407 4237 nostro
1422 4182 1488 4237 bina
1502 4182 1556 4238 alia
1570 4181 1634 4236 vitae
1648 4195 1723 4236 com·

920 4258 1020 4331 pendia
1031 4273 1095 4312 mss.
1112 4256 1141 4313 in
1156 4253 1253 4326 majori
1266 4269 1347 4325 opere
1361 4254 1516 4309 accuratius
1527 4250 1720 4307 examinanda.

795 4384 987 4443 luctante.

96 4483 246 4540 Hxarums.
270 4490 329 4539 toto
349 4491 429 4541 textu
449 4484 613 4556 purissimus
631 4490 683 4548 est,
704 4481 751 4539 sed
771 4481 863 4539 nescio

64 4569 113 4627 qua
131 4571 216 4611 cansa
238 4555 360 4612 secundo
389 4556 449 4612 loco
471 4555 605 4612 inscrtum
628 4555 682 4609 sit:
710 4578 719 4600 ι
743 4555 773 4610 13
800 4570 863 4609 mo-

63 4626 180 4683 nasterio
194 4625 293 4694 Bobio,
308 4625 444 4699 depositio
457 4627 545 4683 sancti
560 4626 704 4698 Bertnlpbi
718 4625 834 4682 3113773.
847 4650 856 4673 ι

96 4697 268 4754 Pompam:
286 4698 591 4769 ‹Natalesanctiblagni
609 4698 748 4769 martyris.
759 4700 860 4764 Romae,

63 4770 145 4825 uncti
165 4769 234 4825 iulii
253 4769 402 4837 Senatoris,
424 4779 514 4836 etc.,·
537 4779 617 4825 recte.
634 4769 781 4842 Sequitur:
806 4769 861 4823 «ln

63 4840 201 4896 7377773773
223 4840 360 4910 Biturica,
384 4842 472 4898 sancti
495 4840 626 4897 Marciani
650 4840 855 4897 contessoris.»

63 4910 164 4967 71737737
179 4912 234 4967 3173
248 4912 351 4968 omnia.
368 4912 439 4969 Vide
452 4912 486 4968 de
500 4914 596 4982 Magno
611 4928 671 4984 quae
687 4928 768 4984 snpra
782 4911 862 4967 dixi-

62 4997 128 5038 mus.
143 4984 212 5040 ltem
228 4985 353 5039 notulam
368 4983 514 5042 Castellani
529 4983 559 5038 in
571 4984 714 5056 Martyrcl.
737 4985 860 5039 univem.

62 5062 86 5110 et
99 5053 227 5110 Cnavan.
244 5055 372 5111 interius.

94 5125 263 5182 7177377737.
279 5134 307 5181 37
321 5127 445 5183 Luvnun.
459 5125 612 5198 incipiunt:
632 5127 683 5181 «ln
695 5124 803 5191 Cicilia,
814 5141 861 5180 na·

61 5196 111 5252 tale
124 5198 214 5253 sancti
231 5196 373 5254 Ludowici
390 5198 510 5269 episcopi
529 5207 556 5252 et
569 5197 745 5253 confessoris.
765 5196 861 5252 Ν37313

60 5269 144 5324 uncti
159 5269 250 5342 llagni
267 5270 397 5342 martyris
411 5287 473 5326 curn
489 5269 571 5325 333773
586 5272 653 5335 suis,
670 5293 678 5314 ι
700 5275 765 5335 773,
782 5283 859 5339 pure.

60 5337 120 5394 Utra
142 5356 175 5396 ne
189 5357 309 5414 sequens
327 5341 500 5397 annuntiatio
516 5342 625 5397 turbata
639 5346 666 5395 et
680 5339 794 5396 confusa
808 5347 859 5395 est.

59 5409 107 5467 Pro
150 5412 254 5480 ariani,
270 5412 525 5469 scribuntllurini.

90 5484 254 5541 7773333773.
269 5484 325 5540 3173
339 5483 450 5566 phrasi:
477 5510 486 5532 ι
501 5481 582 5556 Apud
601 5482 750 5538 Massiliam
770 5482 860 5537 natale

917 4481 1060 4550 fundatur,
1085 4479 1159 4555 quod
1175 4478 1293 4536 subinde
1308 4485 1463 4534 correctum
1478 4482 1528 4530 337.
1546 4473 1624 4546 Legit
1638 4471 1720 4529 ctiam
1739 4473 1741 4479 ’

918 4553 1031 4611 Marini.

953 4624 1112 4682 Cunnuusu.
1130 4640 1136 4678 :
1153 4646 1162 4669 ι
1177 4620 1272 4677 Ν37313
1281 4619 1368 4677 sancti
1378 4619 1481 4690 Magni,
1496 4633 1544 4674 seu
1559 4615 1646 4700 sancti
1658 4618 1722 4673 Α3-

917 4696 988 4753 drea
1019 4694 1160 4767 martyris,
1189 4710 1252 4750 cum
1276 4693 1359 4749 sociis
1382 4691 1440 4747 suis
1465 4690 1573 4746 dnobus
1595 4689 1721 4745 millibus

918 4767 1076 4840 quingentis
1100 4765 1248 4894 nonnppnta
1267 4772 1382 4837 septem·
1407 4765 1436 4819 ln
1461 4763 1568 4829 Galliis,
1593 4778 1661 4833 pago
1680 4761 1721 4842 Si·

934 4843 1029 4906 estico,
1056 4838 1144 4894 sancti
1199 4837 1275 4893 onati
1305 4835 1460 4909 presbyteri
1493 4843 1520 4891 et
1544 4834 1718 4890 confessoris.

916 4857 1020 4967 11371373
1036 4910 1081 4966 7173
1096 4911 1199 4976 Romae,
1215 4908 1302 4966 sancti
1317 4908 1385 4965 73177
1400 4906 1551 4973 Senatoris,
1585 4906 1612 4960 ui
1627 4918 1720 4976 passus

916 4990 957 5038 est
971 4982 1022 5039 sub
1036 4981 1188 5040 Commodo
1201 4981 1376 5052 imperatore,
1389 4978 1483 5052 jndice
1498 4922 1623 5056 77731173.
1639 4998 1648 5021 ι
1673 5043 1679 5054 ⁹

952 5054 1130 5109 Bauxncunu.
1157 5053 1190 5108 de
1213 5052 1331 5108 Andrean
1357 5050 1439 5107 sociis
1462 5065 1544 5120 supra
1572 5047 1614 5101 bis
1642 5043 1719 5098 377113

936 5126 1081 5195 ningentos
1093 5124 1199 5180 scribit.
1213 5123 1358 5194 nonaginta
1371 5136 1472 5175 333737.
1488 5121 1526 5173 lle
1545 5120 1650 5172 Donato
1665 5114 1720 5169 ad-

915 5141 968 5263 1177,
985 5196 1032 5250 ι17
1045 5202 1137 5249 373373
1147 5195 1195 5266 qui
1209 5192 1424 5249 dicitrinum·
1441 5192 1471 5247 ln
1488 5185 1601 5259 reliquis
1612 5202 1718 5259 permo-

916 5268 976 5323 dice
991 5266 1172 5337 interpolatus
1186 5273 1236 5320 est.
1253 5267 1282 5320 ln
1299 5264 1353 5319 line
1368 5261 1479 5318 subdit:
1502 5283 1511 5306 ι
1526 5258 1607 5331 Apud
1622 5257 1718 5314 blarci·

917 5340 993 5405 liam,
1010 5337 1097 5392 sancti
1113 5335 1247 5391 budovici
1262 5352 1276 5391 3
1298 5334 1382 5405 733337
1397 5341 1424 5389 37
1435 5330 1611 5396 confessoris,
1624 5338 1652 5385 et
1666 5328 1717 5385 filii

916 5409 987 5536 pppis
1001 5408 1112 5474 Siciliae,
1137 5407 1259 5480 episcopi
1278 5353 1416 5472 13133377,
1431 5402 1464 5458 de
1479 5401 1576 5457 ordine
1590 5402 1719 5457 Fratrum

946 5496 1066 5535 morum.
1081 5502 1090 5524 ›

59 5554 141 5611 7377377
164 5555 312 5612 badonici
335 5555 456 5628 episcopi
478 5562 506 5611 et
524 5554 697 5611 confessoris.
723 5552 776 5620 Qui
795 5569 859 5609 cum
952 5553 1130 5607 1173733777.
1147 5548 1244 5621 incipit
1258 5564 1274 5604 3
1288 5545 1373 5612 73173,
1389 5545 1417 5601 73
1433 5561 1487 5618 qno
1502 5561 1587 5618 purus
1601 5544 1719 5602 3371133

58 5710 115 5753 3737
162 5707 270 5757 3377337
292 5698 467 5755 Siluorum·
494 5698 611 5771 Reliqua
626 5713 693 5769 pura
707 5703 782 5765 suut,
803 5695 858 5751 uisi

56 5768 125 5841 qnod
140 5768 224 5844 buius
236 5770 297 5828 diei
309 5770 384 5840 linis,
401 5786 464 5828 cum
480 5769 620 5844 sequentis
635 5767 772 5841 principio
786 5783 858 5824 con-

59 5635 122 5683 77337
136 5626 342 5755 primogenitus
356 5626 556 5700 regisCeciliae,
572 5626 709 5699 professus
723 5632 764 5682 est
777 5602 897 5680 ordi-D
915 5623 945 5679 in
960 5625 1076 5690 Donato,
1092 5638 1109 5676 a
1123 5620 1242 5692 puritate
1267 5618 1384 5673 multam
1400 5617 1494 5674 distat.
1512 5616 1582 5672 7337
1603 5615 1637 5672 717
1656 5616 1719 5672 173-

913 5695 990 5751 riano
1003 5713 1009 5761 ;
1026 5693 1125 5749 ultimo
1141 5693 1201 5747 loco
1215 5690 1250 5748 de
1263 5689 1383 5758 71771773,
1394 5689 1476 5745 etiarn
1488 5689 1555 5745 satis
1569 5696 1653 5745 73373.
1665 5686 1719 5743 Se·

912 5773 1035 5839 quantur
1053 5762 1278 5821 annuntiationes
1300 5760 1361 5819 dua
1385 5760 1543 5834 anticipata
1558 5776 1593 5816 ex
1612 5759 1657 5814 die
1677 5772 1717 5813 se·
