3834 6136
96 188 104 200 ³
139 199 207 254 torti)

651 186 824 244 tllNcllsltl
844 181 1087 240 bechinensis
1104 179 1262 238 Episcopi

1719 172 1783 228 leet

138 356 168 404 ut
182 347 226 402 vel
242 345 373 419 probetur
385 341 521 399 mutantis
530 337 590 411 ejus
601 353 617 393 ι
630 337 768 408 plurimis,
785 336 828 391 vel
840 349 934 390 emen·
950 336 974 394 Α
989 331 1084 386 Dicam
1100 337 1192 386 tamen
1216 344 1266 400 pro
1288 325 1384 382 multis
1396 338 1457 398 quse
1471 338 1522 379 suo
1536 322 1599 377 loco
1615 323 1786 393 exsequendi

136 436 226 493 detur.
238 435 340 490 Tamen
351 432 508 504 priusquam
519 427 611 483 omnia
621 425 768 496 diligenter
777 433 804 480 et
814 424 932 480 fideliter

137 524 339 590 examinentur,
355 537 418 576 euin
434 519 480 590 qui
496 516 580 571 fuerit
593 532 608 569 a
623 514 817 570 communione
827 529 931 585 separa·

136 622 190 682 tus,
211 622 275 669 ante
294 609 478 681 cognitionem
499 606 593 662 nullus
620 601 701 658 dehet
719 615 882 672 presumere
903 604 933 652 ut

137 718 199 759 euni
212 696 403 758 communioni
420 696 514 752 societ.
528 694 563 749 lli
578 708 644 748 vero
659 690 705 764 qui
720 685 932 745 conveniuntad

137 791 316 856 audiendum,
328 790 352 844 si
367 785 489 842 uiderint
502 783 666 840 clericorum
681 795 739 836 esse
750 776 891 834 fastidium
906 782 934 831 et

136 880 302 955 superbiam,
311 875 439 949 quiajam
450 889 506 930 non
516 872 593 928 decet
607 877 637 925 ut
647 868 791 940 episcopus
803 865 932 936 injuriam

136 972 180 1027 vel
204 964 401 1026 contumelium
426 963 556 1035 patiatur,
571 957 757 1015 severioribus
780 972 826 1010 eos
840 954 933 1010 uerbis

136 1061 282 1131 castigent,
297 1064 327 1111 ut
338 1053 467 1110 obediant
478 1053 593 1106 honeste
604 1045 773 1121 precipienti
783 1046 911 1117 episcopo
924 1063 930 1101 :

136 1151 200 1224 quia
210 1150 281 1204 sicut
293 1146 340 1201 ille
352 1142 461 1200 clericis
475 1141 611 1197 sincerum
625 1138 756 1195 exhihere
769 1136 849 1191 debet
859 1152 931 1192 amo·

136 1251 192 1290 rem
208 1232 360 1300 charitatis,
373 1231 411 1287 ita
424 1245 531 1303 quoque
542 1225 666 1283 vicissim
681 1223 801 1279 ministri
812 1223 933 1277 infucata

135 1324 236 1380 dehent
246 1323 375 1396 episcopo
391 1337 440 1377 suo
461 1317 592 1374 exhibere
606 1314 771 1387 obsequia·
792 1311 871 1379 Quod
885 1311 933 1367 di-

136 1416 208 1472 citur
222 1414 279 1481 hic,
302 1439 311 1462 ι
329 1412 428 1468 habeat
442 1415 602 1482 potestatem
617 1406 642 1461 is
655 1404 702 1477 qui
716 1404 838 1475 abjectus
851 1413 891 1459 est
901 1411 932 1459 ut

136 1506 278 1578 episcopos
292 1501 428 1559 finitimos
441 1497 606 1569 interpellet,
621 1502 648 1550 et
663 1510 744 1550 causa
759 1493 819 1566 ejus
833 1492 934 1548 audio-

136 1603 184 1651 tur
199 1611 231 1652 sc
243 1592 405 1664 diligentius
418 1597 560 1655 tractetur,
576 1584 641 1658 quia
655 1600 711 1640 non
725 1591 833 1656 oportet
847 1582 870 1639 ei
888 1599 932 1638 ne-

986 429 1069 480 crunt
1079 420 1204 493 paucula.
1217 417 1335 475 Demiim
1349 416 1458 473 dicente
1468 416 1559 488 primo
1567 415 1678 488 parenti
1687 421 1784 485 nostro,

987 512 1015 568 in
1038 526 1202 584 quocunque
1226 510 1271 565 die
1295 525 1330 565 cx
1351 508 1426 580 liguo
1440 506 1492 562 sibi
1516 506 1609 561 vetito
1623 504 1784 575 comederet,

987 600 1061 671 quiid
1085 608 1173 656 morte
1193 606 1345 654 moreretur
1361 598 1437 669 (Gen.
1454 596 1499 666 n),
1516 610 1573 650 non
1593 594 1658 650 ideo
1673 592 1748 650 dixit
1760 603 1785 651 ut

987 708 1034 763 pse
1052 690 1209 747 comederet
1223 697 1251 744 et
1264 697 1351 745 morte
1366 694 1528 754 moreretur,
1544 685 1656 743 scilicet
1672 700 1785 757 corpore

987 794 1014 842 et
1038 786 1148 842 anima:
1167 785 1213 841 sed
1235 784 1297 840 ideo
1321 785 1389 842 illud
1406 784 1510 853 intulit,
1528 798 1562 840 ne
1578 783 1749 851 comederet,
1763 791 1787 840 et

988 892 1044 932 non
1064 882 1153 931 morte
1177 883 1339 940 moreretur,
1367 875 1414 932 sed
1432 874 1490 929 vita
1508 873 1630 928 viseret.
1655 872 1787 930 Suadsute

986 972 1078 1021 autem
1103 964 1224 1035 diabolo,
1246 971 1277 1020 nt
1297 963 1319 1019 si
1344 980 1378 1019 ex
1404 963 1479 1034 ligno
1502 962 1592 1018 vetito
1617 960 1788 1029 comederent

987 1054 1059 1109 sicut
1072 1054 1112 1109 dii
1126 1062 1217 1110 essent
1239 1052 1336 1119 futuri,
1352 1052 1457 1108 scilicet
1473 1057 1602 1123 parentes
1615 1048 1717 1118 nostri,
1736 1066 1786 1106 non

988 1142 1049 1198 ideo
1065 1143 1200 1214 persuasit
1216 1149 1247 1198 ut
1261 1142 1358 1198 fierent
1377 1141 1451 1215 quod
1470 1138 1673 1212 praetendebat,
1694 1140 1741 1196 sed
1762 1148 1789 1196 ut

988 1234 1146 1289 amitterent
1166 1249 1222 1288 esse
1246 1232 1319 1305 quod
1341 1230 1424 1286 fiendi
1439 1238 1517 1286 erant
1535 1228 1559 1285 si
1576 1245 1632 1284 non
1648 1229 1786 1287 comedis-

988 1331 1057 1378 sent.
1073 1323 1142 1378 Ecce
1158 1321 1222 1394 quie
1238 1319 1397 1377 interdictio
1413 1318 1525 1375 Domini
1542 1318 1577 1373 ad
1592 1318 1647 1373 hoc
1662 1318 1788 1389 precede-

988 1411 1044 1479 bat,
1069 1419 1100 1466 ut
1123 1428 1196 1466 murs
1221 1409 1392 1477 evaderetur,
1420 1409 1555 1464 resolutio
1569 1406 1675 1463 diaboli
1689 1409 1722 1464 ad
1737 1408 1789 1465 hoc

989 1498 1149 1566 inductam
1159 1498 1217 1552 uita
1227 1504 1415 1552 evacuaretur.
1427 1496 1462 1551 Ει
1472 1495 1538 1569 <quia
1554 1493 1709 1551 secundnm
1723 1494 1789 1552 illud

988 1605 1063 1660 papae
1083 1587 1234 1643 Alexandri
1249 1595 1391 1654 statutum,
1411 1611 1420 1633 ι
1433 1594 1610 1642 uenientum
1626 1583 1789 1641 attendenda

136 1684 190 1755 gati
203 1681 371 1739 audientiam
387 1678 528 1751 roganti»
544 1683 619 1749 patet
632 1674 696 1746 quia
709 1674 775 1730 dum
790 1672 824 1729 ad
835 1678 970 1757 metro-B
987 1685 1052 1733 suut
1067 1694 1127 1750 que
1137 1678 1209 1732 flunt
1220 1684 1352 1749 quantum
1368 1693 1422 1748 quo
1437 1675 1531 1732 animo
1548 1674 1634 1744 fiunt,
1652 1700 1662 1725 ι
1683 1692 1745 1732 cum
1758 1690 1789 1732 er

135 1773 221 1844 polim
233 1772 272 1828 uti
286 1769 490 1829 Antioclienum
506 1764 575 1822 dicit
589 1763 739 1820 concilium
749 1760 931 1825 concurrerit,

135 1877 166 1917 ac
176 1860 346 1917 audientiam
360 1857 531 1928 abepiscopo
545 1852 681 1923 rogaverit
696 1851 743 1923 qui
759 1848 933 1906 sollicitudi-

135 1968 196 2007 nem
209 1949 358 2021 proriiicire
368 1947 447 2017 gerit,
460 1946 507 1999 ille
520 1944 566 2015 qui
582 1943 705 2012 abjectus
716 1949 756 1997 eet
769 1946 929 2012 potestatem

135 2039 248 2103 habens,
271 2036 405 2091 finitimus
418 2033 559 2104 episcopos
582 2030 616 2084 sd
631 2031 683 2085 lioc
695 2029 793 2085 debere
812 2044 931 2098 congre-

134 2125 202 2198 geri,
217 2124 264 2197 qui
277 2123 416 2194 negotium
428 2120 617 2184 discutientes,
632 2126 679 2174 aut
702 2116 857 2189 probabunt
871 2133 930 2173 sen·

136 2215 248 2270 tentiam
262 2212 382 2285 episcopi
407 2218 454 2267 aut
472 2207 675 2265 emendabunt:
692 2223 752 2278 quse
773 2223 788 2260 a
803 2207 931 2277 plurimis

135 2312 176 2360 est
191 2302 334 2369 mutanda,
351 2317 406 2357 non
421 2300 507 2356 solius
517 2297 715 2370 archiepiscopi
731 2296 930 2352 deliberatione

135 2391 309 2459 destruenda,
322 2390 386 2463 quia
395 2389 468 2462 quod
480 2387 608 2444 subditur
621 2405 627 2442 :
642 2387 763 2442 ‹Tanicn
773 2385 929 2458 priusquam

134 2483 226 2540 omnis
240 2483 388 2553 diligenter
401 2487 429 2536 ct
444 2477 562 2535 fideliler
576 2477 779 2542 exaininentur,
805 2492 867 2531 euin
883 2472 930 2546 qui

135 2577 221 2630 fuerat
239 2589 255 2628 ι
275 2572 471 2629 cummunione
492 2577 641 2641 seperatus,
667 2575 730 2623 unte
745 2565 931 2637 cognitionem

134 2662 318 2721 nullusdebet
328 2668 532 2734 presumerent
542 2674 604 2715 euin
615 2656 805 2714 communioni
816 2656 923 2723 societ„

134 2769 189 2810 non
203 2751 311 2823 excepit
326 2750 572 2821 archiepiscopum:
584 2746 649 2820 quia
658 2746 817 2802 ubidicitur
826 2745 930 2809 nullus,

134 2858 190 2898 non
204 2841 361 2913 supersedet
375 2841 459 2896 ullus.

168 2937 309 2994 Nissenum
326 2950 434 3007 quoqne
449 2934 514 3006 quid
530 2950 565 2989 ex
577 2935 767 2991 hocdecemat
780 2931 930 2988 concilium

987 1766 1085 1821 ordine
1098 1782 1148 1821 suo
1163 1765 1224 1821 loco
1238 1773 1263 1819 et
1277 1773 1399 1836 temporo
1413 1763 1493 1834 cujus
1507 1771 1550 1821 est
1567 1780 1660 1819 meam
1678 1762 1790 1821 audierit

987 1854 1221 1922 interdictionem,
1232 1854 1369 1926 judicabit
1383 1871 1437 1926 quo
1450 1854 1556 1922 animo,
1568 1870 1626 1926 qna
1641 1854 1789 1912 intemions

986 1958 1044 1996 eam
1057 1942 1178 2010 iecerint,
1191 1951 1284 1997 utrum
1299 1959 1353 2013 quo
1369 1958 1402 1997 ex
1411 1958 1440 1998 ea
1451 1942 1565 2015 aliquod
1581 1944 1690 2000 malum
1702 1943 1787 2001 subse·

986 2040 1124 2105 queretur,
1152 2042 1199 2089 aut
1221 2032 1339 2105 alicujus
1372 2033 1524 2105 periculum
1551 2034 1726 2107 procederet,
1744 2044 1787 2093 ιιιι

986 2124 1063 2178 locus
1085 2121 1209 2179 violandi
1229 2123 1388 2194 apostolicus
1410 2122 1483 2179 sedis
1496 2124 1611 2180 decreta
1628 2126 1785 2197 aperiretur,

986 2224 1043 2283 aut,
1065 2221 1094 2269 ut
1119 2214 1156 2269 ita
1173 2214 1273 2282 dicam,
1295 2212 1473 2285 delinquendi
1495 2223 1596 2270 contra
1612 2231 1711 2272 omnes
1724 2217 1789 2291 leges

985 2312 1041 2358 tuni
1063 2302 1172 2357 divinus
1195 2319 1276 2374 quum
1291 2302 1426 2357 humanas
1440 2300 1561 2358 facultas
1577 2304 1715 2361 daretur:
1731 2322 1789 2362 naui

985 2392 1030 2472 ιιιΙ
1056 2401 1166 2464 propter
1189 2399 1401 2463 transgressores
1427 2391 1516 2463 posits
1545 2402 1612 2461 est;
1643 2410 1679 2450 an
1694 2402 1724 2450 ut
1738 2395 1790 2452 hac

986 2498 1019 2536 nc
1044 2481 1139 2537 sicient
1167 2489 1288 2553 satagere
1307 2480 1452 2536 maluerim
1477 2480 1670 2541 nihilominus
1685 2484 1788 2556 ponde-

987 2571 1067 2628 rabit.

1027 2669 1215 2724 llerolrentur
1228 2668 1263 2723 ab
1275 2667 1355 2723 initio
1370 2669 1527 2741 apostolicae
1543 2670 1620 2726 sedis
1634 2667 1751 2738 decreta,
1764 2676 1789 2728 et

984 2759 1203 2818 considerabitur
1211 2761 1240 2816 in
1254 2761 1321 2833 ipsis
1341 2777 1390 2817 cur
1399 2761 1661 2818 excommunicatio
1669 2761 1788 2819 iacienda

986 2852 1033 2918 sit,
1049 2859 1077 2907 ct
1091 2851 1192 2924 quilius
1205 2867 1236 2907 ac
1250 2867 1265 2906 a
1279 2850 1389 2923 quibus,
1408 2851 1475 2925 quin
1491 2858 1518 2907 et
1533 2869 1549 2906 ι
1564 2850 1671 2924 quibus
1685 2868 1787 2909 exeun-

989 2940 1055 2994 dum
1065 2955 1095 2994 uc
1104 2938 1284 3011 separandum
1294 2939 1404 3004 sit,cuiu
1417 2939 1518 3010 quibus
1532 2956 1585 2995 nec
1595 2940 1692 2997 cibum
1710 2942 1785 3009 suini,

133 3026 373 3097 attendamus,quo
383 3024 421 3079 eit
432 3026 503 3094 (cun.
515 3025 555 3095 dl:
570 3025 608 3079 De
624 3023 667 3078 his
677 3023 723 3095 qui
735 3021 930 3079 communione
948 3051 969 3111 c
984 3035 1087 3100 quanto
1102 3029 1194 3084 minus
1209 3045 1259 3084 nec
1275 3028 1384 3083 niissam
1403 3035 1527 3099 oporteat
1542 3028 1692 3087 celebrari.
1714 3030 1788 3089 Certe

133 3109 927 3190 Psillnlllliwll⁶1⁰¹⁰l⁰i⁸e1¹⁰xlaiGOOrdissedhepisei-
985 3117 1007 3172 si
1023 3119 1070 3189 qui
1092 3133 1147 3173 nori
1171 3118 1284 3189 cirrigit
1299 3119 1444 3174 resecanda
1467 3120 1636 3189 committit,
1654 3136 1687 3177 ac
1701 3120 1747 3194 qui
1761 3120 1786 3178 iu

132 3205 174 3278 pis
188 3222 236 3278 per
250 3219 472 3276 unamquemque
488 3200 669 3273 provinciam,
692 3199 829 3255 sententia
843 3213 929 3268 regu·
987 3206 1088 3262 talibus
1102 3214 1174 3263 tacet
1188 3216 1388 3280 consequenter
1398 3216 1425 3263 et
1441 3207 1603 3276 cohibetur,
1620 3219 1648 3266 et
1666 3227 1710 3266 vae
1724 3226 1788 3283 pro-

133 3294 197 3350 laris
223 3295 356 3362 obtineat,
382 3299 413 3347 ut
427 3292 456 3347 hi
472 3291 519 3364 qui
544 3289 715 3361 abjiciuntur
738 3289 772 3345 ub
786 3288 850 3344 aliis
873 3304 929 3343 non
984 3295 1126 3367 phesiuum
1148 3295 1190 3349 illi
1211 3296 1313 3351 taeenti
1336 3296 1473 3363 imminet,
1489 3297 1582 3352 multo
1599 3297 1687 3370 inagis
1701 3299 1788 3373 quies

131 3385 309 3458 recipiuntur,
325 3384 482 3457 requiratur
497 3389 588 3437 autem
600 3396 634 3436 ns
644 3378 872 3451 pusillanimitate
882 3384 931 3434 sut
984 3385 1073 3452 docet,
1091 3400 1139 3457 per
1155 3400 1215 3456 quae
1233 3383 1292 3440 haec
1306 3384 1366 3440 sieri
1392 3385 1591 3458 quoquomodo
1606 3403 1622 3443 a
1636 3387 1787 3460 quibusque

130 3475 305 3531 contentione
319 3474 363 3529 vel
378 3470 542 3544 aliquolibet
558 3469 678 3542 episcopi
694 3469 764 3525 vitio
777 3469 930 3526 rideaturs
985 3482 1194 3549 praesumantur,
1212 3493 1267 3532 non
1284 3477 1465 3534 inhominem
1479 3485 1591 3535 tantum
1602 3477 1729 3547 fratrem,
1743 3478 1785 3535 sed

57 3595 61 3604 ·
130 3563 339 3635 congregatione
362 3563 494 3617 seclusus.
520 3559 555 3616 Ut
570 3559 623 3615 hoc
644 3575 708 3629 ergo
727 3559 869 3614 decentius
884 3559 929 3613 ιιι-
983 3567 1114 3622 innisum
1131 3567 1291 3635 Dominum,
1307 3584 1339 3623 ³0
1358 3583 1405 3639 per
1424 3566 1627 3640 hocinffpsam
1642 3582 1784 3626 mmm.

129 3652 266 3724 quiratur,
278 3649 348 3703 bene
358 3649 462 3719 lssacuit
471 3647 551 3702 ³¹¹ssss
563 3647 680 3716 Βιῦιιῦιιῦ
689 3661 737 3716 W
747 3658 926 3716 unamqlssffl·
982 3663 1054 3713 ctam
1070 3657 1231 3730 religionem
1245 3659 1419 3730 praevaricari
1434 3659 1628 3715 convincitur.
1640 3659 1721 3727 Quod
1734 3674 1783 3715 non

130 3755 182 3812 que
196 3735 367 3809 provinciam
397 3735 439 3791 his
454 3736 483 3790 in
507 3750 580 3790 anno
596 3735 714 3791 concilia
738 3733 880 3803 celebrari,
898 3744 927 3792 ut
982 3763 1026 3803 me
1041 3765 1090 3820 pro
1103 3766 1146 3804 mu.
1160 3749 1252 3806 dicere
1264 3751 1391 3818 reamini,
1405 3749 1481 3823 quasi
1496 3753 1612 3822 propria
1628 3751 1782 3823 instigatum

129 3824 461 3925 wfflfflssllilsslflfflssjbssl
483 3824 566 3921 Simlfl
594 3823 731 3921 episcopis
756 3826 928 3921 ιθΰιζθιᾶιιθ
983 3840 1104 3911 injuria:
1123 3843 1188 3914 quia
1202 3845 1259 3900 Deo
1276 3851 1345 3900 teste
1363 3859 1412 3915 pro
1436 3842 1560 3899 carendo
1586 3842 1684 3916 polius
1698 3844 1782 3901 eoele·

87 3926 90 3933 ’
129 3916 289 4017 Pl‘JliJlsslaei
301 3910 656 4010 d¹⁸0⁰²¹²sslssth¹¹l¹¹⁸ffl⁰du¹
667 3918 842 3981 (luaelllffllsssi
854 3914 927 3970 ⁰¹⁵5ss
981 3932 1085 3988 siastici
1098 3933 1205 3990 ordinis
1215 3934 1381 3991 detrimento
1394 3933 1474 3988 robis
1483 3933 1588 4003 scribo,
1601 3933 1643 3991 uti
1655 3936 1780 4009 scriptum

129 4020 176 4101 qui
190 4019 240 4100 ΨΟ
255 4010 436 4099 &mavilum
450 4000 592 4099 ⁰V¹d⁰s¹²f³f
606 4013 743 4100 ⁸1³¹³⁰PP02
769 4017 926 4060 0¹0⁰fflm11·
982 4029 1021 4076 est
1032 4038 1037 4076 :
1050 4021 1137 4078 Nolite
1151 4023 1308 4078 locinuduiu
1318 4021 1423 4078 diabolo
1435 4023 1543 4093 (Epirus.
1563 4023 1680 4089 isthec
1691 4040 1778 4092 unum,

128 4100 213 4147 uicatr
231 4086 433 4189 rationabiliter
445 4088 480 4144 eb
495 4087 815 4187 omnibusaestrmentur,
829 4107 926 4164 usque·
980 4114 1087 4184 scitote,
1103 4116 1207 4188 ,picem
1224 4116 1257 4171 ab
1273 4133 1319 4173 0„
1336 4130 1396 4173 meo
1411 4114 1546 4173 dictatum
1563 4133 1699 4190 apparere
1712 4126 1779 4192 opu,

128 4196 183 4254 (11¹⁰
198 4178 242 4234 V⁰¹
255 4193 445 4278 ¹³¹P⁰fflm¹¹¹¹¹i
462 4177 506 4233 ιε]
523 4192 651 4278 ⁰P¹f⁰⁰p⁰
663 4179 768 4252 Placeat
781 4180 925 4280 humili&
981 4222 1036 4259 rein
1053 4205 1095 4260 rel
1113 4214 1188 4277 epte,
1205 4204 1252 4277 qui
1267 4213 1364 4261 restrae
1380 4204 1536 4277 paternitati
1553 4205 1727 4278 displiceret,
1737 4222 1776 4281 rep

127 4286 185 4326 ‘⁸¹¹¹
197 4267 438 4339 9¹⁰¹³¹¹b¹¹⁸¹⁰¹¹⁰
454 4269 728 4341 ⁸⁰⁰¹⁰¹¹²¹²¹¹¹’'Efss⁰
740 4278 925 4328 ⁰⁰¹¹¹¹¹¹¹¹¹¹¹tef
979 4294 1110 4351 decentiae
1134 4301 1230 4351 restrae
1255 4311 1311 4350 non
1334 4302 1507 4368 congrueret.
1531 4294 1585 4352 Sed
1600 4313 1659 4354 nori
1674 4307 1783 4372 possum

127 4358 256 4416 ⁰ffl⁰ib¹¹⁸
279 4359 361 4415 liffllfl
377 4357 514 4431 edi⁸⁰⁰l³i⁸
526 4359 699 4431 00081'282253
713 4360 865 4431 Ρῐθιιῐιθιίθ
882 4361 924 4418 ιθ
939 4414 963 4472 D
979 4384 1011 4439 ile
1027 4383 1072 4439 his
1086 4384 1186 4456 quibus
1202 4383 1285 4456 gratis
1301 4383 1428 4456 impetur,
1445 4401 1494 4456 pro
1508 4383 1580 4441 scire
1599 4403 1644 4442 me
1660 4388 1705 4444 vel
1720 4397 1780 4444 tau·

126 4449 291 4523 questiones
306 4447 407 4505 discuti
421 4446 566 4519 jubentur,
582 4464 613 4504 ac
627 4449 925 4508 excommunicatoseb

126 4538 256 4594 omuibus
279 4537 480 4594 rationabiliter
500 4538 641 4606 aestimari,
660 4555 802 4614 usquequo
825 4543 868 4596 vel
894 4542 923 4597 in

126 4629 266 4686 communi
279 4630 323 4684 rel
333 4627 460 4699 episcopo
476 4628 581 4698 placeat
593 4627 784 4685 humaniorem
800 4644 849 4702 pro
863 4631 924 4686 tali·

126 4717 178 4773 bus
199 4718 270 4773 ferre
290 4715 465 4772 sententiam.
492 4715 567 4772 Nulli
583 4716 851 4790 archiepiscoporum
868 4737 924 4792 po-

125 4812 209 4861 testas
223 4804 314 4872 datur,
328 4814 359 4860 ut
373 4821 421 4860 sus
431 4806 489 4860 sole
507 4805 670 4862 auctoritate
685 4808 840 4880 coepiscopi
856 4825 924 4865 scn-

125 4893 212 4952 tentis
226 4901 383 4950 evacuetur.
403 4894 461 4949 Soli
476 4891 591 4949 debetur
605 4894 658 4950 hoc
672 4894 848 4967 privilegium
864 4898 923 4955 llo-

125 5001 213 5041 mane
231 4985 303 5042 sedis
317 4983 452 5058 pontiflci,
480 4992 575 5063 utpote
590 4986 686 5059 quide
704 4988 781 5044 ouini
800 4989 923 5047 Ecclesia

125 5078 166 5133 ias
182 5076 264 5134 habet
275 5075 431 5149 judicandl.

979 4476 1041 4532 ilem
1063 4482 1174 4531 coactus
1204 4492 1259 4530 non
1284 4475 1422 4547 expedire.
1448 4477 1530 4531 Forte
1554 4475 1584 4531 in
1609 4475 1778 4550 hyperbaton

980 4563 1091 4619 niodum
1116 4563 1231 4632 excessi,
1251 4564 1285 4620 od
1309 4564 1450 4636 superiora
1477 4565 1637 4637 suspiciam.
1663 4567 1703 4623 De
1730 4565 1778 4623 hoc

978 4654 1051 4726 qiiod
1061 4654 1221 4735 scripsistis:
1236 4655 1378 4710 ‹Nenietsi
1397 4654 1551 4711 schedulae
1561 4656 1668 4712 temihi
1679 4655 1777 4713 directa

978 4744 1108 4818 quiddam
1126 4745 1241 4801 rationis
1256 4744 1300 4800 vel
1325 4745 1496 4802 auctoritatis
1511 4745 1613 4803 habere
1628 4746 1775 4814 rideretur,

978 4833 1030 4889 huc
1045 4840 1135 4888 tamen
1158 4833 1240 4889 debes
1263 4832 1429 4904 discernere,
1446 4835 1511 4906 quia
1525 4834 1609 4893 sicuti
1625 4836 1674 4892 ubi
1690 4836 1775 4893 recle-

978 4920 1061 4976 matio
1077 4928 1149 4976 ccrta
1164 4921 1323 4991 suscipitur,
1335 4940 1413 4979 ceusu
1425 4924 1588 4994 ventiletur,
1599 4925 1671 4982 ratio
1682 4932 1776 5000 pestu-

978 5011 1058 5079 lutur,
1086 5011 1263 5082 presumptio
1286 5015 1329 5068 rel
1355 5013 1543 5086 usurpationis
1568 5016 1709 5073 temeritas
1723 5031 1775 5072 uon

976 5098 1128 5165 inuenitur,
1145 5099 1190 5154 sed
1199 5100 1309 5170 justina
1320 5104 1481 5176 requiritur,
1496 5115 1524 5161 et
1539 5106 1657 5179 aequitas
1672 5122 1774 5164 conset·

160 5177 246 5234 Docet
255 5176 365 5249 quidem
376 5192 445 5248 pape
456 5173 611 5232 Alexander
624 5175 653 5231 in
663 5176 718 5232 llne
728 5194 783 5234 sue
799 5178 921 5250 epistole
976 5195 1065 5254 retur,
1086 5204 1200 5245 censura
1221 5190 1404 5250 districtionis
1427 5196 1568 5253 canonice
1598 5204 1688 5253 uacat.
1711 5221 1719 5242 ι
1747 5193 1774 5252 Si

125 5265 215 5337 quod·
226 5282 281 5322 non
292 5273 400 5322 tantum
411 5264 577 5322 attendenda
590 5273 725 5339 suntque
737 5266 817 5337 fiunt,
829 5285 921 5341 quan·
975 5277 1092 5333 clieilula
1116 5278 1246 5350 quiddam
1269 5283 1384 5339 rationis
1415 5284 1457 5340 vel
1480 5286 1659 5344 auctoritatis
1683 5284 1773 5352 babet,

124 5361 184 5410 tum
195 5373 249 5428 quo
260 5357 352 5414 enimc
363 5356 434 5413 hunt
444 5356 698 5430 (episiltsrlempe
710 5375 772 5415 cum
784 5358 836 5416 hoc
851 5375 921 5416 exa·
975 5366 1055 5433 qiimn
1080 5364 1205 5436 superius
1229 5368 1386 5424 ineiiilnceiu
1402 5351 1599 5443 descripsistis,
1615 5373 1721 5430 bonurn
1736 5381 1773 5429 est

124 5444 249 5513 mussini,
267 5455 323 5503 tam
338 5448 368 5503 in
384 5446 463 5503 robis
477 5462 559 5520 quain
573 5446 603 5502 in
619 5464 661 5503 me
671 5447 755 5504 luerit
768 5457 919 5520 perscmta-
974 5460 1004 5507 ut
1020 5453 1087 5510 illud
1101 5455 1272 5514 observetur.
1287 5459 1367 5526 Quod
1380 5468 1472 5517 autem
1489 5462 1523 5519 de
1537 5465 1715 5538 susceptione
1727 5480 1773 5520 re·

123 5540 193 5601 tuni,
222 5537 325 5605 patebit
343 5538 419 5597 illico
439 5537 504 5595 inde
528 5538 665 5611 aequitatis
688 5541 916 5598 emolumenturn.
974 5543 1146 5600 clamationis
1169 5548 1374 5618 contendimus,
1398 5551 1517 5622 qualiter
1531 5562 1660 5627 suscepta
1675 5554 1711 5612 sit
1730 5568 1773 5610 eo
