3834 6136
161 196 217 260 bid

824 185 977 246 ustitiam
994 177 1157 242 rodiciti

1763 156 1824 218 tet

168 322 239 401 pusii
263 318 409 397 presbiteri
427 327 456 377 et
474 315 612 375 seclorum
625 313 685 388 ejus
704 313 816 382 Quirini
828 319 857 371 ct
870 311 993 370 Pientia.
1013 308 1072 366 *lu
1085 305 1187 378 scotia,
1201 299 1287 365 sancti
1301 295 1429 359 Caiuicbi
1442 290 1558 350 abbatis.
1573 288 1695 349 Civitate
1708 285 1810 349 litetis

163 412 254 477 sancti
267 410 385 475 Firmini
398 407 520 484 episcopi
535 414 563 468 et
577 404 752 468 contessoris.

931 494 1053 559 NOTAE.

200 604 258 665 soti
272 617 339 676 pure
352 609 414 659 sunt
432 602 556 669 Prutcu,
573 600 687 657 Greveu.
701 605 728 654 et
742 599 846 656 motii.

197 739 210 768 ⁸
224 727 286 783 Nou
300 724 426 798 quasdam
440 723 487 780 hic
501 722 596 789 verba,
609 737 665 778 non
680 720 715 776 ali

163 797 296 856 articulus
315 813 332 852 a
354 796 443 868 capite
457 794 492 850 ad
510 795 612 851 calcem
627 793 727 863 scalpel
741 809 757 847 ο
772 789 966 848 miserabiliter

163 868 280 927 fedatis
294 869 483 939 laceratusque
497 873 549 934 est,
569 880 620 921 nec
633 863 736 919 veteris
749 862 860 918 articuli
875 863 964 918 ulluiu

163 946 288 1015 superest
311 936 469 1013 vestigium.
492 934 834 1006 Versotuoscodices,1t.
851 933 893 1005 P,
910 949 965 1011 quo

757 729 786 776 ot
800 735 905 788 versus,
916 719 964 775 sed
978 722 1003 782 Α
1016 715 1085 774 abiit
1100 709 1264 786 primigenia
1278 705 1394 767 Usuerdi
1409 703 1583 776 simplicitas,
1601 699 1624 757 si
1648 714 1705 756 non
1724 706 1824 756 auctor

1019 788 1027 843 i
1048 802 1088 855 se,
1102 784 1150 841 sed
1164 781 1284 856 perlldus
1299 786 1442 851 corruptor
1456 772 1641 837 correctiones
1652 770 1683 829 in
1697 769 1823 832 sedicem

1020 803 1177 920 lPrstensem
1192 851 1330 913 indum?
1344 851 1514 910 Βοοιιιιιιι.

769 1071 973 1134 VARIANTES
993 1066 1200 1128 histriones

200 1177 296 1234 Scribo
309 1178 433 1244 Tarsum,
441 1175 589 1247 presbiteri,
600 1175 697 1243 Sestio,
706 1181 772 1241 etc,
780 1170 964 1245 utsupradiii

165 1247 274 1319 saepius,
291 1247 355 1303 licet
368 1247 514 1304 codicesin
526 1263 558 1302 eo
568 1247 685 1302 varient.
707 1245 820 1301 Theraei
834 1242 965 1300 scribitur

165 1317 352 1384 communius,
374 1325 400 1372 et
424 1318 463 1373 ita
483 1317 584 1374 habent
598 1317 706 1374 codices
720 1314 884 1371 vetustiores
896 1315 966 1369 Pra-

165 1396 235 1457 ten.,
259 1388 412 1456 Herinien.,
428 1396 493 1455 etc,
508 1405 564 1445 non
583 1389 690 1455 Toroci,
705 1394 736 1442 nt
754 1386 815 1451 alii,
835 1394 882 1441 ant
909 1386 966 1440 To-

165 1465 221 1515 rcti
235 1466 266 1514 ut
281 1459 411 1527 Greveu.,
428 1460 522 1515 nullus
546 1460 662 1515 Turuchs'
675 1458 775 1530 posuit,
792 1473 854 1514 cum
873 1464 965 1511 tamen

165 1546 201 1587 ex
216 1530 311 1586 Graeco
322 1529 360 1585 ita
375 1530 518 1602 legendum
534 1530 579 1586 sit.
597 1531 629 1585 ln
644 1531 764 1596 Praten,
781 1527 922 1584 Herinien.
939 1533 966 1581 et

165 1600 229 1659 eliis
242 1609 283 1657 est
301 1601 437 1667 Vitrasini,
452 1610 483 1658 ut
496 1618 547 1657 nos
568 1601 750 1668 servavimus,
767 1599 832 1656 licet
845 1599 964 1656 Greven.

165 1678 194 1729 et
205 1672 307 1729 blolan.
323 1672 422 1729 malint
439 1673 578 1731 Vileossiai
589 1672 745 1726 :utrumvis
754 1671 834 1742 elige.
845 1669 964 1726 Greveu.

165 1742 262 1800 scribit
285 1743 402 1812 Npcasii,
430 1742 528 1798 melius
542 1742 644 1798 Melan.
661 1741 772 1809 Nicueii,
788 1755 867 1814 quem
885 1739 965 1794 multi

165 1821 328 1886 sequnntur,
343 1813 446 1885 optime
460 1821 564 1881 tamen,
579 1813 608 1867 ni
621 1812 711 1880 iallor,
728 1813 836 1867 Patren.
851 1810 965 1882 Niposii,

165 1882 201 1944 ed
213 1883 420 1941 distinctionem
433 1899 449 1940 a
460 1883 570 1942 Nicaeio
584 1883 722 1940 Remeusi.
738 1882 798 1940 Non
813 1882 903 1957 capio,
916 1897 967 1937 cnr

1020 1185 1052 1226 ea
1072 1164 1248 1224 annuntiatio
1271 1162 1305 1219 ab
1328 1157 1486 1218 lleriniensi
1504 1156 1690 1238 praetermissa
1706 1153 1755 1225 sit,
1770 1149 1827 1211 uisi

1020 1241 1091 1296 iorte
1110 1237 1215 1296 codicis
1239 1233 1401 1305 descriptor,
1422 1238 1453 1286 ut
1472 1237 1530 1285 erat
1546 1227 1674 1284 dioecesis
1692 1225 1738 1283 vel
1757 1241 1827 1307 pro·

1020 1311 1120 1367 vincia
1135 1306 1287 1374 liemensis,
1318 1303 1404 1360 nterit
1415 1318 1447 1357 eo
1458 1299 1541 1357 modo
1550 1305 1677 1355 sanctum
1687 1313 1770 1354 suum
1780 1297 1826 1353 lti-

1019 1382 1124 1440 cesium
1145 1380 1200 1436 alio
1223 1321 1377 1434 transferri.
1400 1372 1492 1430 Cosiri
1508 1370 1635 1428 scribunt
1658 1369 1779 1451 Greveu.
1800 1375 1827 1423 et

1020 1454 1134 1520 hlolan.,
1145 1467 1194 1523 ego
1207 1447 1329 1506 Cainichi
1339 1445 1422 1513 melo,
1433 1451 1464 1499 ut
1478 1441 1512 1499 ad
1528 1456 1621 1524 rerem
1632 1456 1757 1497 nominis
1772 1439 1827 1496 ior·

1021 1524 1170 1581 mationem
1192 1519 1317 1593 proxime
1338 1517 1478 1582 accedeus,
1503 1521 1545 1569 uti
1573 1511 1676 1568 habent
1702 1511 1826 1593 Praten„

1021 1594 1164 1651 Herinien.
1180 1601 1206 1648 et
1224 1590 1395 1664 hqulcinct„
1413 1601 1477 1642 vere
1492 1593 1584 1641 tamen
1598 1582 1748 1664 legendum
1762 1597 1829 1664 exi-

1020 1666 1103 1723 stimo
1127 1662 1284 1729 leibnitii,
1301 1668 1332 1717 ut
1345 1668 1386 1716 est
1399 1659 1429 1714 in
1444 1657 1519 1715 Vite.
1543 1656 1646 1737 Usecm,
1672 1654 1786 1711 Uzecbro
1800 1660 1827 1709 et

1021 1737 1101 1820 aliter
1123 1736 1241 1795 eliciunt
1262 1732 1381 1802 codices,
1405 1728 1521 1806 preleio
1540 1727 1641 1799 liictsc,
1663 1740 1729 1784 cuin
1751 1739 1827 1802 pre-

1021 1824 1122 1885 cipuis.

836 2030 1139 2094 OBsERVAl'IONES.

201 2130 402 2191 Preticsissime
422 2137 449 2187 et
468 2146 525 2187 nun
565 2148 608 2188 ani
632 2133 697 2190 satis
726 2132 863 2190 laudanda
890 2143 965 2200 sunt,
983 2135 1006 2194 B
1022 2133 1096 2190 unde
1107 2130 1244 2204 acceperit
1257 2145 1315 2185 non
1328 2129 1397 2186 adeo
1411 2128 1485 2184 clare
1499 2124 1644 2199 perspicio.
1655 2121 1752 2179 Potuit
1766 2119 1828 2195 qui·

165 2203 285 2275 genuine
299 2210 326 2258 et
339 2201 529 2274 praesidialiail
544 2203 868 2260 ustrissimorumborum
879 2205 963 2260 trium

88 2291 93 2303 ·
165 2281 320 2402 marqruni
334 2276 412 2342 licta,
429 2274 577 2330 alleronio
593 2276 725 2347 primum,
740 2276 838 2347 purius
856 2293 871 2330 a
892 2277 965 2332 llos-

166 2361 228 2418 wey
248 2361 275 2412 o,
297 2343 331 2401 ab
350 2345 413 2401 aliis
436 2345 518 2400 etiam
537 2346 667 2418 deinceps
686 2348 805 2418 vulgata,
822 2356 853 2403 nt
868 2346 898 2402 iu
912 2346 981 2402 ad-·

165 2416 319 2472 monitione
344 2432 394 2472 sua
414 2415 502 2472 fusius
525 2417 654 2488 explicet,
668 2417 692 2473 is
715 2418 763 2498 qui
785 2418 965 2474 novissimam

165 2487 315 2544 editionem
335 2487 569 2544 Graeco-Latinam
598 2488 753 2556 adornavit,
779 2489 967 2545 Theudoricus

165 2557 336 2626 lluinartins,
356 2558 429 2613 inter
452 2558 557 2614 Selecta
580 2567 606 2614 et
634 2559 751 2627 sincera,
775 2577 872 2632 apag.
902 2559 966 2615 bil.

165 2628 268 2684 Eorum
285 2628 445 2682 memorium
462 2630 588 2685 recolunt
603 2631 827 2703 llieronyiniana,
844 2648 900 2687 iioii
915 2631 968 2687 hoc

165 2698 255 2754 solum
268 2698 323 2778 die,
339 2698 386 2753 sed
401 2697 483 2753 etiem
499 2715 529 2754 ιιι
543 2708 570 2754 et
584 2717 602 2754 ιι
616 2700 709 2771 hujus,
721 2718 756 2757 ex
766 2701 883 2757 diversis
893 2701 966 2757 codi-

165 2767 245 2849 cibus
257 2767 452 2835 diversimode.
467 2770 522 2824 lios
532 2769 605 2826 inter
613 2772 831 2828 vetustissimum
843 2774 969 2827 iliituer-

165 2853 259 2911 piense
281 2854 329 2893 seu
350 2839 561 2909 Epternaceuse,
579 2840 675 2897 hodie:
692 2843 847 2898 Aiiuzobori
868 2843 970 2899 Ciliieoe

165 2925 213 2965 eos
224 2907 328 2990 diserte
341 2911 469 2990 collucet,
481 2925 535 2980 quc
546 2912 607 2967 loco
623 2912 717 2985 (quem
729 2914 871 2968 hnuziirbi
882 2914 969 2968 multe

166 2980 265 3035 melius
279 2980 460 3051 expresseris)
476 2996 568 3051 passos
582 2998 648 3050 esse,
666 2999 721 3038 nou
740 2985 829 3052 Terei,
843 3001 877 3039 οιι
892 2983 970 3039 lictis

165 3049 233 3123 ipsis
256 3050 468 3106 demonstrator.
485 3051 535 3107 llic
554 3059 646 3108 tannen
661 3069 707 3109 eos
722 3054 828 3126 primus
842 3055 971 3112 statuisse

165 3121 279 3176 videtur
291 3130 387 3179 auctor
402 3123 517 3178 liomani
536 3123 623 3204 parvi,
635 3124 679 3181 his
688 3125 779 3181 verbis
790 3142 795 3179 :
808 3127 889 3208 Apud
904 3127 968 3182 Tor·

164 3209 234 3260 sum,
259 3199 408 3264 martyrum
428 3194 551 3261 ihoroct,
567 3196 649 3250 Probi
661 3197 849 3263 etilrtdrouicr,
860 3196 971 3253 undein

165 3261 304 3332 Adonem,
324 3263 488 3330 Usuerdum,
503 3264 652 3322 Notkerum
664 3276 691 3323 et
705 3269 973 3324 recentioresoinnes

165 3350 198 3391 ea
211 3334 312 3407 positio
327 3334 491 3392 dimanavit.
507 3336 586 3403 Quod
602 3337 632 3394 in
647 3338 843 3409 Epternacensi
858 3340 973 3396 Andro-

166 3405 229 3462 nico
246 3406 362 3463 addatur
376 3407 476 3463 titulos
487 3409 646 3478 presbyteri,
661 3408 689 3465 id
702 3412 796 3479 procul
811 3411 896 3468 dubio
906 3411 973 3467 scri-

1020 2202 1121 2259 demin
1132 2203 1225 2274 aliquo
1239 2200 1457 2273 hieronymiano
1469 2196 1574 2265 codice,
1586 2197 1656 2252 iurte
1666 2190 1826 2252 Corbeiensi

1020 2274 1117 2338 simili,
1142 2275 1279 2345 reperire:
1297 2272 1400 2329 Niousii
1413 2277 1438 2326 et
1454 2270 1573 2326 oliorum
1590 2273 1744 2337 martyrum
1756 2281 1767 2329 ,·
1780 2263 1827 2320 sed

1021 2345 1060 2402 ibi
1074 2345 1214 2402 sociorum
1231 2343 1290 2416 ejus
1305 2344 1419 2399 nomina
1433 2340 1645 2414 haudquaquam
1659 2336 1774 2410 reperit.
1785 2334 1828 2417 hd

1021 2417 1080 2473 hoec
1093 2416 1238 2472 hdcniana
1252 2415 1391 2471 hlosaudri
1422 2413 1604 2493 ualiscnnque
1621 2409 1709 2466 editio
1722 2423 1828 2464 memi-

1022 2488 1074 2547 nit.
1088 2488 1208 2544 Nichosii
1221 2487 1346 2558 episcopi,
1360 2493 1387 2541 et
1403 2431 1521 2543 §ibiculi
1535 2481 1651 2563 dramni.
1665 2480 1767 2563 lfloster
1778 2477 1827 2535 in-

1022 2558 1103 2614 terim
1127 2558 1161 2614 de
1185 2558 1238 2614 hoc
1251 2558 1325 2626 silet,
1340 2557 1475 2629 alterique
1489 2554 1580 2611 solmu
1594 2551 1695 2610 tribuit
1710 2549 1827 2607 titulum

1020 2631 1175 2702 presbyteri.
1187 2629 1280 2702 Neque
1291 2629 1325 2685 ab
1334 2629 1397 2684 aliis
1407 2625 1601 2698 martyrologis
1617 2625 1666 2680 lux
1679 2622 1737 2678 ulla
1749 2620 1827 2677 adul·

1024 2709 1087 2771 gut:
1113 2701 1185 2756 unde
1201 2708 1324 2772 superest
1338 2697 1549 2771 conjectandum
1565 2695 1735 2823 peculiarem
1753 2692 1828 2748 noti·

1024 2773 1089 2828 tiam
1108 2771 1236 2842 habuisse
1251 2771 1415 2838 Usuerdum,
1431 2786 1465 2826 eii
1481 2785 1534 2842 qua
1548 2784 1564 2824 o
1576 2783 1663 2824 assem
1675 2766 1753 2822 illem
1760 2765 1828 2820 blar-

1024 2843 1162 2913 tviologio
1180 2860 1230 2899 suo
1255 2842 1381 2898 inseruit.
1405 2841 1484 2898 Circa
1506 2855 1599 2896 veram
1616 2837 1766 2894 nominum
1781 2836 1829 2891 in-

1024 2915 1183 2982 lleiiionem,
1206 2915 1312 2970 consuli
1335 2920 1449 2986 possunt
1465 2913 1569 2968 notulae
1592 2912 1622 2966 P.
1644 2906 1776 2965 hlotherii
1795 2906 1829 2963 ad

1024 2984 1204 3041 novissimam
1220 2984 1279 3040 e'us
1291 2983 1480 3056 Martyrologii
1495 2979 1755 3040 RemaniGellicam
1769 2993 1828 3034 ver·

1025 3057 1141 3112 sionem.
1153 3058 1192 3112 De
1204 3072 1231 3112 re
1245 3056 1446 3128 iquovideatiir
1454 3052 1684 3111 Tillemontiusin
1692 3049 1829 3121 Dionysio

1026 3126 1182 3195 Parisiensi,
1209 3136 1285 3183 tomo
1307 3127 1356 3195 iv,
1373 3135 1425 3182 ert.
1452 3126 1494 3192 l8,
1512 3140 1572 3197 peg.
1594 3123 1657 3179 tet.
1687 3121 1829 3197 ιἰποοιικι

1026 3193 1828 3268 ahbasanonensis,hieronymianisexFlorentiniirnen·

1027 3279 1053 3327 te
1069 3267 1201 3340 adjectus,
1212 3269 1306 3337 Floro,
1315 3268 1435 3335 liehano,
1452 3267 1555 3334 Adoni,
1568 3263 1708 3321 blesandri
1722 3271 1751 3318 et
1764 3263 1828 3320 Not·

1028 3341 1093 3396 hero
1107 3348 1188 3396 notus
1202 3349 1253 3407 est,
1302 3356 1345 3395 em
1355 3340 1451 3395 Noster
1459 3339 1493 3395 ed
1505 3355 1556 3394 ιιιιι
1567 3335 1695 3393 Octobris
1706 3333 1826 3391 distulit.

1028 3413 1064 3467 nt
1087 3427 1122 3467 ex
1144 3411 1236 3468 Scotia
1263 3356 1428 3479 geniatum,
1445 3427 1461 3465 a
1480 3410 1558 3466 nullo
1571 3408 1626 3463 alio
1642 3405 1827 3472 nominatum,

165 3477 254 3559 pteris
273 3478 382 3534 incuria
401 3478 551 3550 irrepserit.
571 3479 677 3536 Adonis
695 3480 814 3552 elogium
835 3499 869 3538 eii
897 3482 964 3555 ipsis
983 3497 1005 3557 ι)
1028 3482 1156 3549 adducit;
1181 3482 1251 3538 torte
1265 3481 1339 3554 quod
1352 3481 1459 3538 ordinis
1473 3482 1516 3537 sui
1530 3479 1657 3536 abbatem
1678 3476 1825 3544 censuerit,

165 3548 246 3605 Actis
259 3548 397 3674 elefanter
411 3549 560 3605 deductum
574 3558 625 3618 est,
641 3551 768 3607 aNostro
778 3552 969 3609 sulitmbrevi-
1025 3561 1072 3610 aut
1093 3554 1123 3608 in
1146 3553 1205 3680 iqsa
1218 3554 1306 3610 Gallia
1322 3552 1454 3624 peculiari
1473 3553 1550 3609 cultu
1565 3550 1649 3606 fuerit
1663 3547 1826 3605 celebratus.

167 3618 265 3699 tatilex
280 3618 330 3674 ilo
348 3626 482 3743 aptatum.
498 3619 565 3675 lnde
579 3621 777 3677 verosimiliter
797 3639 846 3678 sua
861 3639 971 3696 quoque

168 3696 241 3744 eruit
254 3688 363 3745 Wande
376 3689 470 3744 bertus
484 3704 491 3743 :

168 3798 329 3912 qeinasuinx
339 3801 479 3862 Tliaineus‚
494 3802 601 3862 Probus,
616 3803 960 3869 Andronicusqnecoronant

197 3871 281 3912 irtutis
296 3865 435 3926 inuitisque
448 3879 522 3926 pares
534 3878 599 3927 qnos
611 3867 692 3925 [ilcila
705 3866 797 3917 reddit.

205 3968 266 4029 Huc
283 3985 370 4048 nsque
387 3976 482 4046 patent
505 3969 622 4030 Usuardi
645 3969 747 4042 duces;
771 3973 841 4030 alios
865 3983 974 4034 sanctos

1028 3625 1091 3681 Vita
1103 3641 1156 3696 spu
1191 3641 1240 3681 nos
1254 3632 1344 3680 exstet
1358 3640 1409 3680 ms.
1426 3624 1455 3679 ιιι
1477 3639 1531 3696 qua
1544 3621 1716 3678 Koinaechtts
1730 3618 1829 3691 appel-

1026 3696 1108 3762 latur,
1133 3693 1324 3777 multaquelde
1346 3711 1379 3776 eq
1398 3694 1566 3766 llosweydus
1583 3692 1618 3748 ad
1639 3691 1717 3774 ιιιιιιο
1739 3689 1829 3818 cqqita

1027 3774 1121 3823 notatu
1134 3767 1258 3838 reliquit,
1274 3782 1303 3821 ιιι
1317 3765 1396 3822 Actis
1411 3765 1595 3837 producenda.
1611 3764 1752 3819 Firminus
1788 3775 1828 3816 ee·

964 3846 971 3870 ’
1027 3837 1124 3918 tiensis
1146 3838 1226 3910 plane
1248 3836 1331 3892 etiam
1354 3837 1526 3893 Usuerdinus
1544 3841 1595 3893 est.
1614 3835 1655 3891 Ite
1672 3832 1757 3906 pestis
1770 3830 1829 3887 e'us

1027 3924 1160 3980 scripsere
1191 3907 1287 3976 varii,
1315 3924 1366 3964 nos
1393 3908 1486 3965 omnia
1514 3922 1564 3967 suo
1593 3913 1719 3980 tempore
1752 3919 1786 3961 co
1800 3903 1829 3957 li·

1028 3994 1132 4052 gemus.

902 4130 1095 4192 lucranti.

207 4230 355 4287 ιιιιιιιιιιιιιι.
375 4225 539 4301 purissimus
557 4232 626 4282 esset
645 4233 674 4282 et
691 4224 895 4298 integerrimus,
917 4230 972 4287 nisi

169 4301 311 4432 (qmitteret
319 4298 559 4356 annuntiationem
570 4296 729 4368 secundam,
740 4298 774 4355 de
783 4315 837 4373 qua
845 4301 972 4374 superius

190 4389 242 4430 ixi.

205 4444 365 4501 Τοιιιιιιοιιιι.
386 4441 481 4499 ecdem
502 4440 607 4498 laborat
620 4439 729 4499 defectu
747 4457 802 4515 qno
821 4444 970 4502 llsniniitn.

175 4516 280 4576 cauri
298 4513 363 4570 satis
398 4529 474 4569 urus.

207 4588 361 4643 huiusne·
392 4601 432 4640 ιι.
448 4584 477 4639 in
489 4583 610 4655 Nigesim
621 4593 683 4656 post
694 4585 802 4654 Quirini
813 4588 971 4659 presbyteri,

170 4656 213 4714 sic
226 4657 314 4728 pergit
325 4671 352 4708 t·
371 4656 407 4710 Et
425 4655 566 4711 Scuviculi
580 4654 690 4713 diaconi
704 4664 731 4712 et
745 4657 862 4715 Pieuciae
881 4659 972 4732 virgi-

173 4728 227 4784 nis.
242 4725 372 4791 Quicum
387 4726 465 4780 beato
480 4725 614 4796 Dyonisio
629 4726 663 4782 ab
680 4726 747 4782 urbe
761 4729 848 4785 Roma
863 4730 892 4784 in
903 4729 973 4786 Gal-

172 4797 226 4854 lies
241 4796 276 4852 ad
290 4794 494 4866 praedicandum
510 4794 619 4864 directi,
634 4805 661 4852 et
675 4813 691 4850 a
703 4798 833 4868 praefecto
848 4799 972 4857 Sisiniiio

173 4867 203 4925 in
216 4867 313 4924 eodem
328 4881 397 4938 pago
410 4864 611 4937 comprehensi,
627 4865 746 4938 glorioso
761 4876 825 4925 sunt
841 4871 973 4943 martyrio

173 4938 307 4998 coronati.
326 4936 375 4992 nln
390 4934 444 5016 sine
457 4944 602 5017 praeterea:
617 4959 627 4982 ι
647 4937 677 4991 ln
695 4937 848 5007 Britannia,
874 4950 973 4998 sanctae

173 5009 351 5080 Ethelburqae
364 5005 491 5078 virginis,
506 5003 584 5076 cujus
600 5006 692 5063 Vitam
707 5008 835 5066 meminit
848 5011 994 5071 Venera-'
1090 5053 1096 5063 .
1127 5053 1132 5063 .
1641 5052 1647 5065 .
1778 5049 1784 5060 .

990 5062 1108 5146 Drecti,
1125 5061 1285 5125 insequente
1304 5070 1350 5111 eos
1368 5054 1497 5126 praefecto
1516 5054 1698 5121 Fescennino,
1714 5052 1830 5125 gloriam

174 5081 239 5138 bilis
254 5079 327 5136 Beda
342 5078 370 5134 in
402 5077 468 5135 estis
479 5077 655 5149 nigrorum·

210 5153 359 5210 llosvsrn.
394 5148 532 5220 eNigasio
547 5147 588 5204 sic
599 5149 692 5222 legit·
706 5151 786 5220 Item,
802 5152 892 5226 passio
907 5171 975 5211 san-

175 5229 283 5364 qqqgiqu
296 5220 429 5294 Niqasii·
451 5229 504 5277 etc.
520 5221 551 5276 ln
566 5219 635 5277 line:
646 5245 656 5268 ι
669 5223 737 5279 ltem
752 5232 853 5284 sancte
868 5224 976 5284 Onestae

240 5310 248 5346 ι
271 5309 317 5349 is.»

211 5362 367 5420 Putationis.
388 5364 563 5420 Tarsensium
581 5364 702 5437 elogium
715 5367 807 5447 ¹plane
828 5369 974 5496 expunxit.

176 5430 265 5486 Tum:
288 5455 298 5478 e
320 5435 351 5512 ln
374 5450 442 5506 pago
464 5436 628 5505 vilcassino,
669 5453 740 5494 assio
759 5440 845 5495 sancti
875 5440 976 5497 τιοιιιιι

176 5500 333 5628 qushyteri
350 5511 377 5586 et
401 5506 539 5585 sociorum
555 5507 614 5579 ejus
657 5508 809 5578 xcubiculi,
825 5511 935 5578 Quirini
950 5519 977 5567 et

211 5577 293 5627 entia
308 5585 351 5627 vir
369 5589 423 5631 inis
439 5584 467 5633 et
481 5577 634 5650 martyris.»

212 5643 370 5724 Aurusmq
384 5645 576 5724 hiim-Lusita.
589 5658 616 5705 et
635 5649 806 5707 Uessuuiiri.
821 5650 975 5725 incipiunt:

184 5710 331 5771 «bedonis
343 5721 465 5782 civitate,
475 5717 562 5775 sancti
572 5719 673 5776 blelani
687 5722 861 5779 confessoris.
877 5749 887 5774 ι
906 5723 977 5797 Lege

177 5783 332 5868 AEmilioci.
348 5782 479 5844 soiibnnt
490 5789 716 5867 Nipuss'icps'seopi
728 5800 753 5850 et
766 5794 897 5852 sociorum
908 5795 975 5868 ejus,

1026 4233 1074 4361 qqd
1088 4233 1196 4315 nullum
1216 4232 1373 4290 nominant.
1389 4235 1472 4290 Deest
1487 4231 1664 4290 annuntiatio
1678 4228 1779 4286 ultima
1796 4225 1830 4284 de

1050 4320 1164 4362 irmino.

1061 4395 1210 4452 Μοιιιιιιιιι.
1225 4395 1323 4453 scribit
1336 4396 1420 4452 etiam
1434 4395 1538 4468 Nipcsii
1584 4393 1678 4466 iacopi,
1691 4391 1741 4450 sed
1754 4390 1828 4460 dein,

1027 4475 1132 4523 mutata
1162 4467 1316 4539 positione:
1346 4491 1356 4514 ι
1382 4466 1478 4525 Castro
1506 4465 1560 4524 Cor
1596 4465 1646 4536 ilo,
1676 4463 1830 4522 beatissimi

1026 4536 1135 4604 Quirini
1150 4546 1179 4594 et
1193 4538 1375 4595 Poenitentiae.
1391 4564 1400 4587 ι

1061 4626 1387 4709 ᾼιιιιιιιιιινιιιοιιιιιιοι.
1398 4635 1425 4684 et
1432 4626 1712 4709 brissiaincipiunt:
1722 4625 1830 4706 «lianc

1027 4699 1209 4850 libell
1224 4697 1636 4852 lltlttliziilrilttl'
1663 4697 1829 4850 ‚irriti

1028 4841 1058 4895 lii
1073 4839 1262 4921 Tarsensibus,
1279 4842 1334 4898 lere
1348 4857 1412 4939 puri
1427 4849 1501 4923 sunt.
1519 4842 1558 4897 De
1578 4841 1689 4970 Nqiesio
1703 4847 1732 4896 et
1749 4853 1831 4894 sociis

1028 4917 1089 4982 post
1103 4913 1211 4967 Pseutiae
1227 4911 1354 4995 ¹addunt.
1377 4912 1452 4979 ‹Qui
1474 4927 1490 4994 ι
1511 4910 1590 4968 beato
1619 4911 1749 4994 'lemente
1764 4923 1831 4989 papa

1027 4998 1091 5039 οιιιιι
1106 4980 1185 5038 beato
1200 4983 1335 5055 Dionysio
1351 4982 1385 5039 ad
1400 4982 1604 5055 predicandum
1618 4997 1647 5038 in
1662 4981 1768 5039 Gallias
1783 4979 1831 5036 di-

1032 5125 1160 5206 iiiartpiii
1176 5124 1271 5206 adepti
1294 5134 1393 5183 suut·
1414 5124 1531 5194 liabent,
1549 5124 1642 5183 Gonia
1654 5122 1769 5191 obhotis,
1784 5119 1831 5179 sed

1030 5194 1064 5250 de
1076 5197 1200 5252 Firmino
1213 5195 1295 5252 nihil.

1066 5283 1220 5340 lioviriinri.
1231 5285 1326 5354 etiam,
1338 5285 1431 5341 Putris
1439 5285 1543 5350 ocetri;
1553 5300 1588 5341 ex
1599 5299 1655 5358 quc
1666 5281 1832 5355 patetiuisse

1030 5353 1065 5410 ad
1088 5371 1166 5410 usum
1191 5355 1242 5412 PP.
1268 5356 1543 5428 Augustiniauorum.
1564 5355 1668 5414 Cetera
1691 5352 1832 5427 prioribus

1030 5425 1202 5569 qqqiqusgaqst,
1226 5426 1281 5483 uisi
1297 5426 1371 5501 quod
1394 5434 1483 5483 uitam
1507 5427 1627 5499 elogium
1654 5423 1832 5482 Tarsensium

1049 5584 1189 5664 'hierna
1202 5592 1229 5640 et
1242 5587 1341 5643 Dinis.
1352 5585 1491 5659 incipiunt
1505 5585 1645 5653 ;‹Qcttvs
1657 5584 1733 5644 beati
1747 5587 1831 5643 Fren-

1031 5655 1097 5712 cisci
1115 5656 1290 5713 contessoris.
1307 5681 1316 5706 ι
1338 5659 1378 5714 De
1391 5656 1499 5730 reliquo
1512 5663 1621 5714 textum
1635 5655 1741 5715 hebent
1757 5656 1831 5714 sicut

1031 5725 1276 5871 ffiffip'fflxq
1290 5727 1338 5786 sed
1346 5727 1419 5787 nibil
1430 5727 1466 5786 de
1477 5727 1657 5787 translatione
1670 5726 1762 5788 uncti
1774 5728 1831 5787 hu·
