3840 6136
56 212 114 275 8ῐὶ

786 221 982 285 EP18TOLAE.

1667 246 1720 307 878

55 359 175 435 publico
188 359 327 417 adulterio
335 369 464 435 nepotem
477 364 616 438 quondam
628 375 751 423 nostrum
761 366 859 423 botho·
876 372 902 431 A
916 371 1086 444 Descendam,
1102 375 1193 450 inquit
1205 377 1351 446 Dominus,
1367 386 1391 434 et
1408 382 1498 438 videbo
1516 390 1604 441 utrum
1616 390 1719 445 clamo-

56 449 135 508 rium
148 449 351 524 deprehensum
366 451 448 523 regiae
463 455 591 527 potestati
606 453 741 520 honorem
756 472 863 513 conser-

56 555 139 609 vans,
152 555 212 596 nou
224 539 319 596 taliter
333 539 363 595 in
377 541 435 599 suis
450 543 608 615 apostolicis
624 543 724 602 litteris
739 546 863 619 appella-

56 629 113 698 vit,
137 628 210 685 sicut
224 645 275 685 nos
289 629 443 702 appellatis,
468 647 548 705 quem
570 648 621 689 nec
635 633 791 691 contessum
814 649 863 690 nec

55 719 221 776 corvinum
238 719 350 786 tenetis,
365 720 504 777 necillum
518 723 781 791 excommunicavit,
792 723 864 779 sicut

57 826 110 867 uos
126 809 188 867 sins
209 810 376 866 auctoritate
399 819 428 867 ct
452 811 559 868 ratione
582 814 864 870 excommunicandos

56 902 182 959 minatis.
199 900 269 958 Cum
286 917 342 956 non
358 901 517 974 ignoremus
531 919 565 959 ex
579 919 718 961 sacrarum
734 904 864 977 Scriptu-

56 1011 152 1052 rarum
167 992 279 1051 tramite
293 1000 319 1049 et
334 991 460 1050 doctrina
481 995 637 1066 apostolice
651 996 725 1052 sedis
746 997 864 1070 pontill-

57 1102 135 1154 cum,
158 1083 274 1140 undeet
287 1083 416 1156 qualiter,
439 1084 628 1156 ecquomodo
644 1094 671 1142 et
689 1101 744 1158 quo
765 1086 863 1144 ordine

58 1191 237 1251 quemquam,
253 1171 381 1245 pontifex
396 1172 514 1245 quilibet
527 1173 625 1230 debeat
643 1177 804 1247 regulariter
817 1193 863 1233 ex·

57 1264 276 1322 communicare.
290 1261 327 1319 Et
342 1272 447 1320 certum
469 1272 596 1321 tenemus
611 1280 690 1321 nosse
709 1267 864 1338 paternita-

58 1364 115 1413 tem
136 1364 256 1412 vestram
272 1363 300 1412 et
314 1360 437 1411 sanctam
451 1353 601 1411 Romanam
618 1354 781 1420 Ecclesiam,
797 1368 864 1425 quas

58 1445 191 1518 epistolas
213 1442 370 1501 decessores
394 1459 425 1500 ac
447 1443 661 1516 predecessores
678 1442 762 1499 vestri
785 1441 863 1500 Chri·

58 1536 161 1594 stianis
175 1538 360 1595 Romanorum
370 1544 399 1592 et
413 1537 583 1593 Francorum
598 1535 823 1608 imperatoribus,
838 1537 865 1590 ct

60 1623 287 1698 progenitoribus
296 1624 398 1681 nostris
413 1624 578 1693 direxerint,
591 1633 617 1681 et
629 1625 748 1697 qualiter
761 1640 817 1692 eos,
830 1623 864 1679 de

917 475 984 530 ram,
999 462 1121 532 quiverit
1130 465 1166 519 ud
1181 482 1231 534 nae,
1248 483 1327 539 opere
1344 469 1548 540 compleverint:
1562 492 1598 529 au
1610 493 1664 531 raon
1682 485 1719 534 est

917 547 1090 607 emeterium
1111 554 1189 626 (Gen.
1207 556 1307 626 xvru);
1327 565 1374 614 et:
1393 558 1508 616 Causam
1526 578 1605 633 quum
1619 568 1718 622 arescis-

919 637 988 707 bom,
1008 640 1206 713 diligentissime
1228 645 1416 717 investigabam
1442 649 1501 719 (tou
1516 652 1610 724 xxix).
1626 653 1718 711 Sancti

918 727 1019 800 quippe
1033 730 1164 805 doctique
1175 733 1328 806 pontifices,
1345 735 1438 807 etjam
1455 738 1488 792 ab
1503 738 1542 794 eis
1553 740 1721 812 praejuducia

918 818 1063 887 patientes,
1074 837 1128 876 non
1137 823 1177 879 sic
1187 822 1380 879 Ctinstantium
1389 827 1569 896 brianumet
1577 831 1719 889 lulianum

918 915 1071 978 apostatum
1087 922 1267 969 vocaverunt.
1284 914 1357 969 Etsi
1373 932 1469 971 orrrnes
1484 917 1614 990 epistolas
1631 922 1719 977 revol-

918 995 993 1066 vitis,
1017 1015 1085 1072 quas
1106 1000 1237 1057 babemus
1252 1018 1286 1058 ex
1310 1019 1342 1058 eo
1366 1011 1498 1076 tempore,
1524 1023 1579 1080 quo
1603 1008 1719 1065 Romani

918 1087 1061 1160 pontifices
1083 1089 1116 1145 ad
1141 1107 1216 1164 reges
1240 1093 1407 1149 Francorum
1427 1104 1570 1167 caeperunt
1588 1099 1718 1167 scribere,

918 1175 989 1231 nibil
1004 1178 1058 1233 tale
1071 1179 1100 1234 iu
1108 1180 1148 1236 eis
1163 1181 1321 1238 invenietis.
1334 1182 1473 1255 Scriptum
1488 1191 1529 1239 est
1540 1184 1622 1240 etiam
1638 1185 1721 1241 nobis

918 1289 985 1329 voce
1011 1282 1112 1343 vestra,
1137 1277 1202 1348 quia
1216 1294 1259 1334 res
1278 1293 1374 1334 omnes
1393 1279 1542 1336 Hincmaro
1560 1281 1720 1337 commissas

919 1358 1059 1431 Ecclesiae,
1071 1363 1159 1421 donec
1168 1366 1201 1421 ad
1212 1367 1322 1439 propria
1333 1375 1492 1436 reverteret,
1504 1368 1585 1425 nobis
1594 1371 1720 1426 commit·

920 1450 1022 1519 teretis,
1040 1460 1070 1507 ut
1086 1452 1230 1511 indemnes
1240 1456 1433 1524 consisterent,
1450 1456 1596 1530 elatiquod
1611 1458 1719 1532 dispen-

919 1538 995 1595 dium
1020 1558 1075 1596 non
1100 1543 1289 1612 incurrerent;
1312 1545 1413 1618 quibus
1432 1536 1588 1617 scierimus,
1612 1549 1676 1622 quia
1690 1561 1721 1607 ut

918 1627 1014 1685 heatus
1028 1629 1096 1688 dicit
1111 1632 1269 1705 Gregorius,
1285 1651 1340 1690 non
1356 1652 1432 1708 reges
1447 1637 1616 1694 Francorum
1631 1655 1666 1695 ex
1680 1656 1720 1696 re·

60 1712 168 1788 quibus
188 1729 293 1771 necesse
307 1713 408 1782 tuerat,
432 1713 666 1781 commonuerint,
682 1730 738 1769 raon
760 1728 864 1785 expro·
879 1731 903 1791 Β
919 1717 963 1789 gio
978 1734 1075 1789 genere
1090 1721 1236 1792 progeniti,
1252 1740 1306 1780 uon
1323 1726 1514 1797 episcoporum
1536 1725 1720 1796 vicedomini,

60 1804 209 1874 haverunt,
224 1805 438 1878 nequecrimina
452 1805 491 1860 eis
506 1803 690 1877 impegerunt,
702 1805 745 1860 vel
761 1805 864 1861 calum·
920 1808 966 1865 sed
983 1817 1060 1866 terra
1072 1810 1177 1869 dourini
1197 1814 1331 1872 hactenus
1346 1816 1450 1873 luimus
1465 1820 1636 1891 computati:
1654 1829 1681 1876 et
1690 1827 1721 1875 ut

58 1893 123 1950 uias
136 1894 301 1962 intulerunt,
317 1893 365 1950 sed
379 1893 413 1948 de
428 1892 472 1949 his
482 1909 545 1965 quae
559 1893 593 1949 ad
608 1909 689 1949 suurn
701 1891 864 1951 ecclesiasti.
921 1896 975 1953 Leo
990 1914 1021 1954 ac
1035 1899 1225 1972 Byturicensis
1239 1902 1362 1975 synodus
1378 1906 1506 1977 scripsit:
1523 1908 1608 1979 Reges
1622 1916 1649 1964 et
1664 1909 1721 1963 im-

57 2000 122 2043 aum
144 1983 331 2041 ministerium
346 1984 542 2056 pertinuerint,
558 2000 604 2040 eos
621 1983 816 2040 instruxerunt
837 1990 865 2038 et
920 1993 1070 2057 peratores,
1078 2004 1147 2060 quos
1156 1989 1238 2045 terris
1251 1989 1348 2046 divina
1359 1994 1482 2063 potentia
1492 2010 1607 2064 proeesse
1620 2011 1720 2066 praeco·

59 2080 302 2142 commonuerunt,
325 2073 443 2146 etregni
467 2090 498 2130 ac
512 2072 655 2130 saecularia
679 2073 789 2145 negotia
810 2070 863 2137 sibi
920 2074 1722 2156 pit,jusdistinguendorumnegotiorumepiscopissanctis

60 2180 118 2221 nou
132 2171 350 2237 usurpaverunt,
365 2163 483 2220 scientes
497 2164 561 2236 quia
583 2163 655 2221 sicut
670 2170 781 2219 sauctus
796 2160 866 2218 dicit
917 2163 999 2236 juxta
1012 2165 1115 2223 divalia
1129 2173 1280 2226 constituta
1288 2172 1482 2243 permiserunt,
1495 2189 1549 2227 non
1559 2181 1651 2230 autem
1666 2175 1721 2248 epi·

59 2254 198 2325 Gelasius,
210 2256 271 2313 Duo
289 2264 353 2312 sunt
370 2255 472 2328 quibus
483 2253 674 2326 principaliter
686 2250 806 2308 arundus
819 2249 865 2308 bie
920 2270 1064 2327 scoporum
1082 2256 1172 2312 villici
1187 2259 1364 2316 exstiterunt.
1384 2261 1419 2315 Et
1439 2262 1612 2333 Augustinus
1633 2264 1719 2320 dicit:

61 2343 179 2416 regitur,
194 2344 344 2403 auctoritas
353 2350 458 2400 sacrata
471 2342 647 2416 pontificum,
663 2349 689 2398 et
704 2340 804 2414 regatis
818 2356 864 2412 po·

61 2441 158 2503 testas,
168 2432 299 2507 quoniam
308 2431 435 2491 Christus
449 2448 554 2488 memor
565 2429 724 2502 fragilitatis
738 2429 864 2484 humanae

59 2522 137 2598 quod
149 2540 264 2581 morum
287 2522 369 2580 saluti
384 2527 558 2592 congrueret,
581 2519 786 2592 dispensatione
802 2533 865 2572 ma-

59 2612 161 2688 gnilica
183 2613 359 2686 temperavit,
383 2612 423 2668 sic
444 2609 600 2667 actionibus
624 2608 754 2682 propriis,
775 2607 863 2679 digni·

58 2703 220 2776 testibusque
233 2702 373 2761 distinctis
383 2701 474 2758 officia
484 2698 625 2774 potestatis
639 2699 762 2770 utrisque
772 2697 864 2753 decre·

60 2792 103 2850 rit
116 2808 183 2850 suos
204 2794 302 2850 volens
321 2790 480 2849 medicinali
504 2788 662 2845 bumilitate
677 2787 791 2855 salvari,
807 2802 864 2842 non

58 2885 184 2944 humatam
196 2885 326 2958 superbia
346 2900 441 2941 rursus
456 2880 596 2954 intercipi,
613 2887 644 2936 ut
666 2887 693 2935 et
711 2877 863 2937 Christiani

58 2976 242 3050 imperatores
252 2991 301 3049 pro
311 2981 413 3030 aeterna
428 2973 487 3028 vita
504 2970 683 3043 pontificibus
697 2967 862 3041 indigerent,

919 2342 970 2397 Per
980 2342 1045 2413 jura
1055 2360 1148 2416 regum
1167 2344 1342 2417 possidentur
1354 2350 1549 2420 possessiones,
1562 2367 1617 2406 nou
1630 2358 1721 2407 autem

919 2448 967 2503 per
981 2431 1135 2502 episcopale
1150 2430 1310 2504 imperium,
1326 2414 1402 2508 rege's
1415 2437 1546 2493 villarum
1563 2437 1634 2493 liunt
1648 2446 1721 2495 acto-

919 2538 971 2578 res.
989 2523 1024 2578 Et
1038 2523 1183 2592 Dominus,
1196 2541 1256 2597 qua
1266 2533 1331 2581 sunt
1343 2526 1457 2585 Caesaris
1469 2529 1582 2599 Cesari,
1598 2546 1658 2603 quae
1669 2532 1719 2587 Dei

919 2621 984 2668 suut
1005 2614 1061 2668 Deo
1086 2613 1162 2669 reddi
1187 2615 1313 2687 precipit
1337 2617 1548 2689 (dictitanti),
1571 2618 1618 2691 qui
1637 2619 1721 2675 etiam

919 2719 1031 2760 censum
1053 2704 1110 2774 regi
1134 2704 1255 2761 reddidit
1280 2707 1387 2778 (llattlr.
1413 2708 1496 2778 xvir).
1514 2708 1549 2762 Et
1571 2708 1720 2779 Apostolus

918 2791 1009 2847 voluit
1023 2792 1125 2848 servire
1140 2793 1261 2864 regibus,
1277 2795 1367 2851 voluit
1379 2795 1519 2863 honorari,
1536 2803 1564 2851 et
1579 2812 1634 2850 non
1653 2812 1717 2877 cous

918 2882 1021 2939 calcari
1037 2900 1128 2955 reges:
1144 2886 1246 2955 llepern,
1260 2885 1361 2957 inquit,
1376 2886 1547 2959 lmnorifirote
1560 2887 1589 2957 (l
1601 2888 1657 2943 Pet.
1671 2890 1715 2960 ιι).
1816 2928 1819 2933 -

920 2971 954 3024 Et
970 2972 1054 3026 item:
1074 2972 1174 3040 Ovrtrvis,
1191 2972 1330 3046 inquiens,
1349 2973 1440 3029 ultimo
1452 2976 1625 3047 potestatibus
1639 2977 1720 3031 subti-

57 3074 87 3123 et
101 3064 249 3139 pontifices
262 3080 312 3139 pro
323 3063 516 3136 temporalium
532 3077 614 3117 cursu
630 3074 733 3126 rerum,
749 3057 863 3130 impera·
880 3093 903 3154 c
920 3062 1048 3118 artioribus
1071 3063 1175 3118 subdita
1200 3065 1235 3118 sit
1250 3082 1260 3128 ;
1283 3064 1384 3118 reddite
1412 3082 1472 3135 erpo
1493 3066 1614 3120 curribus
1635 3066 1721 3121 debito

58 3163 154 3214 torum
168 3153 397 3227 dispositionibus
411 3160 565 3219 uterentur,
584 3157 719 3222 quatenns
732 3148 864 3222 spiritalis
919 3154 1007 3223 (dont.
1024 3152 1099 3223 ιιιιι).
1116 3153 1151 3206 Εῑ
1166 3153 1246 3222 paulo
1264 3153 1408 3222 superius:
1424 3153 1485 3207 Ideo
1502 3154 1648 3208 erecessitute
1662 3156 1720 3209 sarb-

57 3245 134 3302 actio
147 3242 334 3301 sensualibus
349 3242 463 3299 distaret
477 3239 646 3308 incursibus,
663 3247 690 3295 et
704 3238 767 3294 ideo
790 3237 863 3293 mili·
918 3242 967 3297 diti
978 3247 1126 3308 eatetenus
1141 3241 1225 3295 solnm
1235 3246 1348 3311 propter
1359 3241 1440 3308 irunt,
1452 3242 1496 3295 sed
1510 3247 1649 3313 etpropter
1660 3259 1719 3298 corr·

56 3343 122 3393 una
135 3335 194 3393 Deo
208 3332 323 3390 minime
337 3349 365 3389 se
380 3331 498 3404 negotiis
511 3330 690 3388 saecularibus
709 3327 864 3400 implicaret
917 3331 1052 3386 seientiam
1067 3329 1174 3402 (ibid).
1191 3330 1228 3384 Et
1241 3330 1314 3401 quod
1329 3329 1363 3383 de
1383 3329 1518 3402 episcopis
1533 3347 1548 3385 a
1563 3330 1642 3387 vobis
1656 3333 1717 3390 llo-

58 3424 102 3498 (lt
117 3423 189 3481 ran.
204 3420 429 3496 u),acvicissim
445 3417 863 3489 nonillerebusdivintspraasi·
918 3435 990 3474 mam
1019 3435 1053 3473 ex
1078 3433 1161 3489 regno
1185 3424 1280 3472 nostro
1304 3417 1475 3474 accersendis
1497 3417 1632 3491 scriptum
1664 3427 1717 3488 est,

56 3511 333 3585 dorovideretur,qui
344 3509 541 3582 essetnegotiis
553 3505 864 3578 sacularibnsimplica·
920 3507 1000 3581 legite
1023 3515 1097 3578 gesta
1117 3505 1191 3562 sedis
1208 3507 1337 3562 Romanae
1358 3505 1532 3578 pontificum,
1549 3515 1576 3562 et
1590 3509 1720 3581 epistolas

56 3614 114 3669 tos,
127 3607 270 3682 Scriptum
279 3603 864 3680 estjamnobisinteraliavocevestraquia
917 3595 990 3653 beati
1012 3595 1137 3667 Gregorii
1163 3594 1196 3650 ad
1220 3611 1311 3668 regem
1332 3595 1512 3664 Francorum,
1536 3603 1563 3651 et
1582 3596 1664 3652 etiam
1684 3598 1719 3654 ad

57 3700 89 3759 iu
101 3716 189 3761 eam
204 3699 347 3757 ilincmari
361 3715 480 3772 agerem,
495 3715 552 3754 non
567 3704 598 3754 ut
617 3713 666 3753 rex
681 3695 754 3768 pins,
771 3695 818 3752 sed
833 3702 863 3750 ut
917 3684 1114 3742 brunchildem
1126 3684 1191 3739 licet
1201 3683 1342 3752 laminam,
1354 3691 1445 3740 minen
1456 3682 1591 3755 reginam,
1601 3692 1628 3740 et
1638 3685 1719 3742 aliter

56 3792 143 3862 alius,
156 3789 239 3849 idest
247 3798 384 3865 tyrannus
394 3788 497 3862 impius
508 3806 515 3856 ;
527 3788 600 3844 sicut
610 3803 728 3861 namque
738 3785 810 3843 nihil
823 3794 864 3842 esa
917 3773 1065 3830 invenietis
1079 3779 1185 3829 vestros
1200 3772 1366 3841 decessores,
1386 3780 1414 3829 et
1427 3771 1650 3845 praedecessores,
1671 3792 1718 3830 no·

57 3883 196 3955 Mum,
209 3884 257 3960 qui
266 3884 323 3943 (1505
333 3901 389 3942 110„
402 3892 492 3957 μοίρῃ
499 3884 600 3952 bonus,
616 3890 699 3939 festas
710 3889 864 3939 utpogpgur
916 3869 981 3925 stris
994 3867 1184 3926 decessoribus
1198 3882 1231 3923 ac
1254 3864 1500 3939 praedecessoribus
1515 3882 1564 3938 pro
1580 3881 1719 3922 accersen-

56 3974 171 4042 tnalus3
186 3972 227 4032 sio
244 3990 301 4031 non
315 3989 366 4029 rex
381 3973 454 4046 pius,
468 3979 605 4045 tyrannus
628 3970 797 4043 intelligatur
812 3970 861 4025 im·
915 3958 958 4015 dis
971 3957 1118 4032 episcopis,
1134 3965 1161 4014 et
1172 3974 1221 4030 pro
1229 3956 1344 4029 synodis
1358 3955 1557 4028 congregandis
1565 3955 1715 4029 scripsisse.

56 4060 137 4137 pam
152 4061 485 4139 “quimgpegcagofem
501 4059 646 4129 confiteor,
663 4059 779 4131 impium
804 4075 862 4116 esse
915 4049 951 4105 Et
965 4048 996 4102 in
1010 4046 1103 4103 eadem
1114 4046 1230 4116 epistota
1240 4046 1321 4101 nobis
1336 4045 1533 4117 scriptumest,
1545 4053 1576 4101 ut
1591 4043 1717 4102 bomiues

57 4150 191 4211 mm,
204 4151 241 4209 gg
254 4151 363 4209 Nathan
374 4151 517 4225 propheta,
532 4149 622 4208 David
633 4165 723 4222 regem
734 4147 768 4204 de
790 4165 861 4204 mor.
914 4138 948 4195 de
963 4153 1046 4209 regno
1061 4142 1156 4191 nostro
1171 4134 1319 4190 Celsanum
1335 4139 1362 4187 et
1376 4132 1538 4188 Walmnem
1558 4139 1639 4203 atque
1654 4133 1716 4189 Ber·

57 4242 151 4300 5105,
162 4243 283 4315 {mgis
297 4242 473 4316 fggaegugng
487 4240 632 4299 confitenti
646 4256 702 4297 non
714 4238 803 4295 dixit:
820 4239 860 4294 Tu
914 4245 1015 4287 nonem
1037 4227 1128 4284 salvos
1142 4232 1169 4281 et
1193 4224 1346 4282 incolumes
1365 4237 1428 4276 cum
1449 4222 1506 4275 suis
1528 4221 1713 4292 permitterem

57 4346 88 4390 et
99 4331 152 4389 ille
165 4330 279 4405 impius,
293 4331 360 4390 aad:
381 4334 421 4389 Fu
433 4349 459 4388 es
473 4332 519 4389 ille
534 4332 577 4387 cir
590 4331 636 4403 qui
652 4328 743 4387 fecisti
757 4328 819 4397 boc,
833 4336 861 4384 et
914 4319 1081 4384 consistam
1098 4324 1125 4372 et
1139 4315 1161 4370 si
1175 4315 1255 4370 aliter
1268 4310 1414 4385 egerimus,
1430 4316 1529 4365 vestrae
1542 4313 1713 4367 communio·

53 4436 103 4479 m
115 4418 191 4479 pm
205 4420 376 4491 magendo,
391 4421 568 4478 damnantem
592 4436 647 4476 non
664 4418 772 4491 judaeis)
785 4435 895 4518 con-D
912 4411 957 4467 nis
980 4406 1126 4484 participes
1145 4421 1230 4478 usque
1254 4403 1289 4460 ad
1306 4418 1399 4458 veram
1415 4400 1630 4456 satisfactionem
1656 4417 1713 4457 esse

54 4510 319 4581 denuntiaveram
335 4518 522 4583 competenter
531 4509 647 4565 absolvit
661 4509 705 4578 (ll
716 4509 778 4578 liep.
790 4511 855 4580 ιιι),
913 4515 969 4557 ιιοιι
984 4499 1138 4554 valeremus
1152 4514 1158 4564 ;
1170 4503 1197 4552 et
1211 4510 1266 4550 non
1277 4508 1408 4550 evasuros
1419 4507 1468 4546 nos
1483 4499 1601 4547 vestram
1616 4506 1712 4546 ceusu·

53 4600 109 4659 sm
125 4616 191 4658 cum
217 4601 351 4672 scriptum
366 4599 421 4657 sit:
445 4599 531 4656 Labie
547 4598 691 4654 sacerdotis
713 4598 858 4654 cruwdient

55 4690 203 4762 mutua,
217 4699 242 4748 et
256 4693 335 4764 emm
348 4692 485 4763 requirent
498 4708 530 4746 err
545 4707 589 4746 cre
606 4687 672 4760 ejus,
695 4690 759 4761 quio
773 4705 857 4762 ortgr-

56 4784 99 4841 ts·
110 4782 222 4841 maini
232 4783 394 4839 sacratarum
408 4788 444 4837 est
458 4781 587 4853 (liubula
601 4781 643 4852 n),
661 4778 856 4837 interminante

54 4872 188 4939 Domino,
202 4888 238 4929 ne
247 4872 309 4946 quia
322 4871 397 4929 dicat
410 4871 489 4927 tratri
499 4886 549 4927 suc
562 4869 622 4925 siue
632 4885 713 4926 causa
727 4871 855 4938 recavet

54 4958 130 5019 tatus
145 4961 255 5034 (uoto.
274 4962 317 5033 v),
332 4979 388 5018 non
402 4960 542 5019 credimus
556 4967 587 5016 ut
603 4961 666 5017 talia
680 4976 743 5030 erga
758 4977 801 5018 me
815 4975 855 5016 re·

53 5064 116 5123 pm
129 5049 361 5123 qualemcunque,
376 5059 468 5108 tamen
481 5049 660 5117 catholicum,
675 5056 702 5105 et
718 5049 746 5103 in
755 5048 857 5107 catho-

54 5138 108 5197 lica
116 5138 253 5213 religione
266 5140 366 5199 devote
379 5147 535 5198 manentem
551 5137 733 5214 processerint
747 5137 780 5193 de
797 5154 855 5194 orc-

51 5236 158 5298 vestro,
180 5244 237 5303 quo
254 5246 303 5304 par
321 5239 522 5289 sacrosanctam
545 5228 762 5288 obsecrationem
784 5244 856 5284 con·

54 5324 149 5387 lieitur
161 5324 265 5401 corpus
277 5337 305 5386 st
318 5330 430 5403 sanguis
444 5327 559 5397 Christi,
575 5327 622 5401 qui
641 5333 709 5384 teste
724 5325 855 5398 apostolo

53 5414 333 5489 mensione-tem
342 5424 380 5473 est
390 5419 479 5490 (liena.
492 5417 534 5490 v).
545 5416 601 5474 Nec
611 5416 644 5473 ad
654 5415 855 5489 suggestionem

55 5503 267 5564 moestorum
275 5505 385 5567 hocvos
393 5507 475 5565 nobis
484 5505 627 5564 mandasse
638 5505 792 5564 inconsulte
800 5519 857 5562 cre·

55 5591 157 5668 limus,
173 5596 385 5672 quiesqueudas
391 5597 541 5672 Scriptura
553 5596 704 5655 sententias
713 5592 855 5653 retinetis:

911 4607 969 4648 ram
986 4590 1128 4656 sciremus,
1144 4586 1167 4643 si
1183 4593 1274 4643 vestra
1287 4601 1303 4641 a
1317 4581 1396 4639 vobis
1416 4580 1519 4637 luerint
1535 4580 1653 4653 amplius
1666 4580 1711 4638 de·

910 4690 984 4740 creta
998 4681 1041 4737 vel
1058 4678 1162 4735 monitu
1172 4677 1284 4734 violatu.
1303 4673 1346 4731 nd
1361 4689 1422 4747 quaa
1435 4671 1622 4740 rescribimus,
1634 4671 1708 4746 quod

910 4788 966 4829 nou
990 4771 1038 4827 tali
1059 4768 1141 4826 modo
1155 4768 1312 4841 apostolice
1329 4763 1401 4821 sedis
1427 4762 1571 4836 pontifices
1594 4763 1709 4820 Franco·

910 4880 972 4919 rum
988 4862 1098 4934 regibus
1113 4859 1242 4918 mandare
1257 4862 1470 4921 consueverunt,
1491 4871 1539 4928 pro
1555 4853 1599 4908 bis
1613 4853 1661 4925 qui
1674 4852 1708 4908 ad

909 4952 1096 5025 apostolorum
1117 4949 1214 5006 limina
1231 4946 1391 5021 coniugium
1412 4944 1469 5001 suis
1488 4941 1657 5013 temporibus
1671 4939 1709 4993 la·

909 5044 1029 5102 ciebant.
1044 5043 1101 5100 Nec
1116 5043 1178 5099 talis
1189 5051 1231 5098 est
1248 5040 1375 5098 doctrina
1389 5036 1535 5102 catholiea,
1551 5041 1583 5087 ut
1593 5047 1641 5104 pro
1658 5030 1708 5086 bac

909 5132 953 5189 vel
969 5129 1128 5203 hujusmodi
1143 5147 1233 5197 causa,
1249 5146 1298 5187 rex
1312 5134 1450 5186 corrector
1463 5123 1623 5195 iniquorum
1638 5135 1654 5174 a
1667 5135 1707 5174 se·

909 5221 952 5280 dis
972 5220 1128 5294 apostolicae
1148 5218 1343 5279 communione
1361 5215 1457 5272 debeat
1480 5206 1611 5285 separari,
1635 5208 1707 5264 sicut

909 5312 1005 5371 beatus
1019 5309 1191 5382 Augustinus
1202 5309 1337 5382 patienter
1349 5302 1470 5362 ostendit
1483 5318 1488 5355 :
1500 5298 1653 5373 spiritales,
1666 5297 1706 5353 in·

910 5407 980 5481 qaiit,
997 5405 1056 5463 aive
1068 5403 1102 5460 ad
1117 5402 1170 5458 boc
1183 5401 1273 5474 ipsum
1288 5397 1335 5472 pio
1355 5395 1447 5454 studio
1463 5390 1637 5467 proficientes
1651 5406 1707 5446 non

911 5506 977 5557 eunt
994 5497 1078 5565 toras,
1095 5491 1160 5568 quia
1171 5489 1335 5564 cumuliqua
1347 5488 1390 5544 val
1406 5483 1593 5559 perversitate,
1607 5480 1650 5538 vel
1662 5496 1708 5537 ne·

910 5589 1038 5647 cessitate
1051 5584 1197 5643 hominum
1221 5579 1351 5639 videntur
1365 5574 1476 5652 expelli,
1493 5572 1532 5631 ibi
1549 5572 1633 5647 magis
1648 5586 1708 5645 pro·
