3834 6136
123 192 175 249 318
781 182 934 242 USUARDl
952 182 1113 242 MONAClss
1722 180 1776 239 sis

141 311 285 371 baddoni
298 309 499 383 praeluxerunt,
516 314 689 379 compertum
706 307 777 364 mihi
800 317 921 366 nonest.
938 316 963 374 Α
978 306 1312 366 turlandatiidabiliouis
1338 314 1414 364 notai
1439 305 1470 364 iu
1483 303 1685 363 Kalendsriuru
1706 304 1780 365 ὓπ-

123 333 293 459 aptandum,
309 390 340 439 ut
351 378 585 462 quemadmodum
601 378 734 451 Crispiuae
758 381 827 438 Acta
850 383 923 455 (qua
978 382 1140 453 thaqinense
1151 387 1227 437 tomo
1237 379 1275 437 lll
1290 379 1497 448 Analeutorum,
1508 393 1570 450 paq.
1585 374 1651 437 ine.
1661 375 1782 437 uniam

125 458 161 516 de
179 455 268 513 tribus
281 463 383 510 uostris
398 449 597 521 nieniiuerunt)
613 449 718 507 detexit
745 452 869 521 blabilio,
887 453 923 507 ita
978 454 1034 511 tius
1046 452 1235 510 iuterSelecta
1249 467 1266 507 a
1280 467 1340 524 paq.
1356 449 1418 511 493.

123 528 225 604 aliquis
237 526 490 584 Tuburbitauarum
505 521 659 596 passionem
673 523 922 597 reperiat.Videau·

856 646 1048 708 aticiaiila.

159 750 362 809 Prisianum
403 747 472 803 rime
493 744 706 804 annuntiatione
726 756 877 818 putasset,
893 748 926 806 de
980 750 1016 806 lit
1025 765 1121 805 rursus
1135 746 1357 822 quaeiOetubris
1370 745 1405 803 de
1419 744 1604 803 translatione
1625 743 1688 818 οηήι
1714 760 1784 818 pes-

124 822 245 883 eecunda
264 820 365 879 nihilh
403 827 440 874 et.
980 822 1033 878 siin
1049 821 1217 876 referuntur.

160 898 316 962 musar,
331 890 535 959 iiia-bsenc,
557 892 729 950 Ucasiciin.
741 899 769 948 et
782 891 880 949 Deum.
896 892 925 948 in
1017 890 1453 951 ldiiritie.·Gaarus.·Uiruitecr.
1466 906 1474 945 ε
1491 911 1501 936 i
1514 888 1616 945 anton
1629 895 1658 946 et
1671 888 1784 946 ὃκηω

124 969 200 1026 tine:
223 962 442 1031 «inthimare,
470 964 558 1020 sancti
589 964 650 1021 Ursi
675 964 834 1038 episcopi.»
855 964 926 1022 vids
979 974 1145 1037 martyrum.
1170 963 1284 1020 Martha
1301 961 1416 1034 hospite
1436 959 1541 1017 Ghristi
1568 981 1583 1011 a
1601 962 1643 1018 De
1663 959 1785 1033 quadie

125 1041 290 1100 Romanum.
980 1035 1154 1109 precedenti.
1177 1035 1341 1100 «Maxima,
1361 1031 1700 1090 Demetitis-etsensim
1720 1032 1785 1090 vir·-

159 1109 381 1168 damase-tim
398 1150 405 1176 ,
424 1108 924 1178 Usruasecudieuuitit,boverius..
980 1108 1075 1180 gitium
1089 1116 1117 1165 et
1132 1115 1318 1177 niartyrutna
1454 1175 1460 1185 ι
1697 1175 1704 1187 ι
1777 1175 1783 1187 Ι

125 1185 249 1240 Aemus.
265 1189 293 1237 et
319 1182 408 1236 Deum
444 1179 610 1236 vooeunica
639 1179 674 1235 ab
697 1180 761 1236 aliis
779 1180 924 1247 dilieruut,
1017 1179 1141 1237 Varicmr
1169 1195 1247 1233 uum.
1263 1176 1349 1234 5949:
1373 1174 1587 1242 «autisiodoro,
1615 1175 1785 1234 seucttUrei

126 1256 221 1328 legunt
229 1253 324 1309 enim:
348 1249 564 1320 «Autisiodorm
590 1250 728 1324 depositio
754 1251 843 1308 sancti
863 1251 925 1308 Ursi
980 1250 1134 1322 episcopi.»
1154 1248 1283 1306 Jamdixi
1300 1248 1400 1320 passim
1415 1263 1565 1304 recurreno.

125 1325 286 1399 episcopi.»
1016 1324 1180 1376 Aureum:
1212 1321 1262 1376 «lii
1278 1319 1384 1387 Gentis,
1403 1316 1785 1391 depositiosauoti'l'adviiti

162 1398 322 1454 Cerauniis.
332 1414 338 1452 :
350 1396 469 1462 «Romen,
480 1400 640 1450 sauctorum
657 1402 810 1467 martyrum
826 1393 926 1451 Abdon
980 1393 1103 1466 episcopi
1119 1391 1351 1448 etoonlessoris.·
1370 1391 1441 1450 Vide
1453 1390 1651 1449 Camellautiui.

125 1478 153 1526 et
183 1468 296 1535 Senties,
326 1466 547 1538 subregulorum,
573 1483 641 1538 quos
670 1468 769 1522 Decius
792 1467 882 1525 Cesar
897 1467 926 1522 iu
1016 1466 1185 1521 Fionasriu.
1210 1462 1325 1518 dubium
1349 1470 1399 1532 est,
1424 1479 1459 1518 an
1478 1463 1511 1520 ed
1539 1461 1673 1528 bunc,au
1692 1462 1786 1520 adse·

126 1539 254 1599 Corduba
268 1538 381 1595 civitate
405 1539 560 1605 Persarum,
584 1537 637 1593 sibi
662 1538 818 1610 praesentari
832 1537 924 1609 jussit.
981 1542 1111 1608 quentem
1133 1534 1204 1591 diem
1229 1534 1359 1601 referant,
1381 1532 1456 1606 quod
1483 1540 1590 1605 ponunt
1606 1532 1660 1590 hoc
1681 1533 1785 1592 medo:

125 1610 208 1694 Apud
218 1610 351 1679 Africam,
369 1607 482 1667 civitate
498 1608 675 1674 Luceruaria,
691 1618 848 1665 sanctarum
864 1608 927 1664 lila-
987 1631 997 1653 ‹
1015 1609 1117 1674 Romae,
1131 1605 1176 1662 via
1197 1605 1304 1673 Latina,
1324 1605 1413 1662 sancti
1430 1605 1576 1661 Tertullini
1599 1602 1734 1679 martyris
1751 1605 1783 1663 in

125 1699 219 1752 xima,
236 1680 382 1738 Donatillae
410 1688 438 1737 et
461 1678 593 1734 Secunda
615 1678 765 1749 virginum.
788 1680 854 1747 Quas
875 1679 926 1735 sub
980 1685 1077 1749 crypta
1101 1676 1234 1743 arenaria,
1251 1677 1324 1733 sicut
1347 1677 1449 1750 legitur
1462 1676 1492 1732 iii
1511 1675 1595 1749 gestis
1608 1676 1699 1733 mucii
1717 1674 1783 1734 Ste-

125 1755 252 1812 Gellieuo
269 1761 296 1808 et
307 1751 402 1825 jndice
425 1749 527 1805 ilnolio
554 1750 624 1820 passi
650 1747 714 1830 [pro
729 1751 826 1824 passael
850 1760 926 1808 eunt.
980 1748 1065 1832 phuni
1082 1764 1156 1820 papas
1183 1757 1211 1804 et
1238 1750 1379 1820 martyris.
1404 1772 1414 1799 ι
1439 1749 1615 1805 Floruseutu
1635 1754 1717 1805 naut
1731 1747 1784 1807 lttc

126 1824 320 1890 Autisiodoro,
341 1823 431 1880 sancti
458 1820 520 1876 Ursi
544 1821 666 1893 episcopi
695 1830 721 1877 et
748 1822 922 1878 contessoris.
979 1838 1039 1877 isa
1053 1820 1097 1877 die
1111 1837 1174 1877 ctiin
1189 1819 1291 1892 elogio,
1306 1820 1355 1876 alii
1374 1820 1705 1894 iviluqusti,etnusibi
1719 1837 1782 1879 otini

126 1895 231 1955 Eodem
248 1895 302 1963 die,
318 1892 415 1977 viqilia
426 1893 514 1949 sancti
533 1891 674 1972 Germani,
688 1908 796 1974 genere,
812 1872 965 1963 doado-B
985 1838 1118 1950 (isnardo.
1677 1961 1685 1974 0

127 1967 219 2025 ctrina
234 1975 315 2038 atque
327 1965 525 2021 miraculorum
542 1963 629 2034 gloria
643 1964 801 2020 clarissimi.
819 1990 828 2012 ·
1020 1965 1119 2019 Eutrio
1152 1964 1341 2021 bubuco-Coi..
1361 1970 1433 2035 post,
1447 1963 1537 2036 plodio
1551 1963 1684 2037 interfecta
1712 1969 1783 2032 aaut,

162 2037 342 2094 Bnuxsuusu.
360 2036 388 2090 in
408 2043 486 2090 textu
509 2033 665 2104 permodice
691 2034 883 2105 interpolatus,
900 2036 928 2092 in
984 2034 1099 2105 adjicit:
1120 2058 1130 2082 ι
1148 2036 1184 2090 Et
1198 2044 1261 2091 aute
1282 2035 1462 2092 simulacrum
1489 2035 1561 2093 Solis
1587 2033 1716 2107 projecti,
1735 2034 1784 2092 uhi

127 2111 182 2166 ime
204 2108 305 2165 babet:
337 2127 350 2157 u
379 2105 568 2173 Autisiudoro,
590 2105 726 2177 depositio
754 2107 841 2163 sancti
867 2107 929 2164 Ursi
984 2107 1075 2162 tribus
1099 2106 1201 2163 diebus
1223 2107 1372 2179 jacueruut
1396 2109 1537 2180 insepulti,
1561 2106 1812 2180 quosQuirinur·

127 2180 258 2254 episcopi.
270 2179 447 2245 EtTreueris,
466 2177 537 2233 beati
559 2177 667 2232 Pantho
682 2178 930 2249 presbyteriis-
984 2178 1169 2234 subdiaconus
1187 2180 1302 2235 latenter
1315 2179 1473 2251 sepelivit.»
1496 2181 1527 2236 lu
1539 2178 1784 2236 Secundaannun·

128 2254 181 2309 luit
200 2252 291 2308 dicere
307 2251 444 2317 bautonis,
457 2247 510 2304 nisi
529 2248 620 2316 iallor,
637 2247 671 2303 de
686 2265 740 2321 quo
761 2249 835 2321 apud
860 2251 929 2306 alios
984 2250 1111 2316 tiatione,
1163 2252 1229 2306 satis
1261 2268 1330 2323 pura
1377 2259 1427 2307 est.
1461 2251 1492 2307 lu
1534 2250 1588 2306 line
1624 2267 1690 2306 cum
1721 2250 1783 2307 aliis

128 2325 173 2382 die
192 2323 328 2397 sequenti.
984 2321 1128 2377 codicibus
1165 2321 1355 2393 adjungitur:
1390 2347 1400 2369 ι
1426 2321 1610 2391 Autisiodmi,
1645 2321 1784 2395 depositio

164 2398 344 2453 Hauauoreu.
360 2392 442 2450 etiem
458 2393 487 2447 iu
502 2398 583 2447 textu
618 2392 742 2448 aululum
758 2392 875 2460 auctior,
899 2391 928 2448 in
984 2393 1072 2448 sancti
1088 2392 1150 2448 Ursi
1164 2394 1288 2464 episcopi
1299 2402 1325 2450 et
1340 2393 1513 2449 confessoris.
1536 2419 1544 2440 ι

128 2468 182 2524 line
211 2466 329 2524 subdit:
354 2464 571 2532 «autisiodoro,
594 2408 732 2535 sepositio
752 2464 840 2520 sancti
867 2464 929 2520 Ursi
1019 2464 1171 2520 Gnatum:
1199 2488 1209 2510 ι
1236 2465 1302 2520 ltem
1320 2465 1407 2520 sancti
1437 2464 1568 2521 Tiburtii.
1592 2463 1783 2532 autisiodoro,

126 2538 250 2613 episcopi
260 2537 475 2594 eteoufessoris.
497 2561 507 2584 ι
984 2535 1073 2591 sancti
1090 2535 1149 2591 Ursi
1164 2537 1286 2608 episcopi
1302 2542 1330 2593 et
1344 2536 1518 2593 confessoris.
1534 2538 1567 2595 lu
1594 2535 1703 2604 Suesia,
1718 2536 1784 2595 Bru·

163 2613 324 2673 Annicinor.
340 2608 375 2664 ad
391 2623 491 2665 nomen
516 2606 631 2673 Gelieui,
659 2623 692 2663 su
727 2622 777 2663 rue
802 2615 928 2664 notatum
984 2607 1082 2677 nolphi
1097 2606 1219 2678 episcoii
1243 2607 1403 2664 Scharensis
1431 2615 1460 2664 ct
1485 2609 1664 2667 mutassetis.
1683 2607 1785 2665 hubini

133 2681 217 2739 hebet
229 2680 388 2736 charactere
404 2677 504 2735 minori
519 2695 525 2733 :
540 2679 580 2732 cel
595 2678 678 2734 Decii.
708 2695 725 2733 n
741 2677 795 2734 line
809 2690 902 2735 eutem
920 2697 926 2735 :
992 2679 1124 2750 episcopi.
1141 2680 1171 2735 ln
1185 2625 1291 2745 iussis,
1308 2679 1417 2737 Helena
1440 2679 1588 2737 militissu.
1602 2703 1615 2729 ι

137 2753 199 2808 «Et
212 2751 299 2807 sancti
316 2749 376 2807 Ursi
392 2747 766 2821 episcopiilutisiodoreiieis.
783 2774 792 2797 s
811 2749 929 2806 Notatur
1019 2750 1137 2806 Morem:
1157 2751 1366 2816 -dtitisiodori,
1381 2752 1467 2808 sancti
1479 2751 1540 2808 Ursi
1561 2750 1708 2824 episcopi.»
1717 2750 1785 2809 Tute

129 2822 258 2880 termeab
273 2821 413 2879 omuibus.
983 2821 1140 2877 minoribus
1157 2820 1260 2877 litteris
1271 2822 1304 2878 de
1320 2823 1482 2894 Brunolpho
1496 2831 1525 2879 et
1549 2823 1654 2881 lieleut
1666 2821 1785 2896 descrip

165 2895 324 2959 Vicroaiu,
338 2893 405 2948 linc
423 2891 504 2946 Suae.
516 2906 593 2946 num.
608 2890 676 2946 l30:
695 2893 768 2963 ·lpso
783 2892 928 2961 die,sancti
983 2892 1029 2958 sit,
1043 2909 1103 2964 quet
1128 2893 1210 2949 habet
1226 2893 1353 2951 Gseveii.
1373 2897 1489 2951 Demum
1515 2894 1662 2967 aeliutipit:
1701 2895 1787 2966 «luo

131 2965 192 3021 Ursi
208 2964 328 3036 episcopi
342 2961 610 3018 autisiodorensis.»
982 2963 1028 3019 die
1046 2964 1156 3029 assisii,
1176 2967 1276 3022 natalis
1296 2967 1385 3024 sancti
1405 2966 1498 3023 Ruliui
1527 2967 1668 3038 niartyrie.
1680 2989 1693 3015 ·
1720 2964 1786 3025 itti

164 3036 324 3092 Auniiueit.
343 3052 349 3090 ε
373 3058 382 3080 ι
397 3032 499 3089 Eodem
514 3032 570 3099 die,
586 3032 682 3102 vigilia
697 3033 782 3089 sancti
799 3034 928 3091 Germani
983 3036 1073 3091 tiones
1085 3039 1255 3108 posteriores
1269 3037 1303 3093 do
1314 3040 1384 3095 Urso
1398 3047 1425 3094 et
1440 3038 1542 3093 Urunol
1565 3037 1612 3106 bo,
1635 3043 1667 3094 ut
1691 3053 1782 3111 supra.

129 3107 262 3177 eiscopi,
278 3121 386 3177 genere,
399 3103 720 3176 hdeetdoctriuaatque
732 3106 927 3162 miraculorum
990 3107 1123 3162 vltcmiu
1139 3107 1246 3176 Suecia,
1267 3108 1514 3172 beatissimam.»
1558 3109 1783 3182 ltypisminori·

146 3125 216 3234 fluia
236 3176 393 3234 clarissimi.
410 3176 460 3232 llic
475 3175 656 3231 festivitatem
672 3180 819 3248 sepulturas
847 3178 928 3234 liabet
984 3176 1035 3233 bus
1049 3177 1101 3234 hoc
1112 3179 1220 3235 solum:
1245 3181 1374 3248 «assisii,
1390 3182 1490 3237 natalis
1503 3181 1591 3237 sancti
1606 3180 1701 3239 lichni
1708 3195 1785 3239 iner-

130 3195 262 3306 fialendis
272 3247 523 3321 Octobris,quaudo
541 3255 568 3303 et
581 3246 719 3302 celebrior
728 3247 786 3304 dics
797 3249 897 3320 agitur.
914 3273 922 3294 ·
944 3237 1088 3320 Ctyris.»
1110 3249 1150 3305 ild
1179 3250 1334 3308 llomaiium
1360 3259 1438 3309 nutat
1462 3251 1609 3320 Uitruuius,
1632 3251 1786 3312 inmte

131 3320 201 3378 Vide
216 3320 303 3393 igitur
312 3337 372 3394 quae
386 3319 431 3376 die
443 3318 573 3392 sequenti
589 3334 651 3375 cuni
663 3318 928 3378 Usuerdodicumus.
984 3336 1017 3376 eo
1031 3336 1189 3378 sermonem
1203 3322 1278 3379 Petri
1293 3324 1432 3383 Dauiiaui.
1446 3323 1518 3382 Vide
1530 3323 1656 3382 Surium.

853 3446 1065 3460 m

129 3513 223 3570 Pridie
237 3514 304 3572 Kal.
1397 3554 1400 3559 ·
1667 3514 1720 3581 Die
1740 3516 1787 3583 31.

165 3603 247 3676 Apud
263 3602 424 3671 cesaream,
441 3606 532 3676 passio
546 3605 624 3661 Fabii
636 3606 778 3677 martyris,
789 3605 838 3677 qui
853 3620 915 3661 cum
927 3603 1000 3662 ierre
1015 3606 1121 3663 vexilla
1135 3607 1312 3679 praesidialia
1325 3619 1472 3678 recusaret,
1488 3610 1610 3682 primuni
1624 3609 1726 3668 diebus
1738 3610 1787 3669 ell-

130 3701 199 3764 quot
212 3693 241 3748 iu
256 3707 393 3749 carcerem
408 3701 511 3761 trusus,
526 3693 627 3749 ‹leiude
643 3694 826 3765 interrogatus
840 3695 923 3751 semel
937 3695 1088 3761 etiterum,
1109 3695 1138 3750 in
1153 3695 1259 3754 Ghristi
1281 3697 1461 3756 confessione
1475 3698 1621 3773 perdurat:
1639 3707 1667 3758 et
1692 3715 1789 3758 ineat

128 3781 223 3856 judice
237 3780 349 3854 capitali
362 3783 498 3839 mutantia
512 3781 721 3840 condemnatur.
737 3785 885 3853 Ravennae,
903 3785 1034 3843 transitus
1044 3784 1131 3842 sancti
1142 3784 1272 3844 Germani
1281 3787 1520 3847 eutistodoransis
1532 3789 1668 3866 episcopi,
1677 3805 1787 3864 genere,

129 3870 185 3929 fide
204 3879 231 3928 et
244 3869 379 3941 doctriua,
394 3879 478 3947 atque
492 3871 689 3929 miraculorum
705 3872 792 3946 gloria
803 3873 960 3933 clarissimi.
984 3874 1103 3935 Ciuitate
1119 3872 1254 3952 Sinueda,
1268 3886 1431 3937 sauctorum
1442 3880 1611 3952 Democriti,
1627 3879 1750 3943 &cundi
1761 3887 1790 3939 et

130 3961 259 4019 Diouisii.

901 4084 1019 4143 NUTAE.

166 4181 325 4237 Gonsouaut
343 4178 452 4235 codices
469 4179 592 4248 emen,
608 4180 924 4249 herineufflmemm,
981 4182 1644 4250 lin.,Grsteu.etllolen.0uibusaoceduutilittue
1680 4185 1780 4247 ,ddum

131 4253 289 4320 remites,
303 4251 485 4323 Aetaeip.,et
504 4251 701 4323 lieu-Labeo„
716 4254 861 4322 Munerat,
879 4255 926 4310 Be·
983 4252 1111 4323 Ultrajeet
1124 4296 1132 4322 ,
1147 4254 1271 4326 leydeit„
1287 4255 1444 4321 bononien,
1454 4257 1592 4328 Alberpett.
1606 4201 1779 4314 atzam.

627 4420 631 4427 .
738 4378 941 4436 vanientes
962 4377 1166 4437 astriotes.

166 4476 411 4538 Notabiscodicem
423 4477 695 4544 Tornecenmmniuo
723 4477 815 4534 uidem
825 4493 926 4549 purum
982 4494 1017 4533 ex
1029 4477 1121 4550 phrasi
1139 4476 1254 4533 Adonis.
1271 4478 1302 4534 lu
1317 4477 1439 4534 Pretensi
1450 4485 1492 4535 est
1508 4478 1620 4536 Sintiis.
1638 4480 1670 4535 lti
1686 4479 1790 4536 litte*

129 4567 198 4619 esse,
219 4549 266 4606 sed
282 4549 372 4622 primo
385 4549 445 4605 loco
459 4563 538 4621 agere
553 4548 586 4605 de
600 4492 929 4620 ancto‘iteruauopro-
982 4556 1047 4610 rat..
1067 4550 1211 4606 diruenda.
1228 4548 1259 4605 ln
1287 4549 1396 4618 Uelino,
1413 4551 1521 4621 sprota
1544 4559 1572 4608 et
1591 4550 1706 4608 Gitrode.
1732 4548 1788 4608 atti

129 4620 325 4679 culdubioex
353 4637 405 4676 usu
434 4621 511 4677 illius
536 4620 668 4677 ecclesias.
694 4621 829 4693 Autuerp.
851 4621 926 4693 tegit,
985 4621 1112 4683 Sumcde.
1132 4621 1384 4692 Synaodu,etc.lu
1413 4628 1489 4678 matu
1510 4621 1658 4695 sequimur¹
1678 4622 1789 4679 codices

130 4691 254 4748 Fabiani.
276 4693 307 4745 lri
319 4691 416 4746 Delino
444 4691 521 4746 deest
539 4690 619 4759 ferre.
637 4691 778 4747 lleriuieu.
796 4693 929 4764 ponitis
984 4692 1164 4764 probatiores.
1183 4692 1242 4747 Non
1261 4690 1350 4747 minor
1366 4690 1482 4749 variatio
1495 4701 1537 4749 est
1563 4693 1592 4749 in
1607 4691 1725 4750 nomine
1738 4693 1787 4751 Dr·

131 4776 235 4816 carcere
250 4767 350 4815 trusus.
372 4761 869 4836 antuerp..lleii.·Lubec.etreliqui
885 4778 928 4818 eo·
983 4764 1097 4819 tnocriti.
1115 4764 1233 4832 Proquo
1246 4763 1398 4820 Tornecen.
1416 4764 1565 4820 Dimocrili.
1582 4764 1786 4832 ilem-liuba„

130 4830 206 4887 dices
215 4828 402 4911 mediauotae,
418 4831 867 4902 sensumaliquatenusimmutent
878 4834 930 4890 hoc
983 4834 1368 4917 Demoeerli.elntuerp.·llax.
1382 4849 1447 4891 cum
1463 4835 1613 4908 aliquibus,
1630 4835 1785 4893 Dimisi.

130 4901 231 4959 modo:
249 4900 346 4956 Deinde
361 4907 540 4968 iuterroqatus
555 4903 633 4957 semel
647 4904 789 4969 criterium,
813 4921 871 4960 cem
899 4905 964 4971 iun
983 4905 1090 4969 Damio,
1106 4906 1265 4963 Democriti.
1299 4905 1380 4964 Certe
1400 4905 1511 4963 videtur
1528 4914 1623 4963 teritus
1637 4904 1733 4963 leotie.
1749 4907 1788 4964 De

132 4971 405 5043 Christicoufessioae
415 4972 587 5043 pereleum..
603 4973 710 5029 Antuer
732 4975 826 5031 .·llaii.
842 4976 924 5032 dere·
983 4978 1129 5044 Gesereum,
1148 4977 1373 5049 condempnatur,
1395 4978 1632 5050 autisiodorensis,
1658 4976 1785 5048 Dionieh',

130 5053 188 5106 ret:
204 5043 291 5121 aliqui
307 5043 417 5112 deinde,
434 5043 621 5100 amicirentur
636 5051 682 5101 est.
725 5047 797 5103 elius
812 5047 927 5105 interitu
981 5057 1046 5118 otc,
1063 5048 1139 5122 loqui
1155 5048 1332 5121 supersedeo.

806 5172 1111 5232 aestimationes,

165 5272 385 5330 mansionilia
408 5270 455 5328 hic
476 5270 579 5328 habeut
599 5272 825 5346 hieronymiana,
855 5273 927 5330 nihil
983 5271 1058 5328 Nihil
1078 5269 1788 5351 PetrusinGatalogo‚uibilSuriusdel'abiopro·

131 5338 215 5400 Beda.
226 5352 273 5399 aut
286 5343 367 5401 Dedae
384 5358 512 5418 sequaces
523 5344 622 5402 Florus
636 5353 663 5402 et
678 5344 814 5403 ltabanus.
834 5346 929 5418 ltaque
984 5342 1088 5412 didere,
1105 5351 1203 5416 praeter
1217 5342 1309 5399 solum
1334 5341 1440 5399 Adonis
1460 5343 1579 5416 elogium
1607 5345 1683 5419 quod
1709 5344 1789 5403 breti

132 5410 221 5482 prima
232 5415 416 5483 annuntiatio,
432 5425 561 5488 tanquam
590 5416 659 5474 ionti
678 5416 929 5474 debeturllomeno
984 5413 1566 5480 Cotumeutarioillustravitlleusoheuius,
1599 5412 1788 5475 esareaslltu·

132 5495 229 5554 parto,
245 5483 283 5538 ita
292 5486 422 5542 scribenti
444 5505 450 5543 :
466 5488 603 5556 Gcsureie,
620 5489 697 5544 Fabii
712 5490 850 5559 martyris.
864 5489 930 5545 lude
985 5487 1093 5543 ritauiae
1109 5492 1257 5568 martyrem
1267 5484 1418 5543 ascribens.
1433 5491 1512 5551 Acta,
1524 5503 1585 5561 qua
1609 5487 1789 5546 habemusex

133 5550 439 5624 ebddonemutuatus‚
458 5567 485 5615 et
510 5559 643 5616 historica
665 5559 821 5616 laudatione
843 5575 931 5614 exor-
984 5558 1078 5614 codice
1109 5557 1283 5615 llossiaceusi
1299 5557 1371 5629 apud
1397 5558 1431 5613 D.
1463 5558 1571 5632 loly,a
1598 5558 1790 5632 Papebmcliio

134 5629 215 5680 natus
229 5631 280 5691 est,
291 5625 369 5699 cujus
384 5629 503 5700 priorem
530 5638 557 5686 et
581 5630 751 5704 potissimam
769 5638 871 5704 partem
901 5631 930 5686 in
985 5637 1181 5702 transsumpta.
1201 5644 1256 5685 nou
1285 5628 1376 5702 gratis
1390 5628 1559 5688 narrationis
1583 5632 1718 5705 speciem,
1740 5630 1789 5689 sed

134 5703 242 5776 textum
253 5704 334 5755 suurn
348 5701 490 5758 transtulit
504 5700 644 5767 Ususrdus
667 5701 833 5761 Notlierode
853 5716 930 5758 more
985 5700 1077 5774 potius
1092 5700 1264 5758 luxuriantis
1274 5700 1372 5759 calami
1387 5702 1491 5776 stylum
1502 5702 1788 5771 meminissemus·

134 5765 307 5825 inalienare
335 5780 450 5827 messem
477 5771 618 5831 liberalius
639 5746 737 5833 falcem
751 5773 928 5830 immittente.
986 5772 1540 5846 nonemsaparevidentur,qaauimirum
1548 5773 1787 5849 Adonisetoqium
