3834 6136
144 227 194 281 rsa
711 286 714 291 ,
799 221 952 280 usuram
971 222 1130 281 nonnum
1176 183 1182 193 ’
1745 223 1794 281 ras

141 349 226 422 diral,
242 346 359 404 carceris
373 345 499 402 custodia
516 354 651 403 macerata
670 365 689 415 ·,
704 365 768 404 curn
784 349 961 420 gravissimos
973 347 1060 406 mata
1074 350 1190 406 Eulaliae
1206 357 1234 405 et
1248 348 1419 420 reliquorum
1434 356 1589 422 martyrum
1601 347 1727 414 audisset
1736 365 1793 407 cru·

141 443 238 510 sistus,
256 438 370 513 genibus
384 439 413 493 in
429 439 553 494 oratione
564 437 673 511 positis,
688 438 864 510 impollutum
881 439 991 496 Christo
1001 440 1128 510 spiritum
1144 437 1274 496 reddidit.
1292 438 1354 510 lpso
1367 435 1423 503 die,
1438 435 1526 494 saneti
1542 436 1679 510 Cypriani
1689 435 1794 495 abbatis

141 529 317 602 Petregorici‚
337 526 491 599 magnilica>
504 526 658 584 sanctitatis
671 536 699 583 et
712 527 857 584 clarissimi
870 529 899 584 in
914 528 1055 585 miraculis
1068 528 1133 584 viri.

907 671 1026 728 NOTAE.

176 789 241 846 Puri
256 795 321 845 sunt
335 788 457 856 Protea,
473 786 621 855 Herinien,
638 784 865 857 antuerp-tran,
880 787 1025 853 Munerat,
1043 784 1153 841 Greveui.
1165 792 1192 840 et
1204 785 1306 841 Melan.

175 982 188 1008 ²
204 970 262 1025 Hoc
276 968 337 1023 loco
352 965 450 1021 folium
465 981 500 1020 ex
513 962 608 1020 codice
622 963 749 1019 avulsum
761 970 813 1018 est.
825 962 878 1019 Sed
888 962 937 1036 qui
953 969 1133 1033 Atruncum.
1148 961 1215 1028 Quae
1229 959 1352 1029 deerant,
1369 975 1403 1015 ex
1425 958 1522 1017 codice
1536 960 1662 1018 Pratensi
1679 961 1712 1019 B.
1727 979 1792 1038 sup-

141 1039 212 1096 illud
226 1038 358 1105 restituit,
371 1037 436 1109 quia
450 1035 600 1107 rnajoribus
611 1034 786 1090 litterisnsus
799 1042 850 1101 est,
863 1034 938 1091 hunc
992 1034 1080 1106 plevit
1092 1033 1236 1090 Sollerius.
1247 1031 1341 1088 Laudo
1351 1031 1456 1088 iactum
1467 1031 1607 1089 etimitor.
1619 1033 1789 1092 Boerutsur.

140 1112 288 1169 articulum
303 1108 496 1180 imperfectum
515 1105 627 1179 reliquit
641 1113 668 1162 et
682 1106 744 1177 plus
760 1105 850 1161 media
857 1113 940 1195 parte

734 1241 936 1298 vnnmNTEs
956 1239 1163 1300 LECTIONES.

175 1342 388 1417 Antuerp.-lllaj.
406 1350 433 1398 et
446 1342 547 1398 Melan.
560 1348 634 1397 recte
648 1339 776 1397 scribunt
793 1340 935 1409 leocadie,
990 1339 1031 1396 tio
1046 1356 1095 1412 pro
1107 1340 1226 1396 Eulaliae
1242 1338 1360 1420 pessime
1372 1337 1635 1421 lormavitduoliae.
1649 1339 1679 1396 ln
1691 1339 1789 1422 liune-

140 1417 187 1473 sed
202 1416 231 1471 in
247 1424 325 1472 textu
338 1422 446 1470 servata
459 1422 500 1468 est
514 1412 683 1486 reliquorum
697 1411 823 1467 codicum
839 1410 931 1467 lectio.
991 1418 1051 1467 rato
1065 1418 1106 1467 est
1120 1411 1178 1466 dire
1211 1427 1241 1466 ro
1258 1410 1331 1465 diro.
1344 1409 1446 1465 Melan.
1462 1409 1529 1482 legit
1544 1417 1670 1480 spiritum
1689 1410 1787 1469 cbuu

138 1488 180 1545 De
197 1488 317 1544 Deciano
332 1485 399 1541 alibi
413 1484 518 1542 dictum
538 1491 589 1550 est,
605 1484 652 1540 hic
665 1498 760 1538 rursus
774 1482 860 1554 aliqui
875 1483 938 1538 Dee
991 1481 1118 1550 reddidit,
1128 1427 1387 1554 quolfddonianum
1398 1487 1458 1547 est;
1473 1481 1654 1563 sedrUsuardi
1668 1482 1790 1539 leetioer

140 1559 222 1625 tiano,
243 1556 542 1623 Tornacen.‚Deciono,
559 1563 612 1611 etc.
627 1558 664 1610 At
679 1554 745 1636 quid
760 1554 822 1609 uult
836 1554 938 1610 Mune-
991 1552 1135 1635 codicibus
1151 1552 1214 1609 aliis
1236 1552 1377 1625 probatur.
1397 1552 1532 1609 Nonnulli
1556 1552 1670 1634 codices
1694 1552 1790 1612 babent

138 1638 190 1686 rat.
208 1645 255 1711 per
270 1629 392 1700 prefecto
405 1627 598 1699 Hyepanionot
612 1626 743 1706 Suspicor
766 1641 848 1681 voces
869 1625 937 1681 duas
994 1625 1306 1696 Caprianuioravan,
1317 1622 1790 1693 sedPraten.,Herrnren.‚etc.,me

138 1702 333 1772 Hispaniarum
346 1699 465 1755 Dacmno
482 1696 646 1768 typographi
667 1695 808 1766 imperitia
821 1695 892 1750 male
907 1695 937 1751 in
992 1695 1047 1751 lius
1065 1704 1096 1751 ut
1110 1705 1152 1753 est
1166 1695 1196 1751 in
1217 1702 1306 1751 textu
1323 1695 1403 1776 Errat
1422 1694 1648 1768 antuerp-May.
1663 1695 1732 1752 dum
1747 1713 1790 1769 pro

138 1787 220 1827 unam
236 1771 380 1837 coaluisse,
396 1766 629 1840 quemadmodum
646 1767 732 1822 altera
747 1765 865 1822 Greveui
881 1765 937 1822 edi·
992 1767 1157 1838 Petregorici
1171 1767 1249 1840 ponit
1260 1767 1447 1838 Petregonce.

812 1895 1114 1955 OBSERVATIONES.

172 2011 238 2078 Quae
248 2010 294 2066 bic
305 2005 708 2081 primolocorelerturillustris
718 2003 935 2076 Toletauauirgo
990 2005 1046 2061 imo
1062 2005 1136 2060 ultro
1152 2005 1240 2060 fateor
1254 2005 1410 2077 passionem
1426 2004 1579 2078 longiorem
1591 2022 1654 2079 quae
1665 2006 1791 2080 apudros

135 2081 275 2147 Leucadia,
283 2076 816 2148 necinHieronymianiscodicibus,nec
825 2076 854 2130 in
866 2077 936 2132 serie
990 2084 1081 2133 exstat
1095 2076 1256 2149 panegyrim
1269 2077 1361 2148 potius
1370 2074 1459 2133 videri
1471 2092 1554 2149 quam
1564 2087 1697 2135 exactam
1708 2096 1791 2137 rerum

135 2152 225 2220 Beda,
238 2168 288 2208 nee
298 2150 370 2223 apud
380 2147 608 2205 Wandalbertum
624 2157 699 2215 nota,
710 2148 745 2202 ab
755 2155 866 2203 auctore
877 2149 936 2204 lio-
991 2156 1127 2219 gestarum
1142 2149 1342 2203 narrationem.
1359 2147 1435 2203 Nihil
1451 2149 1554 2220 reperit
1575 2148 1679 2206 Serius
1703 2161 1791 2222 prater

135 2224 210 2280 mani
222 2223 299 2295 parri
310 2221 430 2293 primum
441 2227 468 2274 et
480 2219 686 2291 simplicissime
696 2219 856 2289 consignata
866 2227 906 2274 est
927 2236 933 2274 :
990 2219 1168 2274 Adonianum
1183 2218 1314 2290 elogium,
1326 2219 1371 2274 cui
1382 2218 1496 2275 Marinei
1513 2219 1600 2275 verba
1615 2220 1789 2292 adjunxit,dc

136 2295 269 2351 monadica
281 2292 403 2362 uirpinis,
423 2292 500 2345 nulla
519 2290 583 2357 loci,
598 2291 731 2362 temporis
745 2298 792 2344 aut
807 2288 936 2361 martyrii
990 2298 1084 2347 saneta
1098 2290 1131 2345 ob
1147 2290 1211 2344 aliis
1234 2291 1366 2346 Toletano
1382 2290 1457 2345 urbis
1472 2291 1603 2346 menibus
1615 2293 1791 2365 praecipitatu,

135 2367 207 2422 laeta
222 2364 381 2428 mentione3
399 2361 472 2416 unde
486 2361 696 2417 verosimillirne
708 2360 843 2431 conjicias
858 2360 935 2415 nulla
990 2378 1051 2432 quae
1065 2377 1161 2416 verum
1176 2361 1342 2433 martyrium
1353 2361 1488 2429 indicant,
1498 2360 1547 2417 ubi
1562 2363 1699 2420 leocodia
1711 2381 1792 2422 aeon·

135 2444 235 2493 sanctae
243 2431 616 2512 Autaridisseblartyrologii
626 2431 933 2503 hujuscompilatorem.
990 2433 1056 2488 cilio
1071 2432 1202 2488 Toletano
1218 2449 1246 2487 ιε
1261 2432 1334 2503 apud
1348 2431 1488 2489 labbeum
1503 2441 1581 2490 tomo
1597 2434 1633 2503 V,
1642 2436 1698 2491 col.
1717 2437 1792 2502 rtet,

134 2509 180 2564 Ali
201 2522 236 2561 ua
246 2503 505 2560 nibilominusolim
516 2504 655 2559 exstitisse
662 2518 773 2558 necesse
782 2511 824 2558 est
833 2519 868 2558 ex
876 2502 934 2575 qui·
989 2502 1103 2559 nonnisi
1116 2503 1267 2558 beatissima
1281 2509 1305 2558 et
1315 2510 1407 2559 sanctu
1417 2504 1551 2575 consessor
1562 2506 1732 2578 appellatur.
1747 2507 1788 2564 Vi·

133 2578 186 2634 bus
224 2573 934 2655 artyrologusViennensiseammortiscircumstan·
989 2574 1048 2629 deri
1070 2582 1185 2647 possunt
1202 2574 1318 2645 paucula
1342 2574 1453 2646 quade
1479 2583 1574 2632 saneta
1599 2584 1696 2633 nostra
1718 2578 1792 2635 babet

133 2644 934 2718 tiamdecerpserit,quaeexipsointentumnostrumtrans·
989 2645 1183 2703 Tillemontius
1197 2653 1273 2700 torno
1289 2645 1323 2712 V,
1358 2663 1400 2718 ag.
1417 2647 1470 2713 57;
1487 2655 1514 2702 et
1537 2647 1560 2702 si
1582 2647 1647 2720 quis
1662 2649 1792 2706 curiosius

134 2720 189 2774 lata
202 2726 253 2774 est.
269 2717 360 2784 Quaeri
372 2723 462 2788 posset
474 2733 523 2772 cur
533 2716 668 2772 Leucadia
681 2716 733 2772 hoc
748 2715 793 2771 die
807 2716 933 2772 celebre·
950 2701 972 2760 Β
987 2715 1117 2787 indagare
1131 2716 1252 2772 voluerit
1267 2732 1321 2788 quo
1336 2662 1519 2773 fundamento
1527 2719 1623 2774 ordini
1635 2719 1790 2777 Carmelita·

131 2799 189 2858 tur,
205 2790 229 2845 si
244 2805 339 2844 uerum
356 2797 397 2842 est
412 2803 471 2842 earn
486 2795 553 2844 tune
570 2787 677 2844 Cbristo
698 2787 823 2860 spiritum
838 2787 934 2843 reddi-
988 2805 1049 2843 rum
1064 2786 1202 2869 adscripta
1225 2787 1309 2844 luerit
1322 2788 1465 2856 Leucadia,
1482 2788 1563 2846 adeat
1590 2790 1788 2862 desponsiones

133 2862 210 2928 disse,
234 2877 292 2915 ciam
306 2858 477 2930 grauissimas
497 2860 576 2913 beate
589 2859 708 2914 Eulaliae
723 2865 747 2912 et
767 2859 934 2928 reliquorum
987 2859 1024 2914 Pa
1044 2858 1167 2914 ehroohir
1184 2858 1218 2914 ad
1231 2866 1283 2914 art.
1305 2876 1393 2926 xv1,a
1408 2877 1487 2916 num.
1504 2860 1546 2916 77.
1571 2861 1702 2918 Sufficiat
1716 2862 1789 2919 modo

132 2943 282 3003 martyrum
294 2930 411 2985 audisset
425 2930 579 2993 craeciatus;
599 2929 708 2984 Eulalia
731 2946 797 2984 vero
820 2929 933 2984 Emeri-
988 2876 1112 2986 exgibita
1128 2937 1220 2986 textus
1240 2930 1327 2986 nostri
1343 2931 1420 3003 origo
1440 2939 1468 2987 et
1482 2931 1517 2987 ad
1531 2931 1692 2990 Usuardum
1706 2941 1788 2990 trans-

132 3004 229 3069 censis,
245 3019 304 3075 quae
321 3001 366 3056 bie
381 3000 455 3055 haud
466 2998 549 3055 dubie
563 3000 701 3066 innuitur,
711 3016 790 3072 passa
799 3000 836 3055 sit
850 3001 933 3055 xDe-
987 3001 1071 3056 lusio.

132 3074 276 3130 cembrisi
291 3074 349 3128 lam
369 3073 435 3128 satis
450 3081 514 3128 nota
528 3080 569 3128 est
593 3080 701 3142 recepta
715 3070 794 3127 nobis
807 3078 834 3126 et
851 3070 933 3127 unice
1025 3072 1177 3142 Cyprianus
1187 3073 1269 3128 abbas
1277 3073 1492 3144 Petregoricusa
1505 3075 1567 3131 solo
1577 3075 1678 3133 Adone
1690 3078 1789 3150 positus

132 3163 198 3201 vera
218 3144 338 3210 soluti0;
368 3143 517 3212 uidelicet,
545 3142 723 3198 arbitrarium
744 3144 824 3216 plane
848 3142 933 3198 fuisse

132 3217 239 3272 Adonis
264 3218 444 3287 aritesignano
468 3213 627 3286 hujusmodi
652 3213 825 3270 celebritates
850 3213 933 3269 certis

132 3287 231 3343 diebus
245 3288 373 3358 ailigere:
392 3287 483 3357 ipsunt
503 3294 595 3341 autem
612 3286 741 3356 praefatus
756 3286 817 3341 Ado
831 3295 858 3340 et
873 3292 934 3357 post

132 3360 257 3416 Adonem
274 3359 413 3414 Usuardus
427 3357 564 3414 bonafide
579 3357 666 3413 secuti
680 3365 754 3413 sunt.
769 3357 934 3435 Pervulgata

132 3430 272 3486 Leucadiae
298 3430 429 3486 nrernoria
452 3446 485 3484 ex
510 3429 637 3486 conciliis
656 3429 807 3496 Toletanis,
823 3427 850 3482 in
874 3443 934 3497 eyus

132 3502 247 3557 ecclesia
263 3499 375 3567 habitis,
397 3501 540 3569 repetitur,
554 3509 635 3571 atque
649 3500 714 3555 item
731 3517 746 3553 a
762 3499 848 3555 ternis
863 3498 933 3553 basi·

134 3572 196 3627 licis
211 3572 239 3623 in
254 3570 312 3623 sola
326 3571 456 3623 Taletana
473 3569 540 3623 urbe
560 3569 618 3639 ejus
636 3569 742 3624 nomini
755 3569 932 3636 corrseeratis,

133 3640 167 3696 de
182 3640 284 3710 quibus
293 3638 356 3692 vide
368 3639 537 3693 rietationem
553 3640 675 3705 Boronii,
691 3639 738 3692 ubi
750 3641 832 3693 etiam
843 3640 934 3708 agitur

133 3707 304 3777 decerperis
318 3708 509 3775 translatione,
545 3725 607 3763 uam
626 3710 751 3764 Molanus
772 3709 801 3763 in
824 3709 934 3763 Natali-

133 3780 186 3836 bus
203 3786 359 3833 sanctornm
374 3778 462 3849 Belgii
478 3778 505 3832 in
521 3725 636 3833 iunium
659 3786 777 3833 revocat.
795 3778 849 3833 Nos
867 3778 933 3834 alibi

133 3867 193 3907 eam
209 3849 426 3904 controversiam
439 3847 631 3915 discutiemus,
645 3850 779 3904 nonnulla
794 3848 933 3905 Leucadiae

133 3923 204 3976 Aeta
212 3919 399 3990 manuscripta
409 3917 627 3989 vulgaturi,quae
636 3918 850 3992 hactenustypis
860 3919 934 3976 edita

134 4006 192 4046 non
206 3988 345 4044 existimo.
363 3992 401 4046 [le
417 4005 511 4043 eorum
520 3988 678 4046 sinceritate
688 3990 733 4046 hic
744 4005 798 4046 non
810 3990 931 4063 disputo,

987 3150 1037 3210 est,
1054 3144 1101 3215 qui
1116 3143 1162 3199 hic
1175 3143 1262 3199 alium
1274 3161 1354 3199 suum
1366 3145 1481 3212 fontem,
1494 3161 1594 3218 nempe
1604 3147 1731 3220 Gregorii
1742 3149 1789 3204 Tu·

988 3215 1113 3270 tenensis
1139 3214 1241 3270 librum
1266 3215 1299 3270 de
1322 3215 1416 3271 Gloria
1442 3215 1652 3287 Conlessorum,
1677 3228 1708 3275 ut
1723 3237 1759 3277 sae

987 3286 1053 3341 alibi
1064 3288 1144 3353 solet,
1155 3286 1305 3354 consuluit,
1318 3286 1440 3356 elogium
1451 3287 1531 3344 decer
1568 3305 1647 3346 nsex
1657 3307 1718 3364 cap.
1731 3291 1762 3348 10
1780 3335 1787 3359 ,

988 3357 1062 3429 quod
1076 3357 1175 3412 Noster
1199 3357 1338 3428 integrum
1363 3357 1515 3429 adoptauit.
1560 3376 1574 3415 e
1598 3363 1689 3418 sancti
1713 3364 1788 3435 gestis

987 3428 1058 3482 nibil
1075 3436 1208 3499 praeterea
1221 3428 1356 3483 traditum
1378 3429 1519 3499 novimus,
1535 3447 1628 3504 neque
1653 3434 1749 3490 Petrus
1762 3433 1787 3489 in

988 3499 1082 3556 Catulo
1101 3516 1127 3568 o,
1146 3500 1194 3555 lib.
1211 3517 1229 3566 1,
1245 3515 1304 3572 cap.
1322 3500 1366 3568 51,
1383 3517 1471 3572 neque
1487 3501 1664 3560 Tritbemius
1674 3504 1708 3560 de
1719 3505 1788 3562 Viris

989 3570 1091 3625 illustri
1114 3588 1146 3625 us
1156 3570 1263 3625 ordinis
1272 3571 1360 3627 sancti
1376 3570 1528 3640 Benedicti,
1540 3574 1690 3631 aBaronio
1704 3576 1786 3642 citati,

988 3642 1067 3711 plura
1080 3641 1191 3697 aliunde
1206 3658 1348 3723 suggerere
1363 3650 1521 3713 potuerunt.
1539 3644 1621 3700 Sitne
1673 3663 1720 3703 rro
1733 3646 1788 3728 cy-

988 3710 1101 3781 prianus
1118 3711 1163 3768 bic
1178 3713 1271 3768 ordini
1294 3708 1475 3770 Benedictinu
1496 3663 1699 3787 accensensiis,
1724 3717 1785 3775 abbi

988 3782 1202 3838 examinabitur.
1216 3783 1429 3840 Wandalbertus
1451 3785 1504 3842 boc
1523 3786 1569 3842 die
1594 3795 1673 3846 totus
1697 3797 1739 3846 eet
1762 3789 1787 3845 in

987 3853 1166 3979 tAranplatione
1181 3855 1269 3912 sancti
1282 3854 1434 3912 Sebastiani
1446 3873 1454 3923 ;
1467 3872 1564 3915 uersus
1574 3856 1706 3917 dabimus
1720 3862 1786 3918 inter

1015 3939 1047 3978 uc
1061 3939 1129 3981 arra.

864 4124 1056 4184 AUCleilA.

170 4226 292 4281 Patren.
315 4222 387 4278 inter
410 4236 493 4293 puros
513 4219 625 4277 relictus
648 4229 701 4289 est,
724 4221 789 4277 licet
812 4221 865 4278 boc
889 4222 933 4279 die

135 4295 309 4354 solummodo
324 4301 431 4349 textum
447 4292 546 4349 referat
560 4309 646 4365 usque
666 4293 699 4348 ad
714 4294 833 4349 eristodiu
852 4312 933 4349 anuce-

134 4376 208 4435 ratu,
223 4367 315 4423 exciso
331 4382 379 4437 pro
394 4363 501 4435 reliqua
511 4372 586 4436 parte
602 4364 681 4433 folio,
699 4373 729 4419 ut
745 4373 863 4420 testetur
879 4367 934 4421 Sir-

135 4439 265 4506 mundus,
276 4437 328 4564 poi
346 4436 452 4508 reliqua
467 4444 560 4492 textus
575 4437 714 4509 supplevit
730 4453 765 4491 ex
780 4437 875 4493 codice
889 4438 935 4493 al-

134 4519 204 4578 tero,
220 4526 274 4582 quo
311 4524 441 4564 vocamus
456 4507 488 4562 B.

170 4583 341 4645 Turnacum,
356 4580 385 4633 in
405 4586 483 4633 textu
498 4594 592 4648 purus,
611 4579 789 4660 supperaddit
805 4597 811 4634 :
835 4581 933 4635 ‹lotro

135 4651 313 4716 nronasterio,
328 4656 429 4704 sancte
447 4649 537 4705 Buldre
552 4650 678 4720 uirginis.
696 4677 704 4699 s

170 4722 318 4778 Roswnsn.
334 4719 362 4772 in
378 4719 432 4772 fine
454 4719 548 4775 subdit
566 4739 572 4776 ;
594 4745 603 4766 ι
620 4721 773 4776 Translatio
788 4722 875 4777 sancti
888 4722 931 4778 Se-

133 4791 253 4848 bastiani
275 4790 414 4860 martyris.
432 4813 441 4834 ·
464 4789 527 4844 Hane
542 4798 583 4845 est
597 4806 678 4862 quarn
693 4791 752 4846 dixi
768 4808 783 4847 a
798 4792 931 4848 Wandal-

133 4863 212 4920 herto
227 4860 353 4917 versibus
365 4859 503 4914 decantari
520 4860 572 4916 hoe
588 4861 670 4917 modo
685 4880 690 4917 :

229 4951 408 5002 Sebastianum
419 4950 505 5012 quinis
517 4949 686 5009 celebramus,
698 4949 730 4999 ab
742 4950 813 5000 Urbe

227 5013 403 5074 Translatum,
421 5011 523 5075 pruspriu
536 5025 586 5072 quo
599 5011 697 5061 Gallica
714 5028 771 5061 rura
784 5021 890 5072 patrono

226 5077 371 5128 Exsrrltnnt.
386 5076 478 5136 ingens
490 5075 615 5135 templum
635 5076 675 5122 eui
688 5080 771 5127 suren
783 5076 807 5123 in
821 5090 882 5135 ονε,

229 5142 395 5200 Antiquuque
412 5143 494 5185 nitent
512 5138 639 5198 aequantia
655 5137 768 5185 eulmina
780 5139 855 5188 lustu.

131 5219 261 5294 Sequitur
276 5219 306 5274 in
327 5217 459 5290 praedicto
473 5215 567 5272 codice
587 5234 592 5271 z
617 5216 671 5271 «ln
688 5217 792 5286 Africa,
806 5219 929 5276 Successi

132 5293 251 5370 episcopi
266 5299 294 5347 et
308 5290 438 5364 martyris
452 5297 479 5345 et
491 5288 609 5343 aliorum
624 5288 723 5360 viginti
734 5299 863 5362 quatuor.
874 5294 929 5346 An·

131 5363 277 5431 trocheum,
292 5361 439 5417 Aherontii
457 5359 588 5433 martyris
610 5367 637 5415 et
651 5360 769 5417 aliorum
785 5378 894 5418 norem.
911 5388 920 5411 ›

131 5430 195 5486 Haec
209 5448 243 5485 ex
257 5433 481 5504 Hieronyrnianis
491 5431 662 5487 emendanda
674 5440 748 5488 sunt.

166 5501 319 5558 Punsrnun.
335 5505 451 5575 primam
476 5504 515 5560 sic
538 5503 644 5559 refert:
670 5504 804 5559 «Natalis
827 5511 927 5561 sancta

948 4225 1108 4297 Csignatus
1124 4227 1153 4283 P.
1170 4226 1196 4283 5.
1211 4228 1312 4285 Omnes
1326 4230 1500 4287 conveniunt
1511 4230 1540 4286 in
1557 4229 1609 4288 hac
1624 4231 1782 4290 additione:

998 4299 1057 4352 «ln
1081 4298 1183 4367 dirim,
1208 4308 1366 4356 sanctorum
1391 4302 1474 4370 Petri,
1504 4303 1643 4371 Successi,
1673 4304 1783 4372 Bessini

990 4368 1129 4450 Purpbirii
1140 4377 1167 4425 et
1178 4370 1289 4427 Urbani.
1304 4397 1313 4418 »
1330 4372 1426 4445 Aliqui
1437 4389 1472 4428 ex
1484 4373 1528 4430 his
1540 4373 1670 4431 scribunt
1685 4376 1783 4443 Brasiai,

990 4448 1016 4495 et
1032 4449 1166 4497 omittunt
1180 4448 1213 4497 et.

1025 4512 1202 4569 &aruceus
1220 4515 1273 4569 «ln
1288 4515 1561 4587 Hispaniis„sanctae
1576 4518 1721 4575 Leucadiae
1736 4518 1784 4574 sir·

989 4582 1070 4653 ginis,
1093 4601 1154 4655 quae
1170 4585 1242 4666 apud
1261 4585 1406 4642 Thaletum
1428 4587 1577 4644 durissima
1603 4589 1723 4646 carceris
1735 4605 1784 4645 ma·

987 4655 1575 4729 cerationelaniata,impollutumChristos
1596 4659 1694 4718 iritum
1702 4659 1782 4717 reddi·

987 4723 1039 4780 dit.
1062 4725 1257 4796 petragoricas,
1275 4729 1363 4785 sancti
1389 4728 1521 4802 Cypriani
1543 4730 1578 4787 ab
1617 4733 1664 4802 tis,
1684 4730 1783 4803 magni·

987 4794 1047 4852 ficae
1061 4796 1215 4853 sanctitatis
1229 4797 1294 4867 viri,
1309 4799 1484 4857 conlassoris.
1500 4826 1509 4850 ι

1022 4866 1200 4948 Bnunnmeu.
1217 4867 1332 4950 incipit:
1351 4872 1475 4941 «Romae,
1487 4871 1651 4932 Melchiadis
1666 4889 1743 4948 pape
1757 4880 1781 4930 et

985 4938 1183 5017 anartyrrs,!qui
1198 4940 1345 4997 constituit
1368 4942 1490 4999 utnulla
1512 4944 1623 5002 ratione
1642 4944 1784 5003 Dominict

985 5008 1029 5064 dre
1049 5010 1187 5079 yeyunium
1211 5019 1346 5083 ageretur,
1370 5012 1434 5086 quia
1459 5030 1491 5070 eo
1517 5015 1563 5070 die
1588 5016 1690 5090 pagani
1712 5014 1783 5090 quasi

984 5096 1091 5135 sacrum
1104 5079 1242 5152 jejunium
1253 5083 1460 5140 celebrabant.»
1483 5086 1575 5158 Supra
1587 5086 1624 5144 ad
1635 5085 1783 5145 xtanmrii

984 5158 1011 5206 et
1026 5151 1071 5207 die
1086 5154 1211 5233 sequenti
1226 5155 1328 5226 saepius
1347 5156 1475 5213 recurrit.
1491 5157 1585 5229 Pergit
1604 5177 1612 5216 ε
1642 5182 1652 5206 ·
1668 5157 1782 5218 certmst

986 5232 1161 5293 monasterio,
1175 5225 1264 5281 natale
1279 5233 1381 5283 sanctae
1394 5226 1559 5286 Leochadiae
1573 5229 1706 5303 virginis.
1720 5230 1782 5298 Quae

983 5294 1153 5375 apraetecto,
1171 5320 1180 5342 ι
1203 5304 1268 5363 etc,
1278 5312 1355 5368 pure.
1369 5297 1550 5357 Advertehic
1564 5298 1690 5360 indicari
1697 5314 1782 5359 cuno

982 5363 1061 5420 bium
1072 5365 1147 5438 quod
1160 5366 1245 5439 uulgo
1259 5368 1348 5425 sancti
1363 5368 1469 5426 Gisleni
1489 5369 1606 5438 dicitur,
1659 5385 1783 5446 ooorpur

983 5451 1018 5490 ex
1027 5436 1158 5518 Hispania
1172 5437 1287 5495 allatum
1302 5449 1466 5511 memorant,
1481 5456 1518 5498 au
1533 5449 1598 5515 post
1607 5386 1782 5501 ffinamn

983 5505 1081 5577 latum,
1096 5507 1275 5581 disceptatur.
1373 5509 1451 5568 'turz
1473 5537 1484 5561 ι
1501 5512 1534 5570 lu
1555 5512 1666 5584 Atrius,
1679 5521 1782 5573 melo

129 5570 449 5646 Leuclradiaevrrginis.»
468 5577 499 5631 ln
509 5576 595 5632 alteru
606 5576 688 5648 paulo
699 5574 811 5647 propius
825 5576 859 5631 ad
875 5592 926 5648 pu·
942 5588 966 5648 ι)
981 5592 1043 5633 rum
1058 5586 1130 5636 mart
1150 5595 1212 5637 rum
1235 5579 1320 5653 Petri,
1355 5583 1472 5654 neceam,
1495 5581 1605 5642 Βιεείῖιί
1632 5584 1674 5643 Pe
1709 5583 1781 5654 utsii,

128 5641 239 5697 ritatem
254 5644 369 5700 accedit.

161 5712 520 5784 maturandum-Lunna,
547 5718 729 5785 basenens,
760 5718 925 5776 durusne.-

123 5784 212 5855 llax,
228 5799 292 5842 cum
308 5799 356 5840 sex
368 5786 512 5844 codicibus
526 5786 624 5846 medie
638 5795 722 5859 note,
734 5797 762 5845 et
775 5789 921 5849 Bicorrau.
978 5789 1043 5862 tint,
1053 5790 1102 5852 lid

981 5647 1095 5720 ursan,
1136 5650 1235 5711 rama
1248 5602 1782 5740 namnumrqaaeoelrsssnaa

979 5736 1043 5777 rum
1056 5727 1212 5779 mmmm
1224 5720 1363 5778 lierontrl.
1373 5722 1523 5797 Pomm,
1530 5724 1670 5800 slim,
1685 5724 1783 5813 Vnius·

1466 5794 1797 5877 Htw
