3834 6136
53 217 108 275 eoi
593 217 911 276 ninrrnonocinii.
932 249 967 261 -
991 219 1202 278 naissum.
1587 188 1593 200 ’
1666 228 1720 284 sni

53 343 104 412 ris,
116 341 171 424 tilii
186 340 258 422 regis
268 338 426 421 Dritonuiii,
441 339 589 423 peregrini.
606 343 637 422 ln
651 342 791 424 territorio
801 345 861 401 Ar·
875 350 901 407 Α
914 344 1043 402 Mardarii
1059 347 1193 404 etOresti.
1210 371 1219 392 ·
1237 346 1306 402 Turn
1319 347 1394 419 typis
1403 347 1576 406 minoribus:
1593 375 1602 396 ι
1617 351 1717 421 Nicea),

53 424 247 489 gentinensi,·
275 418 327 466 etc.
344 419 375 466 iit
390 427 419 465 iii
437 428 533 482 priori.
556 437 564 459 ·
583 414 633 468 Dic
647 412 754 470 decinia
768 415 859 485 tertia,
915 418 1002 474 sancti
1017 418 1103 486 Bassi,
1120 418 1167 490 qui
1182 418 1292 474 duobus
1306 419 1393 474 clavis
1407 420 1558 476 transfixus
1570 421 1686 480 interiit.
1701 448 1710 471 2

52 495 216 544 sauctorum
235 492 391 555 martyrum
410 483 555 552 Eustratii,
570 484 715 554 iuuenili,
731 487 860 560 Eugenii,
914 488 1038 561 Denique
1050 489 1198 562 dejejunio
1208 489 1308 548 decimi
1322 490 1434 560 mensis,
1448 498 1479 547 nt
1492 507 1589 563 snpra.

779 618 993 634 m

53 667 124 724 ΧΙΧ
137 664 207 722 Kal.

85 756 171 830 Apud
181 754 317 828 Cyprum,
331 752 432 809 natalis
452 752 526 810 beati
541 752 708 826 spiridionis
718 757 851 829 episcopi,
867 757 915 832 qui
929 773 1001 815 unus
1016 756 1071 814 luit
1085 757 1191 815 exiliis
1214 759 1424 817 contessoribus
1438 772 1507 832 qnos
1521 758 1717 831 Maximianus,

51 847 162 907 dextris
177 844 268 903 oculis
282 843 398 913 effossis,
419 852 446 899 et
460 843 574 900 sinistro
583 843 688 916 poplite
701 846 818 914 succiso,
832 863 881 921 per
894 849 1005 904 metalla
1018 849 1208 919 damnaverat,
1219 852 1322 925 quique
1336 868 1399 908 cnm
1411 849 1720 923 propheticsmduceret

52 939 153 1006 vitam,
170 935 253 993 etiani
265 933 408 1006 signorum
424 934 510 1007 gloria
523 932 638 992 inolitus
657 935 721 991 init.
733 935 922 1005 Alexandriae,
935 946 1094 996 sanctorum
1109 946 1264 1012 martyrum
1289 939 1418 1008 licronis,
1433 939 1553 1008 Arsenii,
1569 939 1668 995 Isidori
1691 946 1718 996 et

52 1031 180 1088 Dioscori
198 1027 287 1101 pueri,
303 1043 373 1098 qnos
385 1025 533 1098 judexsub
547 1026 738 1099 persecutione
752 1027 872 1086 Deciana
886 1027 971 1085 variis
987 1029 1132 1085 tormentis
1148 1029 1296 1098 dilanians,
1312 1045 1375 1087 cuin
1390 1029 1450 1102 pari
1466 1028 1548 1085 modo
1562 1027 1718 1097 constantia

52 1122 119 1179 fidei
134 1119 243 1177 videret
261 1128 390 1185 armatos,
403 1117 475 1174 tradi
490 1118 600 1191 ignibus
611 1119 701 1191 jubet.
717 1120 865 1178 Dioscorus
879 1138 945 1178 vero
961 1120 1325 1194 multipliciterilagelletus,
1342 1120 1441 1176 divino
1456 1128 1527 1175 nutu
1541 1118 1576 1174 ad
1594 1119 1716 1175 consola·

56 1212 160 1268 tionem
177 1209 304 1265 fidelium
319 1215 360 1264 est
372 1206 512 1264 dimissus.
529 1208 560 1264 lii
576 1208 735 1278 Antiochia,
749 1211 849 1266 natalis
861 1217 1019 1267 sauctorum
1035 1217 1188 1281 martyrum
1202 1209 1296 1278 Drusi,
1311 1208 1424 1276 Zosimi,
1444 1215 1472 1264 et
1483 1206 1631 1263 Theodori.
1647 1208 1716 1264 Item

54 1299 160 1368 Remis,
175 1298 267 1372 passio
282 1296 370 1354 sancti
385 1296 488 1354 Nicasii
502 1297 625 1370 episcopi
640 1307 667 1354 et
681 1299 823 1372 Eutropiae
837 1299 955 1372 virginis
968 1299 1071 1357 sororis
1085 1296 1218 1371 ejusdem.

827 1423 947 1480 NOTAE.

92 1524 139 1580 Ex
149 1524 269 1590 Prolem,
284 1520 434 1590 Heroden,
445 1521 680 1595 autumn-diui,
695 1524 828 1595 Antuerp.
844 1531 872 1580 et
885 1523 1083 1592 Meminisse,
1101 1523 1248 1592 Munerat,
1263 1523 1362 1592 Belin,
1379 1522 1489 1580 (irenen
1500 1529 1527 1578 et
1540 1522 1643 1580 Moiun.

672 1649 875 1708 vaninitatis
894 1648 1101 1706 LECTIONES.

97 1751 209 1822 Cipriim
222 1748 346 1807 scribunt
360 1748 406 1805 liic
420 1748 563 1806 llerinieu.
575 1758 602 1806 et
616 1750 856 1822 Aninerp.-Maj.;
872 1765 896 1825 B
911 1750 1050 1819 Hysidori,
1062 1749 1165 1817 Dursii',
1178 1748 1310 1816 Nicbosii,
1320 1757 1372 1805 eto.
1389 1750 1442 1806 Per
1453 1749 1561 1805 metalla
1577 1749 1716 1804 damnove·

55 1823 160 1878 melius
173 1822 264 1878 ceteri
274 1835 380 1876 omnes.
392 1820 613 1878 lulluneratest
623 1821 775 1893 spiridonis
786 1822 858 1887 ;ine-
913 1828 968 1889 rut,
984 1820 1092 1893 phrasis
1108 1828 1149 1876 est
1159 1820 1263 1887 Rufini,
1277 1827 1384 1875 servata
1404 1819 1438 1876 ab
1453 1821 1560 1879 Adone.
1578 1828 1605 1877 et
1619 1836 1654 1875 cx
1664 1820 1717 1876 lioc

55 1894 132 1967 ptius
142 1892 172 1947 in
183 1891 292 1961 Belino,
317 1892 336 1948 S
359 1891 569 1965 'lidiouisquod
593 1893 623 1948 in
637 1893 723 1948 altera
737 1892 859 1948 editione
914 1892 1042 1947 aNostro
1070 1891 1221 1964 descripta;
1246 1889 1468 1963 namorp-Mai.
1493 1890 1592 1948 maluit
1616 1906 1717 1962 ponere

56 1971 212 2022 correctum
227 1971 277 2020 est.
291 1963 324 2019 Se
358 1962 555 2034 ignoscendum
575 1964 632 2019 anti
655 1963 860 2044 uioribns,quas
914 1965 1080 2043 dampnavit.
1094 1961 1183 2017 Belin.
1198 1961 1273 2031 legit,
1289 1979 1348 2016 cum
1360 1962 1424 2032 pari
1445 1962 1593 2016 constontic
1606 1961 1716 2030 videret,

57 2035 293 2108 typographorum
305 2034 412 2090 incuria
422 2035 543 2092 vitiavit.
555 2034 601 2092 Sic
612 2035 641 2091 in
675 2034 749 2090 elino
760 2036 861 2106 legitur
916 2033 1015 2089 melius
1039 2033 1068 2088 in
1087 2040 1177 2088 textu.
1194 2033 1329 2113 Antuerp.
1345 2032 1410 2104 legit
1424 2033 1522 2100 Reium,
1537 2037 1718 2096 sanctorum;
1758 2070 1761 2075 ·

53 2108 151 2180 pollice
183 2106 335 2178 ropopiitr,
352 2106 425 2178 quod
454 2106 536 2162 etiem
565 2106 648 2163 habet
676 2106 793 2162 Greven.
816 2106 862 2162 Sic
915 2103 1717 2174 Man-Lumo,Remispussioeonctorum:blolanautem

57 2179 148 2252 aliqui
161 2123 283 2236 Batiana
297 2193 347 2249 pro
370 2178 499 2246 Deciano,
527 2177 569 2235 sic
595 2178 712 2245 Artenii,
743 2176 860 2242 Ysidori,
915 2185 979 2232 ante
994 2175 1134 2247 Eutropio
1148 2174 1246 2230 inserit
1259 2174 1373 2231 titulum
1387 2180 1494 2230 sancte.

1607 671 1658 728 Dte
1675 671 1718 729 it.

731 2298 1037 2358 OBSERVATIONES.

93 2399 213 2457 Rufinus
225 2397 355 2455 Historiae
383 2397 455 2453 libro
469 2414 499 2465 x,
514 2413 574 2471 cap.
593 2398 620 2467 li,
638 2406 749 2454 narrata
768 2397 864 2478 Paph-
919 2413 1036 2470 qnorum
1051 2398 1110 2453 sola
1123 2397 1237 2452 nomina
1250 2412 1389 2468 superesse
1403 2395 1543 2463 videntur,
1566 2396 1597 2450 in
1613 2395 1717 2475 Hiero-

58 2470 130 2527 nutii
146 2471 181 2527 AE
238 2469 692 2542 tiigloriosaconfessione,utpote
704 2470 752 2543 qui
763 2470 864 2525 exiliis
918 2468 1058 2541 nyniianis
1071 2468 1191 2541 primurn
1207 2468 1328 2537 signata;
1343 2466 1391 2523 sed
1402 2483 1434 2522 eo
1451 2465 1541 2533 modo,
1556 2474 1588 2522 nt
1599 2464 1717 2522 dubium

58 2542 149 2599 inerat
161 2559 208 2613 qui
235 2543 319 2597 ratris
330 2541 413 2596 ocutis
422 2541 521 2611 effossis
531 2547 555 2595 et
572 2540 681 2596 sinistro
690 2541 788 2612 poplite
807 2557 862 2594 inc·
917 2540 1179 2612 relinquantntriim
1192 2540 1308 2606 Drusus,
1323 2539 1367 2593 vel
1381 2537 1511 2606 Drusiana,
1529 2536 1584 2603 vel,
1605 2544 1637 2592 ut
1656 2536 1717 2592 vult

58 2615 121 2683 eise,
134 2631 184 2686 per
197 2615 305 2669 metuito
318 2611 438 2668 damnati
459 2611 578 2682 suerunt,
596 2620 678 2684 caput
704 2611 863 2669 immediate
918 2611 1099 2678 castellanus,
1112 2610 1251 2674 Drosi'des
1266 2609 1335 2665 duos
1349 2625 1384 2664 an
1399 2616 1455 2664 tres
1469 2608 1559 2663 socios
1569 2606 1715 2662 babuerit:

61 2684 413 2758 subseqnenssioorditiir:
430 2685 696 2741 Errorumnumero
717 2690 741 2738 et
760 2683 863 2754 siquid
917 2683 950 2738 ln
974 2683 1125 2750 Antiochia,
1148 2680 1232 2736 Drusi
1258 2686 1282 2734 et
1308 2683 1441 2734 sociorum
1468 2678 1524 2747 ejus
1551 2695 1660 2732 numero
1687 2695 1718 2758 iii

61 2757 147 2812 minuc
160 2757 324 2823 eminentius,
339 2755 422 2826 [uisse
435 2755 534 2811 dicitnr
552 2756 631 2810 etiam
652 2755 802 2826 Spiridoni',
819 2754 861 2811 Ci·
916 2754 1018 2809 Zosimi
1027 2761 1051 2808 et
1073 2752 1201 2808 Theodori
1214 2758 1238 2806 et
1260 2757 1356 2807 sauctae
1368 2751 1456 2807 Lucio
1467 2749 1586 2820 uirginis.
1599 2749 1655 2804 Alii
1668 2749 1717 2804 ali·

96 2829 139 2882 iiis
152 2829 296 2900 episcopus,
306 2828 349 2882 uir
361 2844 430 2882 unus
446 2844 479 2882 es
493 2827 585 2882 ordine
592 2827 795 2899 prophetorum,
807 2833 859 2882 etc.
916 2832 958 2880 ter
968 2825 1096 2892 eliciunt,
1107 2831 1134 2880 et
1149 2824 1229 2878 aliter
1243 2831 1399 2890 numerant,
1417 2836 1505 2893 neque
1512 2836 1556 2876 res
1567 2819 1634 2900 satis
1643 2835 1717 2876 coni·

58 2846 293 2957 {lincallomani
305 2899 382 2971 parvi
392 2907 503 2955 auctore
513 2905 667 2955 extractum
688 2914 800 2964 nornen,
815 2895 861 2953 cni
916 2897 1039 2968 ponitur,
1058 2895 1113 2951 nisi
1127 2910 1189 2951 cnm
1205 2895 1329 2949 Romano
1344 2894 1472 2964 legatur:
1504 2893 1537 2946 ln
1567 2891 1717 2958 Antiochia,

61 2971 114 3026 hoc
128 2970 173 3025 die
183 2971 277 3026 locum
286 2969 315 3024 in
329 2970 415 3026 Fastis
424 2970 686 3026 nostristribueret:
710 2971 744 3026 ln
760 2969 858 3039 Cypro,
915 2969 1004 3022 nutele
1018 2967 1103 3023 Drusi
1115 2972 1139 3019 et
1152 2965 1285 3020 sociorum
1299 2964 1357 3033 ejus
1372 2963 1504 3019 Zosimiet
1530 2961 1669 3017 Theodori.
1684 2961 1720 3016 Et

59 3130 78 3167 11

60 3183 200 3238 bucnero
215 3180 351 3238 Usuardus
361 3190 443 3239 totam
468 3185 708 3240 annuntiationem
726 3200 803 3240 snam
819 3182 864 3238 de·

59 3254 185 3325 scripsit.
201 3253 283 3308 Plura
296 3252 329 3308 de
337 3253 494 3325 Spiridione
504 3255 533 3310 in
541 3256 625 3313 citato
633 3255 784 3334 capitelegi
804 3270 864 3325 pos·

59 3332 136 3391 sunt,
152 3325 235 3395 plura
247 3323 318 3396 apud
334 3325 482 3393 Socratem,
499 3327 681 3382 Sozoinenum
693 3334 720 3382 et
734 3327 812 3391 alios,
829 3341 864 3379 ex

60 3395 162 3469 quibus
174 3395 266 3450 Vitam
277 3412 354 3451 suain
370 3396 502 3453 Gallicam
513 3400 658 3453 conterruit
668 3396 865 3452 Tiliemoiitius

59 3476 137 3524 torno
152 3467 212 3535 Vll,
229 3482 244 3522 a
260 3483 321 3540 pag.
336 3467 398 3534 tia,
416 3484 472 3523 non
483 3485 565 3523 ansus
579 3468 663 3523 fidere
680 3467 752 3523 Vitae
775 3467 866 3522 bleta-

62 3538 211 3611 phrasticae
226 3538 299 3610 apud
314 3538 427 3594 Surinin
439 3538 519 3593 editae
533 3557 538 3593 :
552 3538 616 3594 licet
628 3538 674 3593 liic
685 3537 800 3593 fortasse
811 3553 865 3591 nie·

62 3610 161 3667 tricam
173 3608 311 3677 habuerit,
329 3625 411 3681 quain
427 3625 442 3663 a
457 3609 503 3664 Tri
525 3607 624 3680 hyllio,
641 3608 810 3680 spiridionis
824 3607 865 3663 di·

62 3681 363 3753 scipulo,oompositain
373 3681 480 3735 volunt.
511 3680 663 3752 idequaade
677 3680 748 3737 Vitis
763 3679 865 3736 Graecis

62 3751 136 3824 apud
144 3768 195 3808 nos
215 3752 388 3807 exstantibus
405 3751 513 3808 notavit
527 3750 731 3824 Papebrochius
754 3769 795 3807 iiii
814 3752 865 3807 De·

60 3821 192 3890 cembris,
208 3823 242 3880 ad
262 3823 461 3878 Kalendarium
476 3822 715 3880 Gracc-Moscum
732 3840 764 3896 pa
786 3867 791 3878 .
818 3839 864 3889 nv,

60 3901 90 3950 et
98 3902 179 3950 notas
191 3894 364 3950 'l'illemontii
375 3894 460 3950 citato
469 3893 613 3962 tomonI,
625 3913 640 3950 a
668 3911 711 3967 ag.
725 3841 787 3951 oud.
799 3894 865 3950 Ver·

59 3982 125 4022 suin
139 3964 341 4032 wandalberti,
361 3966 409 4038 qui
435 3964 621 4035 spiridionem
648 3912 758 4022 dicasio
786 3973 867 4037 post-

60 4037 167 4110 posuit,
184 4037 257 4093 inlra
270 4037 464 4108 producemus.

98 4108 230 4164 Fecunda
241 4108 392 4179 Martyrum
408 4124 494 4179 seges,
516 4105 626 4163 laudata
639 4105 723 4162 toties
737 4105 866 4178 Dionysii

60 4179 248 4235 Alexandrini
261 4179 387 4249 epistola,
401 4178 473 4260 apud
484 4178 615 4235 Rufinum
631 4178 701 4233 libro
713 4195 751 4246 vi,
763 4194 822 4259 cap.
839 4177 865 4244 3,

61 4259 210 4324 sequentes
230 4258 348 4323 quatuor
358 4251 465 4321 pugiles
477 4249 683 4306 Alexandrinos
697 4256 803 4305 auctori
816 4249 867 4305 llo·

62 4323 139 4376 niani
156 4320 234 4393 parvi
257 4321 401 4394 suggessit,
419 4321 442 4376 is
457 4321 491 4376 ad
507 4321 582 4377 huno
596 4320 669 4376 diem
686 4337 736 4392 pro
753 4335 802 4375 sua
820 4336 867 4375 aii·

62 4392 192 4449 ctoritate
206 4392 302 4447 retulit
319 4392 439 4447 secundo
454 4392 515 4447 loco
528 4409 533 4446 :
548 4391 731 4459 alexandrie,
743 4391 866 4458 linono,

61 3042 228 3168 Sssiridiom's
248 3040 333 3110 episco
351 3040 371 3108 i,
387 3040 487 3097 ibidem
502 3043 604 3114 reperit
622 3042 695 3108 Ado,
711 3056 766 3113 quo
780 3039 863 3112 paulo
918 3037 957 3094 sic
968 3038 1052 3094 etiam
1063 3036 1176 3104 alicubi,
1193 3036 1267 3092 hand
1279 3035 1373 3103 dubie,
1385 3035 1487 3106 reperit
1497 3034 1651 3089 Romanuin
1659 3048 1719 3104 par·

100 3112 178 3167 erius
193 3112 304 3165 admira<
370 3111 536 3167 beatitudinis
550 3114 639 3168 uirum
649 3120 814 3179 exornaret;
830 3126 865 3167 ex
880 3113 902 3173 G
919 3127 997 3177 vuin,
1013 3109 1080 3164 dnm
1090 3124 1137 3164 eos
1147 3107 1236 3179 primo
1248 3109 1308 3163 loco
1327 3105 1448 3177 signavit
1467 3104 1511 3159 his
1534 3103 1645 3159 verbis:
1664 3103 1718 3157 An·

921 3181 1127 3247 tioctioe,Drusi‚
1139 3178 1242 3233 Zosimi
1256 3182 1281 3231 et
1299 3176 1437 3232 Theodori.
1451 3176 1507 3231 Neo
1518 3174 1597 3245 plura
1612 3173 1720 3229 invenit

919 3251 1123 3323 Martyrologns
1139 3246 1316 3314 Viennensis,
1331 3263 1365 3302 eii
1376 3262 1430 3318 quo
1440 3253 1515 3302 totus
1525 3253 1617 3301 textus
1629 3251 1721 3300 noster

920 3321 1053 3378 hactenns
1068 3320 1220 3376 translatus
1229 3326 1281 3374 est.

955 3391 1155 3461 Nimsius,lioet
1166 3391 1195 3445 iii
1205 3387 1431 3469 Hieronymianis
1448 3387 1612 3457 reperiatur,
1628 3393 1659 3441 ut
1674 3384 1720 3441 hio

920 3473 1012 3521 tamen
1022 3479 1086 3519 cuin
1096 3477 1190 3517 sorore
1199 3457 1611 3530 Eutropioconjungitnr,plane
1621 3457 1720 3513 Usuar·

920 3535 1003 3592 dinus
1015 3541 1065 3601 est,
1082 3533 1110 3588 in
1126 3530 1232 3589 Adonis
1247 3530 1401 3602 appendice
1423 3546 1565 3601 perperam
1585 3528 1720 3599 Lugdnno

919 3606 1064 3678 ascriptus.
1081 3603 1156 3660 Flori
1166 3602 1254 3658 nostri
1269 3603 1351 3674 paulo
1367 3601 1486 3673 amplior
1500 3599 1610 3683 phrasis
1629 3598 1720 3655 socios

920 3677 995 3734 cives
1009 3678 1039 3732 in
1066 3675 1160 3732 eadem
1191 3673 1371 3730 barbarorum
1412 3680 1562 3728 russatione
1586 3676 1721 3726 mactetos

920 3755 1084 3806 annumerat
1100 3745 1257 3814 :llabanus
1272 3689 1507 3817 compendiosior,
1518 3760 1568 3816 pro
1585 3741 1722 3812 Eutropio

921 3821 974 3877 scri
995 3821 1031 3876 sit
1047 3820 1166 3901 Socrepi
1182 3818 1227 3873 rel
1244 3817 1335 3889 potius
1347 3832 1448 3872 nomen
1462 3816 1515 3872 lioc
1529 3815 1585 3871 alio
1594 3820 1721 3886 spectans

920 3909 955 3948 ex
973 3838 1075 3948 diaron
1100 3889 1199 3946 mianis
1223 3887 1370 3961 descripsit
1394 3897 1420 3944 ct
1444 3886 1552 3944 Nicasio
1580 3899 1721 3958 perperam

920 3963 1062 4035 adjunxit.
1073 3909 1192 4020 demina
1212 3960 1246 4018 de
1259 3959 1362 4017 Nicasii
1377 3958 1572 4031 sociorumque
1587 3955 1722 4037 martyrio

920 4039 990 4091 Acta
1004 4033 1092 4090 edidit
1120 4033 1228 4099 Suriae,
1242 4033 1328 4089 altera
1350 4030 1408 4088 anti
1428 4030 1506 4087 uiora
1533 4036 1561 4085 et
1582 4027 1720 4093 breviora,

921 4105 1047 4185 longiora
1066 4104 1152 4158 altera
1166 4101 1347 4157 aFlodoardo
1355 4047 1565 4173 quadringentis
1575 4107 1724 4180 postmar-

920 4185 1027 4247 tyrium
1038 4173 1120 4229 annis
1129 4171 1328 4242 composita,de
1337 4172 1517 4295 quornmfide
1527 4179 1554 4227 et
1564 4174 1723 4226 sinceritate

922 4247 969 4303 hic
991 4242 1167 4302 statuendum
1192 4257 1247 4297 non
1271 4249 1321 4297 est.
1358 4249 1414 4297 atet
1428 4240 1531 4296 Nicesii
1549 4241 1641 4295 cultus
1664 4245 1724 4294 tota

922 4316 1021 4383 Gallia,
1038 4313 1190 4387 praesertim
1214 4312 1244 4368 in
1273 4310 1417 4383 provincia
1431 4310 1591 4375 Rhomensi,
1607 4314 1634 4362 et
1658 4307 1723 4362 inde

923 4396 981 4444 toto
996 4387 1078 4443 otiam
1095 4384 1189 4454 Belgio
1202 4381 1409 4439 celeberrimus.
1425 4381 1569 4438 Metricnm
1585 4376 1723 4434 Wandal-

63 4463 184 4531 Arsenii,
200 4469 226 4517 et
242 4464 342 4519 Isidori
356 4470 379 4517 et
395 4462 525 4519 Dioscuri.
542 4462 662 4534 Longius
682 4461 788 4518 Adonis
802 4461 905 4528 elo-D
924 4458 996 4515 berti
1017 4457 1137 4528 elogium
1158 4453 1198 4509 sio
1225 4452 1366 4510 Nicasium
1389 4468 1452 4509 cuin
1481 4449 1639 4524 Spiridioue
1667 4447 1723 4503 bo-

64 4534 141 4604 ginm
156 4550 191 4589 ex
206 4533 306 4591 Rulino
320 4536 419 4589 iteruin
445 4542 588 4606 acceptum
611 4541 662 4600 est,
688 4541 813 4589 nostruin
831 4547 867 4588 ex

63 4605 214 4661 Adoniano
222 4607 288 4661 satis
299 4605 386 4661 nitide
396 4612 581 4661 contractum.
594 4603 655 4659 Non
665 4605 755 4676 potuit
763 4603 865 4660 sanctis

64 4674 125 4732 illis
139 4676 239 4732 melior
254 4676 434 4733 encomiastes
448 4676 591 4747 obtingere
606 4675 737 4748 quamsit
751 4674 865 4731 Eusebii

64 4745 196 4807 historia.
216 4748 277 4805 Non
290 4748 329 4804 ita
358 4756 449 4805 actuin
471 4763 534 4804 cuin
560 4746 648 4802 tribus
672 4746 864 4816 Antiochenis,

926 4537 1007 4586 norat
1025 4548 1030 4585 :

981 4625 1085 4676 Nonum
1096 4638 1154 4675 cuni
1166 4622 1267 4674 decimo
1283 4621 1345 4674 dani
1363 4621 1394 4672 de
1408 4635 1479 4671 more
1490 4617 1622 4668 Kalendas

981 4690 1030 4748 Qui
1048 4697 1132 4752 vocat,
1146 4687 1255 4737 antistes
1274 4686 1396 4737 Nicasius
1410 4692 1487 4746 unget
1502 4685 1617 4742 bonore;

982 4750 1166 4816 spiridionque
1181 4749 1223 4800 die
1240 4750 1335 4815 praesul
1349 4748 1496 4799 celebratur
1511 4743 1613 4799 eodem.

800 4869 991 4931 lucianii.

99 4971 261 5029 'sonnacium
277 4981 350 5029 caret
359 4972 570 5028 annuntiatione
581 4973 680 5045 prima,
700 4972 816 5029 mutilus
825 4980 867 5029 est

62 5044 95 5100 in
110 5043 242 5112 secunda,
257 5061 342 5117 purus
357 5045 385 5099 iii
401 5045 467 5100 solis
478 5045 584 5101 duabus
599 5043 715 5100 ultimis.

101 5116 253 5173 lloswiirii.
283 5124 325 5171 ost
337 5116 528 5172 Antiochenos
537 5116 626 5171 textui
636 5115 751 5171 inserit:
777 5115 866 5186 ‹Lug-

63 5185 146 5256 duni,
163 5132 383 5244 sanctiiiatoris
400 5189 532 5262 episcopi.
559 5212 569 5235 ι
601 5189 641 5243 De
663 5186 759 5243 eodeni
783 5193 868 5267 agunt

42 5304 45 5309 .
63 5259 167 5315 Florus
181 5266 211 5315 et
222 5258 361 5315 Dabanus.
379 5258 468 5316 Tum:
487 5285 497 5309 ‹
518 5258 643 5326 Vienna,
660 5256 787 5329 Lupicini
811 5271 869 5327 epi·

63 5329 144 5402 scopi
154 5337 182 5386 et
195 5329 393 5386 confessoris.»
411 5331 481 5388 Vide
491 5330 634 5390 Rabanum
648 5336 675 5385 et
688 5326 867 5400 appendicem

62 5398 184 5457 Adonis.
200 5400 241 5457 De
256 5409 373 5474 utroque
386 5409 491 5472 sancto,
509 5402 622 5459 Viatore
637 5415 734 5472 nempe
749 5405 776 5454 et
788 5397 869 5469 Lupi·

61 5470 337 5541 cino,iidei·ietiam
365 5468 866 5546 ossuntapographaHieronymiana.

62 5541 303 5627 Dellicasioliaec
362 5542 489 5601 duntur:
512 5542 664 5616 «Episcopi
690 5551 717 5599 et
740 5539 870 5612 martyris

62 5631 130 5675 oiim
144 5630 232 5673 sonus
243 5631 312 5673 suis.
330 5639 339 5661 ·

922 4978 949 5052 et
963 4969 1114 5026 Theodoli.
1132 4994 1140 5017 ·
1162 4968 1366 5026 Alexandrinos
1387 4965 1478 5038 privat
1492 4963 1581 5037 elogio
1595 4966 1622 5014 et
1638 4957 1725 5014 Nica-

922 5059 993 5098 sinin
1009 5058 1113 5098 sorore.
1708 5056 1713 5063 ’

957 5111 1418 5170 Aiiruuan.·bl.iii.-Uirniiricr.et
1429 5108 1550 5163 Lirinus.
1560 5102 1649 5162 textui
1656 5117 1724 5186 puro

923 5183 1074 5255 subjiciunt
1084 5182 1114 5237 in
1128 5183 1183 5238 line
1201 5201 1206 5239 :
1232 5205 1241 5229 ‹
1256 5181 1382 5247 Viennae,
1393 5180 1484 5234 natale
1497 5177 1585 5234 saneti
1595 5177 1724 5247 Lupicini

922 5254 1043 5327 episcopi
1058 5260 1086 5308 et
1095 5253 1273 5310 confessoris.
1290 5277 1299 5300 ι
1334 5249 1410 5307 ldem
1435 5248 1517 5305 habet
1540 5248 1660 5313 bovam,
1677 5242 1724 5300 sed

923 5322 1179 5382 Alexandrinorum
1192 5324 1313 5396 elogium
1329 5327 1442 5378 resecat.

958 5397 1112 5452 manumet
1123 5396 1234 5462 Dario,
1251 5401 1351 5475 preter
1360 5391 1530 5464 jamdictum
1543 5388 1577 5446 de
1587 5387 1725 5461 Lupicino

924 5475 1115 5540 angmentum,
1125 5465 1207 5521 sicde
1228 5464 1338 5521 Nicasio
1356 5470 1382 5518 et
1396 5477 1488 5518 sorore
1498 5458 1623 5517 addunt:
1648 5457 1725 5526 «Qui

924 5540 958 5595 ab
973 5537 1062 5594 Hunis
1076 5536 1168 5608 gladio
1188 5537 1277 5608 capite
1300 5533 1432 5602 truncati,
1449 5532 1599 5606 gloriosum
1614 5537 1726 5603 marty-

924 5610 999 5666 rium
1015 5609 1235 5681 compleverunt.
1252 5632 1261 5655 ι

80 5740 82 5745 .
99 5685 272 5756 Putrem,
288 5686 391 5745 omisso
401 5687 569 5761 Spiridione,
581 5687 621 5743 sic
629 5684 745 5758 incipit:
769 5681 870 5765 «Apud
961 5681 1119 5760 Curionum:
1140 5697 1146 5735 :
1173 5675 1645 5760 ‹npudAntiocbiam,sanctornm
1656 5689 1727 5730 mar·

62 5755 259 5829 mumius,
280 5764 439 5818 sauctorum
457 5767 611 5833 martyrum
624 5753 870 5827 Drusimi,Zosimi
925 5762 1019 5827 tyrum
1039 5751 1132 5820 Drusi,
1141 5751 1245 5809 Zoaiini
1262 5757 1289 5807 et
1301 5747 1641 5810 Theodoli.illexandnae:
1657 5744 1727 5802 boa-
