3834 6136
54 274 110 340 ιιι

584 277 902 346 MARTYROLOGMJM.
921 317 958 332 -
980 286 1085 346 MENS.
1105 284 1202 348 SEP'P.

1658 290 1712 354 490

54 417 130 466 carte
144 406 328 464 dubiumnon
343 412 385 462 est
394 405 461 488 quin
476 406 626 478 Usuardus,
642 411 690 484 qai
705 411 762 469 lero
773 414 860 470 eomi-
879 422 905 482 Α
918 413 1045 472 codicum
1055 414 1167 485 tabulis,
1178 416 1357 488 Dionytiutet
1365 417 1711 479 PrivataaeSiuadensium
1770 476 1774 484 .

56 496 110 537 uus
137 476 330 538 Cordubensia
343 487 496 535 certamina
510 479 629 539 intuitus
652 491 704 553 est,
726 485 861 542 rationem

56 568 107 626 pro
120 566 154 607 eo
168 559 292 622 tempore
311 564 423 620 gravem
439 549 566 608 habuerit
580 569 632 609 car
652 570 716 611 cnm
742 555 794 613 hoe
817 556 862 614 die

91 623 149 680 tias
178 638 260 695 ιιιιιι
276 637 307 676 xt
333 620 425 677 Martii
439 622 595 679 collocaret.
622 627 738 699 Reliqua
772 645 812 684 ua
828 628 862 685 ad

56 639 206 767 ffllogium
217 699 354 765 speciant,
368 690 470 749 videsis
484 694 513 749 in
527 695 605 751 Actis
621 698 723 754 uestris
737 644 770 755 ad
786 716 862 771 pra-

57 766 163 825 dictum
174 764 249 821 diem
260 780 290 819 ιιι
300 762 392 819 Martii
407 773 535 821 accurate
548 773 576 822 et
586 767 737 850 diiigenter
747 771 781 828 ab
792 771 862 827 ileu·

57 837 172 896 tchenio
180 837 329 893 illustrata.
341 835 475 906 Martyres
485 837 608 909 Phrygii,
619 840 671 896 nusi
686 840 863 898 vehementer

58 909 149 977 iallor,
159 924 196 965 ex
207 905 427 978 Hieronymiano
436 906 530 980 aliquo
544 908 639 965 codice
650 912 775 969 accersiti
787 920 862 969 suunt.

58 980 188 1049 ¹l'urbata,
203 978 304 1035 mutila
317 984 345 1033 et
357 977 473 1034 confusa
488 981 622 1036 oonnrrlla
638 981 666 1036 in
682 983 739 1038 illis
754 984 864 1040 codici-

58 1052 108 1110 htts
120 1052 210 1110 bonet
222 1047 389 1123 praecedeuti
404 1049 449 1105 die
464 1051 590 1123 reperiri,
611 1068 770 1124 nuperrime
784 1055 864 1111 indi-

60 1123 192 1181 cavimus.
204 1122 343 1182 Ceterum
352 1135 388 1177 ex
396 1121 529 1179 collatisa
538 1123 712 1181 Florentinio
723 1127 864 1182 variorum

918 503 1033 543 numero
1052 487 1133 544 laeile
1151 495 1297 558 eruuntur,
1317 488 1453 561 quidquid
1478 500 1608 564 corrupta
1627 493 1666 548 ihi
1686 503 1714 551 et

917 557 1012 614 luxata
1024 559 1138 615 nomina
1150 574 1339 631 agnoscamus.
1351 558 1544 617 Gratissimum
1557 563 1609 618 erit
1618 564 1641 619 si
1652 565 1714 637 quis

917 627 950 685 de
966 630 1111 701 postremis
1133 630 1209 686 hisce
1234 630 1405 704 martyribus
1425 643 1604 691 monumenta
1622 635 1714 701 aliqua

917 702 1089 772 suggesserit.
1100 701 1207 758 Cursim
1224 701 1342 775 deniquo
1357 704 1557 761 observandum
1572 715 1614 762 est
1624 705 1716 763 Mola-

918 787 996 840 num,
1022 773 1050 826 in
1080 773 1168 844 prima
1186 773 1307 829 editione
1327 790 1437 846 purum,
1467 777 1496 831 in
1516 778 1715 857 posterioribus

917 844 1090 899 Eustachium
1120 861 1183 900 eum
1204 861 1289 901 uxore
1308 853 1335 900 et
1354 845 1420 902 liliis
1440 855 1528 903 textui
1555 849 1714 918 inseruisse,

918 929 999 1041 guam
1015 915 1229 971 wandalbertus
1243 916 1333 973 selum
1349 917 1438 997 pridie
1451 918 1597 975 cecinerat.
1618 922 1716 977 Florus

938 1001 1005 1041 ιιι
1024 987 1180 1044 meminitr
1210 987 1385 1056 Nouembris,
1406 989 1545 1046 Usuardus
1574 1009 1604 1059 ιι,
1638 992 1716 1065 cujut

918 1057 1050 1128 postremi
1061 1058 1145 1115 verba
1155 1057 1242 1115 codex
1253 1059 1423 1117 Heriniensis
1433 1058 1499 1118 huic
1508 1061 1563 1118 dici
1573 1063 1714 1134 incarnis,

917 1136 949 1184 ut
964 1128 993 1182 ιιι
1007 1129 1147 1186 ancariis
1162 1146 1226 1185 mox
1241 1129 1374 1188 dicemus.

771 1260 963 1319 necatum.

93 1379 340 1445 aasumensi
356 1375 457 1447 passim
474 1376 619 1450 integeret
637 1379 771 1448 sincerus,
794 1381 863 1438 mire

61 1451 145 1509 hodie
160 1450 325 1524 depravatas
339 1456 390 1505 est.
408 1447 524 1519 incipit:
550 1472 558 1495 ι
576 1449 679 1521 Vigilia
693 1452 780 1508 sancti
796 1452 862 1509 Mat·

62 1523 129 1580 thasi
141 1521 258 1594 apostoli
267 1527 293 1576 et
302 1519 488 1591 evangelistae.
501 1543 510 1565 »
525 1520 659 1602 Sequitur
674 1523 762 1594 prima
771 1530 863 1580 textus

65 1592 242 1651 annuntiatio
256 1590 410 1665 purissima.
427 1591 464 1645 At
479 1589 544 1647 dein
563 1593 696 1649 inseritur
710 1594 783 1667 quod
805 1594 862 1667 jam

66 1665 213 1722 dicebam:
246 1663 332 1718 «ltem
346 1658 519 1733 temporibus
538 1663 656 1719 Adriani
677 1665 860 1736 imperatoris,

111 1737 156 1792 sic
178 1735 317 1791 beatorum
341 1733 483 1789 Eustachii
505 1742 689 1805 cognomento
704 1737 822 1794 Placide
836 1735 864 1810 [a

84 1805 200 1880 lucidas]
215 1814 243 1862 et
257 1804 353 1861 uxoris
366 1803 425 1875 ejus
440 1804 583 1878 Theospis,
598 1824 662 1862 oum
676 1807 741 1864 liliis
757 1813 814 1875 Aga
837 1811 862 1865 io

62 1887 88 1936 et
104 1877 265 1950 Theespite,
276 1882 394 1950 quorum
405 1875 468 1932 miri
480 1877 565 1934 hctus
580 1876 741 1951 leguntur.»
764 1826 864 1937 nebit

62 1958 192 2024 preterea
205 1949 235 2004 ia
250 1947 368 2020 Eulogio
384 1946 565 2005 Cordubensi.

94 2023 260 2085 Boenasa,
289 2019 317 2074 in
331 2026 412 2075 textu
440 2035 495 2075 non
511 2021 628 2077 omuino
643 2037 740 2093 purus,
761 2023 791 2080 in
809 2022 864 2080 line

63 2092 172 2151 subdit:
198 2090 327 2163 ‹Vigilia
343 2090 431 2147 sanati
446 2091 569 2148 Matthaei
594 2095 711 2164 apostoli
733 2102 761 2151 et
774 2111 864 2151 evan-

64 2165 175 2240 gelistae.
193 2187 202 2212 ·
226 2162 290 2218 Maec
304 2163 405 2244 sapius
419 2162 490 2218 inlra
505 2164 634 2220 recurrit.

94 2237 253 2295 amoma.
268 2234 384 2307 incipit:
422 2257 432 2282 ι
447 2235 548 2307 Vigilia
565 2237 654 2293 saneti
669 2236 778 2294 Mathai
793 2253 865 2309 apo·
879 2235 903 2297 B
920 2234 1076 2303 Annaeum,
1089 2236 1184 2293 etaim

65 2306 136 2367 stoli.
152 2332 163 2358 ι
179 2306 285 2362 Tantus
300 2305 381 2378 plane
394 2312 540 2363 truncatus
549 2316 599 2376 est,
611 2324 674 2363 nam
686 2324 720 2364 ιιι
730 2326 762 2365 eo
773 2311 863 2365 solutu

64 2379 164 2437 babet:
196 2379 246 2435 «in
261 2376 364 2444 Cizico,
379 2377 479 2434 natalis
493 2387 649 2435 sauctorum
667 2389 857 2453 martyrum»

64 2458 127 2518 ete,
142 2464 231 2525 usque
246 2448 281 2505 ad
296 2448 463 2520 imperatore.
479 2450 585 2506 Desunt
600 2451 705 2523 reliqua
724 2452 827 2506 omnia.

96 2524 243 2580 Αιιτιιιιιιι.
255 2528 282 2576 ιι
292 2519 485 2576 Mam-Lunae.
497 2520 632 2593 Pracipui
647 2530 712 2578 sunt
724 2538 757 2578 ιι
769 2539 864 2578 eorum

64 2608 190 2663 numere,
209 2608 280 2665 quos
299 2589 359 2647 diui
388 2591 505 2647 Usuardi
526 2591 646 2665 phrasim
675 2609 710 2649 ex
729 2593 801 2649 Beda
820 2593 864 2649 vel

65 2665 160 2723 Adone
173 2669 369 2731 commutasse,
386 2660 438 2718 hoc
455 2663 552 2720 modo:
576 2663 625 2719 «ln
642 2663 743 2731 Ciaioo,
758 2674 864 2720 sancto·

65 2745 289 2808 rumarartyrum
302 2735 409 2790 Faustae
421 2733 463 2788 vir
482 2733 536 2790 inis
555 2734 720 2791 etlivilasii.
741 2736 863 2802 Diuorum

65 2810 165 2867 Paasta
173 2805 209 2863 ab
218 2806 315 2863 eodem
326 2804 448 2861 Evilasio
464 2751 605 2862 decalvata
619 2813 645 2861 et
660 2807 693 2862 ad
707 2806 864 2878 turpitudi-

65 2896 125 2938 nem
140 2895 213 2944 rasa,
228 2893 359 2951 suspensa
373 2883 414 2933 est
428 2884 454 2931 et
467 2883 549 2933 torta.
572 2876 677 2950 Deinde
692 2893 754 2934 cum
780 2879 866 2933 vellet

65 2968 123 3010 ιιιι
140 2949 261 3007 mediam
268 2946 426 3015 secare,sed
436 2947 579 3003 carnifices
595 2964 651 3004 non
667 2951 790 3004 valerent
805 2964 864 3004 eam

66 3023 176 3091 ledere,
195 3030 308 3093 stupens
330 3019 469 3076 Evilasius
495 3018 622 3074 credidit.
651 3019 704 3087 Qui
732 3021 813 3076 etiam
850 3036 866 3077 a

65 3093 239 3152 Maxintiano
253 3107 313 3148 cum
328 3090 437 3147 fortiter
450 3097 635 3163 torqueretur,
661 3092 759 3147 Fausta
776 3092 866 3162 capite

65 3167 214 3232 terebrata,
225 3162 309 3219 clavis
323 3169 382 3218 toto
396 3177 510 3232 corpore
524 3162 644 3230 conrixa,
667 3161 760 3235 ignitae
775 3170 867 3218 sarta-

67 3238 122 3312 gini
133 3234 274 3309 imposita,
291 3249 352 3290 cum
364 3233 459 3289 eodem
471 3233 595 3288 Evilasio
610 3249 674 3289 uoce
688 3233 722 3289 de
739 3235 809 3290 caelo
821 3249 866 3288 uo-

67 3305 280 3367 catatrausiit.·
297 3305 366 3363 Delia
376 3321 412 3360 ua
427 3311 519 3360 tentus
534 3321 602 3376 pura
616 3312 691 3370 sunt,
704 3305 750 3360 sed
763 3306 791 3359 iu
814 3303 867 3360 hue

67 3381 217 3453 adjicitur:
240 3379 346 3445 «itero,
362 3322 466 3446 bigita
480 3377 568 3431 saneti
583 3376 683 3432 Mathei
707 3375 834 3447 apostoli.
851 3401 860 3424 t

102 3452 243 3518 Gustata,
255 3449 284 3505 in
296 3456 374 3504 textu
384 3463 478 3519 purus,
496 3448 523 3501 in
540 3447 593 3502 bne
609 3447 692 3502 etiam
707 3446 867 3514 subtlit,sed

68 3531 196 3597 tanquam
218 3519 460 3578 annuntiationem
481 3518 636 3573 adtentum
662 3518 866 3589 pertinentem:

75 3597 179 3663 ιιιιιιι,
194 3592 299 3666 Vigilia
314 3590 401 3647 sancti
416 3588 517 3646 Mathei
533 3587 660 3661 apostoli.
678 3613 687 3637 .

101 3663 351 3731 sarman-trax,
363 3662 522 3716 bernarvet
533 3660 687 3717 Lovasrau.
700 3659 739 3715 ita
747 3659 867 3716 ordiun-

70 3746 114 3795 tur
125 3756 132 3794 :
153 3735 279 3808 «Vigilia
288 3732 376 3791 sancti
385 3731 486 3788 Mathei
497 3733 614 3804 apostoli
624 3739 651 3787 et
661 3732 861 3803 evangeliste.»

69 3808 103 3866 ln
118 3806 228 3865 ceteris
240 3805 369 3862 omnibus
381 3812 437 3861 tres
452 3802 482 3859 hi
498 3803 606 3862 codices
621 3803 799 3861 similsssnnt
813 3804 868 3858 hn-

70 3895 175 3937 uosar.
191 3884 218 3935 et
231 3877 419 3935 Mun-Lasso.

106 3950 277 4009 Uirouesca.
288 3948 318 4004 in
328 3962 385 4004 eoa
399 3947 488 4006 tribus
498 3947 625 4020 proxime
639 3947 795 4020 progressis
808 3945 869 4002 dif-

72 4023 135 4092 lert,
153 4021 229 4096 qood
243 4019 389 4094 Eulogium
405 4021 538 4077 omiserit.

104 4097 267 4151 hunuanus.
293 4099 321 4148 et
348 4094 465 4149 Danaa:
506 4089 633 4163 «Vigilia
658 4089 747 4146 sancti
765 4087 868 4145 Mathai

73 4165 198 4239 apostoli.
230 4165 333 4230 Romae,
353 4163 523 4235 temporibus
548 4160 664 4217 Adriani
684 4161 868 4230 imperatoris,

74 4238 162 4310 passio
177 4236 321 4292 beatorum
341 4234 483 4291 Eustachii
504 4239 685 4306 cognomento
704 4232 820 4300 Placidi,
842 4242 869 4287 et

75 4309 168 4365 uxoris
182 4307 243 4379 ejus
253 4306 395 4378 theospis,
412 4323 473 4362 curn
490 4304 555 4360 liliis
571 4304 674 4375 Agapio
691 4311 718 4358 ιι
732 4303 869 4373 Theospi-

74 4387 110 4449 te,
125 4395 245 4453 quorum
266 4377 329 4433 miri
344 4380 430 4434 Actus
444 4378 582 4449 leguntur.
599 4400 608 4424 ι
634 4373 764 4447 Sequitur
776 4381 869 4429 textus

75 4459 104 4507 ut
116 4452 147 4506 in
160 4449 408 4517 hercana-Max,
424 4457 477 4505 etc.

108 4521 283 4580 autumus
303 4520 423 4592 §Vigilia
439 4519 527 4576 sancti
537 4516 649 4576 Mathai.
663 4515 695 4571 ln
705 4514 869 4588 Frigiasan·

76 4601 181 4650 ctorum
203 4590 322 4648 Diouisii
351 4599 380 4646 et
398 4591 513 4648 Privati.
540 4591 569 4646 ln
589 4588 690 4655 Cizico,
712 4596 869 4643 sanctornm

78 4665 181 4721 Faustae
196 4663 313 4735 virginis
326 4670 354 4719 et
367 4663 494 4729 Evilasii,
509 4661 562 4718 sub
575 4659 744 4717 Maximiano
756 4673 870 4738 nupera·

78 4744 141 4792 tore.
160 4736 227 4791 Erat
249 4744 339 4790 autem
356 4735 454 4791 Fausta
476 4735 566 4805 puella
579 4747 715 4787 annorum
738 4729 868 4786 tredecim

77 4814 101 4861 ιι
115 4806 462 4890 Evilasiusoctogenarius.
479 4803 622 4871 Cordubae,
634 4801 743 4874 Eulogii
758 4801 868 4873 presby·

77 4879 136 4946 teri,
151 4879 189 4934 ob
203 4876 308 4935 Christi
325 4878 406 4933 ladem
421 4876 560 4933 decollati.
578 4900 587 4923 ι

111 4950 314 5006 Danastium:
352 4948 477 5019 «Vigilia
492 4947 563 5003 beati
583 4945 691 5001 Mathai
709 4941 825 5016 apostoli
845 4949 909 5015 etp

77 5021 261 5094 evangeliste.
278 5044 287 5067 ι
308 5021 347 5077 De
355 5021 454 5075 Fausta
463 5027 490 5076 et
500 5018 624 5073 Evilasio
634 5016 719 5071 multa
729 5032 763 5071 ex
775 5015 870 5095 Adone

79 5094 183 5160 miscet,
194 5108 256 5165 quae
265 5091 362 5163 purius
373 5092 444 5163 leges
454 5091 483 5146 iu
496 5089 627 5145 ductario
638 5088 756 5143 Motum.
769 5088 871 5156 Sequu-

79 5173 120 5219 tur
132 5164 169 5220 de
184 5163 301 5236 Eulogio
324 5172 352 5219 et
366 5163 505 5235 Phrygiis,
525 5176 601 5232 pure.
618 5159 707 5215 Turn:
732 5180 748 5238 ,ι
764 5158 872 5238 Eluone

79 5232 255 5302 monaterio,
265 5235 383 5290 elevatio
393 5231 608 5307 corporissaucti
620 5227 739 5286 rimandi
751 5243 871 5300 episcopt

78 5315 103 5363 et
116 5305 295 5363 confessoris.
310 5329 320 5354 »
854 5368 859 5380 Ι

111 5378 295 5434 Maonnorru.
307 5376 341 5433 de
356 5376 457 5448 Vigilia
467 5383 498 5431 ut
508 5391 599 5447 supra.
616 5376 648 5431 ln
662 5374 799 5452 Faustaet
809 5369 873 5424 Eur·

78 5448 155 5517 lusio,
172 5449 256 5504 etiam
271 5448 395 5505 Adonem
409 5455 456 5503 aut
472 5447 572 5502 Dedam
589 5446 675 5502 ferme
693 5461 721 5501 se
742 5451 825 5499 uitur.
840 5440 872 5521 ln

78 5520 185 5578 duabus
200 5518 307 5576 ultimis
334 5535 420 5593 purus
438 5525 488 5574 cst.
505 5517 672 5589 Subiungit:
710 5541 719 5564 ι
758 5527 873 5595 reverus,

78 5592 166 5649 sancti
189 5590 313 5660 Qniriaei
328 5590 472 5662 presbiteri
486 5597 513 5645 et
525 5587 699 5646 confessoris.
735 5610 745 5633 ι
761 5583 832 5641 Vrdo
845 5598 875 5638 vt

77 5662 170 5721 Martii
182 5682 190 5732 ;
205 5663 279 5719 infra
292 5663 406 5735 ponitur
418 5661 569 5717 translatio.
850 5725 856 5736 ι

113 5735 278 5799 hamarum.
292 5734 446 5816 penultimo
460 5732 522 5790 loce
537 5731 693 5789 intenerit:
726 5752 735 5778 ‹
750 5729 876 5785 Elsvatro

77 5822 112 5866 co
163 5805 204 5864 ris
218 5814 306 5864 sanctu
321 5804 440 5863 Amandi
455 5803 612 5879 episcopii
849 5871 855 5882 ι

141 5892 264 5937 saroam.
279 5883 307 5935 et
319 5876 389 5937 lino.
411 5875 507 5947 Sota,
523 5876 648 5951 signatus
667 5889 744 5932 num.
769 5870 831 5945 tto,
847 5885 878 5929 ιιι

229 5986 346 6048 ernon.
367 5985 491 6074 CXXIV.

916 1380 989 1436 fine:
1012 1381 1103 1437 ‹ltem
1118 1383 1220 1451 Rome,
1233 1384 1318 1439 Euthi
1329 1386 1453 1443 celEutii
1468 1385 1636 1465 [Eustachii]
1652 1406 1715 1449 cum

917 1468 1003 1509 uxore
1017 1461 1044 1509 et
1059 1452 1166 1509 duobus
1182 1454 1256 1510 liliis.
1273 1480 1282 1503 ι

952 1524 1407 1584 Marum:Cauros-[laruatust.:
1442 1554 1451 1578 ι
1469 1533 1573 1590 Fausta
1600 1534 1716 1607 virginis

917 1603 944 1652 et
959 1596 1089 1667 martyris
1115 1596 1151 1651 Et
1165 1597 1292 1653 Evilasii.
1309 1599 1436 1667 Dionysii
1452 1611 1478 1658 et
1494 1604 1609 1661 Privati.
1626 1630 1635 1653 ι

954 1666 983 1721 ln
999 1665 1146 1747 Pariana..
1176 1684 1252 1723 num.
1268 1670 1349 1737 5949,
1375 1660 1475 1729 desunt
1492 1678 1716 1735 annuntiationes

916 1739 1037 1807 Ealogat,
1053 1738 1175 1809 Dionysii
1188 1748 1215 1794 et
1230 1741 1344 1795 Privati.

954 1809 1142 1864 Panaenum:
1164 1833 1173 1857 ι
1187 1811 1254 1865 ltem
1271 1812 1360 1867 sancti
1376 1812 1456 1871 Lauri
1468 1816 1588 1889 episcopi
1604 1829 1631 1876 et
1645 1837 1717 1876 eeu-

918 1879 1030 1936 lessoris
1044 1880 1142 1947 Laodi,
1160 1906 1169 1927 ι
1190 1897 1206 1936 o
1228 1881 1300 1950 incr,
1316 1882 1350 1938 de
1386 1901 1420 1938 uro
1438 1885 1482 1941 die
1497 1890 1632 1960 sequenti.

953 1949 1049 2033 Editio
1082 1897 1289 2010 eunuco-dou:
1334 1977 1342 2000 ι
1394 1954 1471 2026 igilia
1498 1961 1585 2016 sancti
1614 1961 1716 2018 Mathei

918 2023 1046 2103 apostoli.
1076 2021 1179 2092 Roma,
1202 2024 1372 2096 temporibus
1392 2027 1507 2083 Adriani
1533 2030 1717 2103 imperatoris,

918 2109 1009 2220 Basaro
1019 2093 1161 2150 beatorum
1174 2096 1328 2164 Eustachii,
1341 2105 1417 2165 etc.,·
1434 2099 1521 2156 terme
1537 2110 1670 2175 utsupra.
1688 2105 1718 2159 ln

940 2172 1019 2221 austa
1029 2174 1056 2221 et
1065 2166 1190 2221 Evilasio
1198 2168 1285 2293 ,famo
1296 2170 1381 2236 nragis
1393 2170 1558 2242 interpolata
1567 2184 1618 2241 est,
1635 2191 1716 2247 quatu

1218 2237 1305 2292 nabas
1316 2239 1423 2294 ultimis
1433 2257 1501 2312 pura
1511 2251 1560 2298 est.
1577 2243 1716 2316 Sequitur:

926 2306 1055 2363 «Eodem
1071 2306 1126 2376 die,
1149 2309 1236 2365 sancti
1252 2308 1373 2375 Quririaei
1392 2312 1509 2381 apostoli
1531 2321 1557 2368 et
1576 2317 1716 2387 martyris.

918 2380 980 2449 ipso
995 2377 1052 2444 die,
1066 2380 1213 2434 translatio
1224 2380 1310 2434 sancti
1323 2379 1443 2446 Quiriaci
1458 2381 1609 2454 presbyteri
1621 2393 1719 2441 eleon·

919 2450 1065 2505 tesseris.»
1095 2449 1223 2505 Diximus
1246 2466 1328 2520 supra
1342 2451 1376 2507 ad
1393 2452 1574 2509 Hnaauovsu.
1596 2455 1717 2522 Quiriaci

919 2519 1002 2591 hrtjus
1030 2521 1148 2575 ιιιιιιιιιι
1165 2522 1247 2577 recoli
1263 2520 1308 2576 (ιιι
1329 2538 1358 2576 vr
1374 2523 1473 2578 Martii.
1498 2524 1568 2580 Vide
1582 2541 1615 2580 eo
1628 2527 1674 2582 die
1689 2528 1719 2582 in

919 2591 997 2647 Actis
1016 2593 1245 2647 commentarium
1264 2591 1448 2661 historicum;
1469 2594 1515 2651 hio
1534 2597 1718 2652 meliuscom·

920 2671 1089 2718 memoratur
1104 2664 1256 2718 translatio.

955 2734 1052 2788 Batrn.
1065 2735 1095 2789 ln
1107 2734 1205 2789 Fausta
1216 2742 1243 2790 et
1254 2735 1376 2791 Evilasio
1391 2734 1491 2791 similis
1506 2744 1546 2792 est
1562 2737 1718 2806 Auroram,

920 2812 971 2860 etc.
988 2805 1059 2859 Turn
1073 2804 1233 2860 immediate
1247 2805 1358 2860 subdit:
1389 2806 1516 2861 «Eodem
1533 2806 1588 2874 die,
1604 2815 1719 2864 sancto-

920 2891 981 2930 rum
997 2874 1139 2931 Eustachii
1155 2885 1182 2932 et
1195 2876 1333 2931 sociorum
1356 2876 1427 2947 ejus.
1459 2878 1527 2932 item
1546 2876 1642 2934 eodem
1663 2879 1718 2945 die,

920 2945 1017 3028 vigilia
1034 2946 1120 3002 saneti
1150 2947 1251 3002 Mathei
1279 2949 1395 3019 apostoli
1421 2956 1448 3003 et
1476 2964 1544 3003 evan
1564 2950 1662 3005 elistae.
1690 2951 1720 3006 ln

919 3003 1023 3089 Frugia,
1035 3024 1206 3082 sanctornm,
1216 3026 1282 3073 ete.»
1298 3021 1379 3074 Deest
1390 3019 1523 3088 Eulogius
1536 2966 1721 3077 Cgordnbensis

922 3089 951 3143 in
965 3089 1087 3144 editione
1117 3090 1196 3153 rima,
1208 3089 1254 3144 sed
1267 3090 1295 3143 in
1310 3091 1395 3144 altera
1413 3090 1447 3144 ad
1462 3089 1547 3144 hnem
1562 3091 1719 3161 apponitur.

928 3183 937 3207 ‹
956 3158 1075 3216 Ciuitate
1092 3105 1230 3225 Corduba,
1249 3160 1320 3215 beati
1336 3161 1443 3230 Eulogii
1458 3161 1646 3232 presbyteri·

930 3278 936 3292 ,
958 3230 1102 3285 Genuum:
1125 3231 1279 3285 «Florentii
1296 3231 1415 3301 episcopi
1430 3239 1457 3285 et
1473 3232 1630 3302 martyris·
1648 3232 1722 3288 luter

923 3302 1024 3356 multos
1039 3301 1194 3357 Florentios
1209 3317 1265 3355 non
1280 3301 1360 3357 lacile
1373 3309 1415 3355 est
1436 3300 1562 3356 divinare
1577 3319 1658 3374 quem
1676 3302 1722 3358 hic

923 3372 1074 3428 indicatum
1091 3372 1168 3426 velit.
1192 3371 1337 3439 ‹Quiriaai
1355 3371 1555 3449 philosophici
1579 3374 1719 3445 martyris.

922 3443 989 3498 item
1018 3443 1105 3496 sancti
1122 3440 1277 3499 Cuthherti.
1293 3444 1355 3513 lpso
1380 3441 1434 3510 (ιιι,
1466 3444 1609 3499 translatio
1633 3444 1721 3500 saneti

922 3512 1045 3580 Quiriaci
1058 3512 1207 3585 presbyteri
1218 3520 1246 3569 et
1256 3513 1431 3569 contessoris.
1446 3513 1603 3569 Secundum
1615 3515 1722 3587 aliquos

883 3595 905 3656 c
922 3584 978 3645 hic,
991 3583 1134 3640 Eustachii
1145 3591 1172 3639 et
1183 3584 1320 3640 sociorum
1332 3583 1402 3656 ejus,
1423 3585 1469 3656 qui
1482 3585 1509 3639 in
1521 3603 1550 3640 tv
1563 3585 1653 3642 Nonas
1667 3586 1723 3641 Ne·

922 3654 1043 3710 vembris
1059 3654 1203 3710 habentur.
1228 3656 1296 3711 item
1310 3662 1409 3711 sanctae
1426 3655 1565 3711 memoria
1586 3656 1720 3712 Gerhardi

922 3727 1043 3782 eremita
1071 3732 1099 3781 et
1126 3726 1299 3782 confessoris.
1337 3726 1398 3791 Mic,
1430 3727 1507 3782 utin
1536 3727 1618 3799 gestis
1638 3727 1722 3784 beata

922 3797 1040 3869 Lidwyd
1054 3796 1171 3869 virginis
1186 3798 1313 3862 refertur,
1328 3813 1363 3853 ex
1387 3797 1491 3853 diocesi
1512 3797 1722 3925 Agrippinensis

923 3868 1045 3926 Coloniae
1070 3876 1157 3937 ortus,
1178 3870 1242 3926 vitae
1269 3869 1399 3926 solitarie
1418 3868 1554 3925 desiderio
1607 3877 1721 3942 gyptum

923 3940 1003 4007 adiit,
1018 3940 1113 4012 ibique
1133 3957 1232 3997 manna
1254 3941 1316 3996 coeli
1345 3940 1453 4007 viteus,
1482 3957 1595 4013 corpore
1613 3957 1722 3997 crassus

923 4012 1054 4079 nimium,
1068 4012 1148 4067 vultu
1159 4029 1224 4068 vero
1236 4012 1385 4082 angelicus,
1398 4012 1427 4066 in
1440 4028 1521 4083 specu
1537 4021 1660 4084 repertus
1670 4021 1720 4069 est.

923 4083 1044 4138 'landem
1056 4082 1135 4137 heato
1146 4082 1174 4137 in
1187 4083 1304 4137 Domino
1319 4082 1374 4137 fine
1389 4083 1505 4152 quievit,
1526 4099 1601 4139 anno
1611 4083 1722 4139 Domini

923 4170 1079 4210 ιιιιιιιιιι
1095 4153 1135 4223 (in
1151 4153 1240 4208 redit.
1258 4152 1350 4219 ttae).
1367 4152 1453 4221 Cujus
1474 4152 1595 4208 animam
1611 4156 1724 4225 praelata

924 4227 1001 4305 virgo
1018 4222 1095 4304 'vidit
1110 4223 1143 4278 ab
1164 4222 1269 4294 augelis
1293 4225 1322 4276 in
1342 4221 1442 4277 ooelum
1472 4223 1547 4276 ferri.
1564 4223 1722 4278 Eustochiae.

924 4313 968 4350 vrr
987 4311 1076 4349 rurs.»

959 4313 1080 4432 ιιοιιιι,
1093 4370 1153 4436 pest
1163 4363 1319 4434 agonizatus
1338 4368 1385 4429 est,
1407 4362 1468 4417 aliis
1481 4361 1582 4418 litteris
1596 4377 1631 4418 ex
1646 4363 1719 4418 Beda

923 4438 968 4492 vol
982 4435 1078 4491 Adone
1091 4436 1179 4490 textui
1195 4434 1310 4489 inserit:
1341 4457 1351 4480 ι
1366 4435 1435 4490 Cum
1450 4434 1524 4488 euim
1541 4450 1600 4489 eam
1624 4435 1720 4489 carni-

924 4508 988 4564 iices
1003 4505 1083 4562 ferris
1098 4505 1195 4561 laedere
1211 4522 1264 4560 non
1281 4504 1419 4566 valebant,
1442 4511 1555 4574 stupens
1568 4504 1719 4571 Evilasius,

924 4579 1034 4638 Christo
1047 4576 1158 4633 credere
1172 4576 1263 4648 eoepit.
1283 4576 1320 4649 Et
1334 4575 1385 4632 hoc
1400 4574 1447 4630 ubi
1462 4574 1622 4645 imperatori
1643 4591 1721 4631 nutr-

924 4652 1025 4708 clatum
1047 4657 1098 4716 est,
1124 4649 1199 4703 misit
1215 4646 1384 4719 praelectum,
1410 4647 1458 4719 qui
1478 4663 1541 4702 euru
1556 4663 1720 4719 suspensum

924 4723 1033 4779 fortiter
1043 4728 1191 4793 torqueret.
1213 4720 1265 4788 Qui
1279 4719 1362 4774 etiam
1376 4717 1459 4791 jussit
1474 4719 1601 4776 Faustam
1616 4719 1718 4776 undam
1817 4735 1820 4742 ·

924 4804 951 4851 et
974 4794 1034 4849 sine
1054 4793 1169 4849 maforte
1190 4790 1363 4864 flagellatam,
1391 4792 1609 4860 incarceratam,
1637 4800 1719 4863 caput

925 4865 1066 4929 terebrari,
1082 4881 1113 4920 ac
1127 4864 1221 4920 oculos
1242 4862 1329 4934 ialigi,
1346 4862 1390 4918 cui
1407 4862 1580 4935 postmodum
1597 4879 1651 4918 non
1668 4879 1718 4916 so-

925 4939 982 4993 lum
997 4943 1119 5008 caputet
1132 4936 1226 5003 iacies,
1241 4935 1287 4991 sed
1302 4941 1329 4989 et
1348 4943 1442 5005 pectus
1463 4943 1490 4990 et
1512 4941 1601 4989 toturn
1620 4948 1720 5002 corpus

924 5007 1057 5091 usquead
1072 5008 1153 5063 tibias
1168 5007 1255 5063 clavis
1270 5006 1415 5077 impletum
1429 5013 1478 5061 est.
1499 5005 1563 5059 Post
1584 5003 1642 5058 uae
1656 5018 1719 5058 sar-

926 5091 1044 5153 taginem
1070 5077 1153 5149 jussit
1169 5078 1260 5149 igniri,
1289 5076 1418 5141 sedhac,
1446 5074 1578 5147 psallente
1599 5074 1655 5153 illa,
1672 5088 1721 5128 re-

926 5151 1031 5222 lrigurt.
1046 5150 1118 5205 luter
1128 5149 1186 5204 haec
1209 5149 1321 5203 veniens
1336 5163 1391 5201 vox
1408 5147 1441 5201 de
1455 5145 1524 5200 coelo
1540 5150 1649 5199 vocavit
1661 5159 1717 5212 eos,

926 5222 1002 5280 etsie
1013 5219 1186 5276 tradiderunt
1204 5219 1343 5291 spiritum.
1362 5218 1427 5271 Erat
1446 5224 1536 5270 autem
1553 5215 1652 5270 Patrsta
1665 5231 1719 5270 an-

927 5309 1025 5349 norum
1039 5307 1100 5357 xtra,
1112 5297 1139 5345 ιι
1148 5291 1379 5345 Evilastusuxxx.
1388 5289 1436 5343 »In
1450 5286 1514 5353 line,
1526 5285 1618 5341 addit:
1629 5309 1637 5333 ι
1650 5287 1718 5342 Item

927 5364 1022 5422 eodem
1042 5362 1097 5431 die,
1118 5370 1275 5417 sanctoruni
1298 5358 1439 5414 Eustachii
1454 5366 1481 5413 et
1495 5356 1633 5438 sociorum
1649 5356 1718 5430 ejus.

928 5437 995 5493 ltem
1010 5432 1106 5489 eodem
1121 5431 1176 5499 die,
1203 5431 1308 5504 vigilia,
1324 5436 1378 5486 etc.
1404 5429 1465 5501 lpse
1479 5429 1525 5485 die
1539 5444 1568 5483 ru
1594 5430 1720 5487 coenobie

928 5505 1068 5574 Soncgias,
1092 5503 1235 5561 translatio
1258 5500 1330 5557 beati
1352 5499 1492 5557 Vincentii
1515 5500 1720 5558 contessoriset

929 5577 1067 5635 monachi.
1084 5601 1094 5625 ι
1124 5573 1224 5657 Agitur
1246 5572 1280 5628 de
1293 5571 1392 5627 ntarito
1406 5578 1507 5628 sancte
1522 5570 1720 5639 waldetrudis,

948 5650 977 5706 ui
1002 5650 1057 5705 alio
1080 5660 1192 5704 nouutue
1206 5651 1321 5701 vocatur
1345 5642 1536 5714 Madalgarius.
1556 5643 1628 5701 Vide
1642 5645 1676 5700 de
1690 5661 1723 5700 eo

930 5667 1063 5778 ductans
1074 5716 1192 5776 addiem
1203 5715 1262 5788 ejus
1276 5715 1396 5772 ιιιιιιιιιι
1411 5731 1460 5771 arv
1473 5714 1551 5772 tutti.
1567 5714 1637 5772 Alie
1660 5714 1725 5770 edi-

931 5794 1021 5850 tiones
1032 5789 1215 5864 iucipiuutab
1225 5787 1386 5846 Eustochio.
1402 5787 1434 5844 ln
1447 5785 1503 5844 line
1514 5786 1548 5845 de
1565 5787 1601 5845 lli
1622 5784 1684 5851 ilia,
1694 5790 1732 5838 nt

932 5857 1601 5941 supra.itemdetranslationeheaitMincentii.
1639 5865 1753 5910 suanus.

1593 5960 1636 6026 hb
