3834 6136
130 202 201 258 1025
732 204 914 263 OPUSCULA
931 208 977 263 ΕΤ
995 206 1190 267 EPISTOLAE.

1718 222 1788 280 1026

127 355 229 415 calculi
250 354 416 410 sententiam
436 365 628 429 consequatur.
655 358 695 414 Ita
715 359 833 432 denique
852 363 930 417 volu·
943 366 968 425 A
982 365 1146 420 sententiam
1167 382 1201 420 ex
1221 366 1274 422 alia
1288 367 1378 437 culpa,
1400 366 1487 422 idest
1507 367 1706 443 inobedientia,
1727 392 1787 432 me-

127 463 201 513 mus,
214 444 293 499 etita
310 443 486 500 deceruimus
504 445 592 512 istius,
607 447 664 502 imo
679 463 744 502 vero
768 457 930 506 cunctorum
986 463 1106 511 reantur.
1121 455 1208 527 Igitur
1219 458 1345 527 praelatos
1355 457 1485 514 damnare
1496 459 1684 519 indifferenter
1697 483 1787 538 opor-

126 534 305 593 sacerdotum
329 549 424 589 caussas
440 536 607 604 examinare,
625 538 754 609 culpasve
768 540 875 610 punire,
901 547 932 598 ut
986 551 1023 599 tet
1039 545 1205 601 horrescere.
1221 546 1384 619 Quicunque
1400 564 1465 603 vero
1481 549 1596 605 minoris
1609 556 1786 613 auctoritatis

125 635 256 699 paternos
282 622 417 677 terminos
441 640 495 678 non
524 627 757 696 transgrediamur
779 645 870 685 sacros
888 645 930 685 ca·
986 641 1060 700 suut,
1080 633 1206 689 damnari
1221 636 1339 690 sollicite
1355 645 1479 705 caveant,
1501 655 1552 694 nec
1570 639 1706 710 majorum
1721 661 1784 700 suo·

125 729 214 771 nones
233 727 290 767 non
310 712 515 781 conculcemus,
535 730 586 770 nec
603 715 754 772 decretalia
774 719 931 790 sedisapo-
985 737 1046 775 rum
1076 723 1241 778 sententiam
1269 725 1514 794 transgrediantur.
1537 727 1691 802 Alioquin,
1722 733 1787 790 licet

124 802 232 858 stolicae
261 798 433 867 constituta,
468 801 570 874 quibus
588 802 712 860 Ecclesia
729 812 786 862 tota
818 808 931 864 fulcitur
985 809 1086 881 injuste
1100 828 1298 885 nonnunquam
1316 812 1437 869 damnati
1453 825 1526 883 suut,
1543 834 1577 872 ex
1592 820 1650 891 ipsa
1665 829 1787 881 temera-

123 900 208 962 atque
237 888 374 954 munitur,
396 891 590 962 quoquomodo
609 891 755 947 violemus.
775 894 819 947 Ad
841 903 929 951 extre·
985 900 1025 954 ria
1040 901 1275 971 prevaricatione,
1287 904 1377 973 culpa,
1394 905 1587 976 quaerendum
1605 909 1675 964 forte
1691 928 1785 984 perpe·

124 996 203 1035 mum
218 979 257 1033 ita
268 978 399 1032 volumus
409 984 437 1033 et
447 979 483 1034 ita
499 979 673 1035 decemimus
692 983 850 1053 pontificem
865 1002 929 1057 qua·
984 996 1055 1044 trata
1069 989 1167 1057 fuerat,
1183 999 1209 1046 et
1224 991 1303 1059 ultio,
1324 1007 1405 1064 quam
1422 993 1503 1064 culpa
1523 995 1640 1052 necdum
1658 1002 1787 1055 mereba-

125 1070 273 1140 liseuuque
287 1066 324 1122 ait
337 1065 472 1136 judicari,
494 1074 525 1121 ut
545 1068 667 1124 ecclesia
687 1071 732 1126 cui
749 1082 847 1143 praest
867 1073 930 1144 jura
984 1085 1039 1145 tur,
1051 1080 1145 1149 procul
1157 1078 1242 1134 dubio
1253 1079 1463 1151 subsequentur.
1476 1081 1552 1137 Nihil
1564 1085 1666 1157 quippe
1679 1087 1786 1159 lignum

124 1166 203 1222 nulla
224 1164 397 1230 temeritate,
428 1163 503 1218 nulla
523 1167 737 1238 presumptione
757 1168 928 1239 frangantur.
985 1167 1100 1221 vetitum
1117 1169 1184 1221 inse
1199 1167 1375 1222 mortiferum
1392 1167 1613 1243 habuit,sedqui
1625 1173 1786 1232 inobedien-

123 1257 239 1312 Nullum
251 1254 352 1326 quippe
368 1253 466 1325 poterit
482 1254 613 1310 Ecclesia
622 1254 668 1326 jus
682 1257 797 1327 dignum
813 1261 926 1329 servari,
983 1263 1025 1309 ter
1038 1271 1072 1310 ex
1087 1271 1119 1310 eo
1133 1256 1263 1324 comedit,
1281 1265 1395 1312 mortem
1412 1257 1465 1312 sibi
1483 1265 1510 1312 et
1526 1260 1641 1329 posteris
1657 1265 1785 1335 propina·

124 1346 147 1402 si
168 1343 268 1417 praesul
287 1341 347 1414 ejus
364 1359 380 1396 a
396 1342 576 1414 quibuslibet,
597 1345 642 1400 vel
662 1346 859 1418 quandolibet,
881 1357 928 1406 aut
984 1343 1041 1398 rit:
1056 1360 1111 1399 uon
1128 1344 1193 1416 quia
1208 1345 1314 1415 lignum
1330 1346 1445 1414 malum,
1463 1363 1526 1402 cum
1542 1349 1615 1405 Deus
1629 1350 1703 1422 quod
1718 1351 1784 1408 iecit

124 1433 521 1510 quomodolibetimpediatur‚
538 1443 563 1490 el
582 1453 631 1507 pro
645 1436 729 1492 libitu
739 1436 929 1512 cujuscunque
983 1439 1071 1488 totum
1081 1433 1300 1501 iecerithonum,
1315 1434 1362 1489 sed
1372 1436 1446 1507 quod
1460 1437 1531 1491 mala
1544 1438 1783 1510 sittrausgressio,

123 1533 204 1581 tanta
219 1523 350 1580 facilitate
365 1523 493 1594 pellatur.
510 1522 587 1590 Quod
603 1540 667 1579 cum
683 1525 720 1581 ita
735 1527 781 1584 sit.
796 1544 851 1583 non
868 1544 928 1599 pos·
982 1530 1009 1577 et
1023 1523 1128 1578 nolenti
1138 1523 1236 1594 subjici
1250 1541 1364 1595 peream
1377 1527 1476 1583 merito
1491 1528 1527 1582 sit
1542 1536 1602 1583 orta
1611 1528 1776 1587 damnatio·

123 1631 222 1670 suurus
241 1611 352 1668 interim
369 1610 481 1666 fratrom
501 1620 626 1667 nostrum
647 1614 800 1685 ignatium,
825 1617 926 1688 qualis·
982 1613 1264 1684 lumeresheim
1282 1614 1441 1686 apostolicis
1460 1617 1614 1674 canonibus
1626 1620 1783 1690 edocemur,

123 1717 236 1775 cunque
250 1697 296 1768 sit,
310 1716 365 1755 non
388 1700 461 1755 inter
475 1699 664 1758 sanctissimos
692 1710 735 1758 est
752 1704 927 1762 beatissimos
942 1731 965 1790 B
982 1701 1052 1755 solvi
1067 1701 1101 1756 ab
1116 1718 1147 1757 e⁰
1162 1703 1210 1774 qui
1227 1719 1289 1758 811¹ss
1307 1705 1501 1774 sequestravit,
1516 1713 1563 1762 ³11¹
1576 1716 1649 1764 certe
1663 1725 1679 1764 ³
1693 1709 1783 1781 prima

123 1788 296 1863 patriarchas
309 1803 509 1845 connumerare
521 1808 527 1855 ;
542 1789 589 1862 qni
605 1790 670 1846 licet
684 1792 757 1862 apud
773 1809 823 1848 vos
836 1792 873 1848 sit
887 1799 929 1848 tot
983 1790 1045 1845 sede
1057 1789 1120 1859 jure
1134 1792 1220 1862 possit
1233 1791 1350 1847 absolvi.

123 1877 291 1950 opprobriis,
320 1884 362 1932 tot
381 1878 618 1949 persecutionibus
646 1880 784 1952 fatigatus,
813 1880 928 1936 anobis
1025 1880 1119 1936 «Ecce
1138 1879 1184 1935 hic
1213 1881 1421 1937 evidentissime
1442 1883 1609 1952 ostenditur,
1628 1893 1660 1940 ut
1679 1886 1702 1941 si
1721 1886 1784 1958 quis

124 1974 219 2022 tamen
230 1967 340 2022 nonnisi
352 1969 441 2039 qualis
453 1968 669 2026 adeccssoribus
681 1969 749 2026 meis
759 1980 800 2026 est
816 1970 928 2026 habitus
982 1974 1078 2020 contra
1089 1969 1274 2024 Romanorum
1287 1969 1449 2040 pontificum
1459 1970 1568 2027 decreta
1579 1971 1691 2044 obloqui
1707 1990 1785 2046 prae-

122 2054 249 2112 creditur
263 2063 291 2111 et
302 2065 458 2113 veneratur.
475 2057 556 2113 Nullo
572 2059 673 2131 quippe
689 2067 784 2114 nostro
801 2058 929 2114 examine
982 2057 1141 2128 sumpserit,
1153 2055 1216 2127 jure
1231 2057 1394 2113 temeritatis
1408 2066 1549 2129 arguatur.
1566 2085 1575 2108 s

122 2143 246 2215 alicujus
258 2144 383 2200 criminis
397 2162 468 2213 reus,
490 2147 567 2202 nullo
586 2153 627 2202 est
641 2156 735 2203 nostro
755 2148 866 2220 speciali
884 2148 929 2218 ju-

122 2232 203 2289 dicio
218 2242 340 2305 repertus
354 2235 501 2291 obnoxius.
515 2235 553 2291 Ac
569 2252 617 2313 per
631 2236 822 2317 hocnullaest
834 2243 929 2292 nostra
1018 2237 1081 2292 llaec
1100 2236 1239 2293 succincte
1258 2237 1370 2308 quidem
1390 2239 1533 2310 excerpsi,
1564 2254 1596 2292 ac
1615 2237 1715 2309 passim
1733 2253 1785 2309 pro

121 2323 264 2379 sententia
276 2324 512 2393 condemnandus,
537 2335 584 2381 aut
600 2343 615 2381 a
630 2329 716 2383 nostri
742 2328 927 2400 Ecclesiaeque
983 2326 1114 2397 qualitate
1130 2326 1232 2398 negotii
1247 2328 1431 2394 contexendo,
1453 2327 1661 2400 promiscueque
1681 2345 1782 2383 conse-

121 2421 226 2469 nostue
243 2416 439 2471 commuuione
454 2417 563 2488 collegii
578 2416 800 2489 sequestrandus,
817 2425 864 2474 aut
878 2418 927 2473 ali·
982 2414 1078 2482 rendo,
1095 2414 1192 2470 ordine
1207 2432 1271 2471 cum
1286 2424 1463 2487 praepostero,
1477 2424 1535 2471 tum
1551 2417 1714 2488 composito,
1730 2416 1777 2471 sed

122 2503 226 2576 quibus
247 2504 300 2560 uisi
316 2503 526 2562 honorabilibus
550 2506 692 2563 vocabulis
707 2508 896 2580 appellandus.
911 2531 920 2554 ι
982 2504 1121 2562 etsensim
1134 2520 1262 2561 connexo
1277 2504 1373 2572 ascivi,
1388 2521 1448 2576 quae
1464 2504 1581 2576 plenius,
1600 2505 1705 2560 directo
1722 2512 1783 2559 tra-

161 2593 310 2665 ltemipae:
331 2595 456 2650 «Praelati
472 2595 608 2666 judicium
623 2613 730 2668 semper
748 2596 928 2653 interioribus
983 2597 1049 2651 mite
1072 2603 1189 2664 servato,
1210 2612 1245 2651 cx
1264 2598 1449 2652 Romanorum
1471 2596 1633 2667 pontificum
1654 2594 1783 2663 decretis,

124 2683 333 2739 formidandum
349 2693 405 2740 cst:
427 2684 498 2741 nesi
514 2686 538 2740 ei
553 2702 609 2741 non
623 2684 793 2754 obedierint,
815 2686 880 2741 licet
893 2685 927 2740 ah
982 2685 1011 2741 in
1030 2687 1086 2741 alio
1104 2685 1248 2753 codicello,
1270 2685 1436 2741 examussim
1452 2684 1486 2740 de
1501 2685 1597 2742 multis
1614 2684 1724 2741 modica
1738 2683 1785 2739 do·

123 2789 158 2828 eo
181 2773 308 2830 fortassis
322 2773 423 2845 injuste
445 2774 564 2845 ligentur
578 2774 665 2847 ipsam
681 2774 858 2846 obligationis
872 2791 927 2830 suae
984 2773 1119 2840 iloraudo,
1134 2774 1243 2845 collegi.

918 3108 994 3170 vl.

597 3258 795 3320 Hlltlcblaltl
818 3254 1088 3317 LAUDUNENSIS
1111 3253 1313 3314 seuuemo

721 3399 861 3471 Episcopia
880 3405 905 3454 ct
922 3414 964 3455 eoa
981 3399 1037 3469 regi
1052 3403 1186 3469 porrecte.

123 3682 201 3739 Hune
212 3680 363 3734 schedulae
372 3679 495 3750 porrexit
505 3679 860 3737 Hiecmcrasdauduneusis
873 3685 926 3754 epi·
941 3685 962 3745 C
978 3680 1117 3748 exoniam,
1129 3679 1233 3737 scilicet
1249 3693 1392 3750 personam
1408 3692 1468 3750 que
1488 3676 1609 3732 firmaret
1625 3675 1700 3748 quod
1714 3676 1781 3731 illic

158 3785 256 3839 scopus
275 3767 346 3838 apud
364 3767 453 3823 Pietas
473 3786 504 3825 ru
523 3769 590 3825 Kal.
613 3771 769 3841 Septerabr„
790 3771 882 3826 indict.
905 3787 925 3837 1,
982 3768 1076 3824 venire
1091 3768 1243 3840 nequirem,
1260 3782 1315 3822 uon
1330 3766 1489 3822 transmisi:
1506 3775 1534 3822 ct
1548 3765 1622 3838 quod
1637 3764 1670 3821 de
1693 3764 1782 3837 capilo

160 3858 289 3931 episcopis
317 3858 347 3911 de
367 3859 508 3928 provincio
535 3861 706 3930 Rhemorem,
739 3863 883 3917 llincmero
902 3872 924 3928 ¹,
982 3875 1052 3926 meo,
1065 3856 1093 3912 id
1103 3866 1153 3925 est,
1165 3854 1200 3912 de
1215 3857 1288 3911 lacto
1304 3871 1363 3911 meo
1376 3854 1539 3911 advocatum
1557 3855 1586 3910 in
1605 3853 1713 3926 judicio
1727 3871 1783 3911 sae-

163 3948 270 4004 ΟιὶοηιἹ1
280 3965 289 4011 ;
308 3948 339 4001 de
366 3948 502 4017 provincia
526 3949 737 4021 Rothomaqeesi,
764 3953 895 4007 Weailoni
905 3962 926 4021 ⁰,
980 3949 1067 4006 culari
1083 3964 1139 4003 non
1151 3947 1225 4003 dedi.
1242 3946 1439 4003 Verumtamen
1455 3946 1568 4003 missum
1586 3963 1653 4002 meae
1669 3961 1784 4002 excusa-

160 4036 351 4090 Archemhcrlo
362 4036 536 4106 ¹,Sipeoundo
550 4046 560 4072 ⁰
573 4055 583 4103 ;
595 4039 625 4092 de
636 4040 776 4109 provincie
788 4040 925 4110 Schoenei,
956 4053 959 4056 ⁴
981 4037 1066 4093 tionis
1084 4035 1118 4091 ad
1137 4035 1280 4091 dominum
1300 4044 1424 4091 nostrum
1445 4051 1534 4108 regem
1554 4035 1654 4092 direxi.
1676 4034 1713 4090 Et
1731 4050 1782 4090 vos

162 4125 255 4180 AErteoe
265 4125 283 4192 ¹,
299 4125 450 4191 Falarem,
467 4125 601 4193 Abboui¹;
623 4127 654 4181 dc
668 4128 809 4198 provincia
824 4130 926 4185 Burde-

160 4213 272 4285 qclensi,
290 4214 443 4285 Errqeuoldo
458 4213 474 4282 ¹,
490 4212 568 4269 Helio
582 4214 599 4270 ¹.

161 4303 223 4357 Non
238 4302 321 4358 latere
333 4320 383 4359 vos
397 4303 465 4370 seio,
477 4303 584 4359 domini
599 4313 700 4376 patres,
713 4314 740 4363 et
762 4308 871 4378 fratres,
895 4326 927 4366 ac

124 4392 185 4447 Deo
202 4391 278 4461 digni
297 4390 488 4462 episcopium
507 4392 638 4463 episcopii
653 4392 844 4453 Laudunensis
868 4399 927 4454 Ec-

124 4479 217 4535 clesiae
233 4478 301 4533 mihi
321 4478 483 4546 commissae,
504 4479 562 4534 imo
582 4480 720 4552 quidquid
741 4482 875 4540 habebam
896 4486 926 4542 in

124 4568 182 4623 isto
196 4583 288 4639 regno,
306 4566 428 4639 exceptis
440 4568 584 4641 principali
600 4569 724 4637 ecclesia,
744 4579 771 4626 et
794 4572 927 4644 episcopii

125 4654 222 4723 domo,
242 4663 268 4710 et
284 4656 404 4711 claustro
424 4657 544 4727 primum
566 4674 624 4713 esse
636 4657 815 4715 imbannata:
838 4659 877 4714 ita
896 4669 928 4719 ut

125 4743 200 4799 nihil
215 4745 284 4801 mihi
298 4762 313 4800 a
326 4762 490 4821 quocunque
503 4747 537 4802 de
547 4748 686 4820 predictis
701 4750 782 4805 rebus
797 4758 824 4806 et
834 4750 928 4807 lacul-

125 4833 231 4889 tatibus
245 4835 394 4908 quidquam
413 4837 541 4915 praesidiis
551 4838 732 4908 ministretur,
744 4846 791 4895 aut
802 4838 927 4912 obsequii

124 4922 290 5002 praebeatur.
312 4924 447 4992 Quoniam
462 4926 535 4981 sicut
548 4926 619 4981 mihi
638 4927 689 4983 sub
716 4928 795 4985 brevi
819 4927 926 4985 dierum

123 5018 261 5081 tempore,
277 5019 303 5066 ct
318 5013 395 5068 nullo
410 5013 540 5085 episcopo
562 5030 628 5070 meae
642 5015 794 5087 provinciae
814 5019 927 5075 conscio
940 5045 965 5103 D

123 5098 216 5153 iuerat
235 5099 412 5170 imperatum,
427 5102 557 5160 saeculare
573 5101 711 5174 judicium
731 5120 787 5160 non
812 5106 880 5175 adii,
900 5115 928 5164 ct

161 5256 173 5281 ε
188 5239 348 5296 Ilhemensi.

162 5316 175 5350 ¹³
190 5310 362 5368 belvacensi.

164 5390 175 5415 ⁰
189 5382 415 5457 llothemageusi.

164 5451 177 5485 ‘¹
189 5452 344 5523 bajocensi.

163 5533 174 5557 ¹
190 5524 439 5584 Constantiacensi.

980 4129 1058 4185 scitis
1072 4128 1156 4183 sacris
1175 4124 1280 4195 legibus
1301 4142 1358 4180 esse
1374 4126 1513 4182 decretum
1529 4144 1580 4199 pro
1594 4129 1783 4201 qualicunque

981 4213 1059 4270 civili
1072 4212 1116 4266 vel
1131 4209 1268 4266 criminali
1280 4225 1370 4276 causa,
1388 4226 1579 4281 quemcunque
1591 4212 1715 4281 judicem
1728 4229 1785 4269 uon

981 4306 1064 4363 licere
1097 4302 1218 4358 invitum
1240 4301 1398 4373 episcopum
1427 4299 1460 4355 ad
1480 4299 1618 4371 judicium
1639 4301 1783 4372 publicum

981 4407 1146 4466 provocare,
1179 4391 1344 4462 perducere,
1379 4388 1422 4443 vel
1443 4385 1575 4443 exhibere
1605 4386 1684 4452 (Cod.
1705 4388 1782 4458 Afr,

981 4498 1042 4538 cau.
1062 4480 1117 4548 15).
1141 4480 1176 4533 Et
1191 4479 1316 4550 quisquis
1335 4477 1527 4549 episcoporum
1546 4478 1590 4532 vel
1613 4477 1783 4549 reliquorum

981 4566 1229 4625 ecclesiasticorum
1239 4565 1415 4634 clericorum,
1427 4582 1476 4637 pro
1486 4565 1624 4621 criminali
1640 4567 1685 4621 vel
1701 4568 1779 4625 civili

982 4676 1072 4726 causa,
1089 4658 1187 4713 relicto
1198 4658 1384 4714 ecclesiastico
1396 4656 1514 4729 judicio,
1529 4656 1563 4714 ad
1577 4657 1688 4730 publica
1701 4658 1784 4730 judi-

981 4751 1025 4806 cia
1049 4746 1210 4820 perrexerit,
1240 4755 1266 4803 et
1283 4749 1324 4804 cis
1348 4749 1382 4803 de
1401 4747 1540 4803 criminali
1571 4749 1652 4822 culpa
1670 4750 1781 4823 purgari

982 4839 1112 4906 voluerit,
1132 4838 1240 4894 etiamsi
1256 4855 1305 4909 pro
1329 4840 1388 4911 ipso
1402 4840 1487 4896 fuerit
1510 4840 1616 4911 prolata
1634 4841 1781 4908 sententia,

983 4926 1074 4983 locum
1093 4944 1173 4984 snum
1191 4926 1320 4980 aurittat:
1350 4925 1476 4981 incivili
1506 4942 1571 4982 vere
1592 4927 1686 4997 perdat
1707 4925 1781 4996 quod

982 5017 1085 5084 evicit,
1101 5017 1124 5072 si
1140 5018 1230 5073 locum
1252 5033 1332 5072 surum
1352 5017 1476 5073 obtinere
1496 5015 1632 5070 maluerit.
1654 5014 1705 5070 Sed
1725 5015 1747 5069 si
1767 5032 1784 5070 a

983 5103 1083 5159 clerico
1099 5104 1141 5157 vel
1157 5103 1212 5159 alio
1227 5119 1391 5176 quocunque
1406 5102 1548 5159 altercatio
1562 5110 1658 5158 contra
1672 5100 1784 5173 episco-

1022 5246 1030 5279 ¹
1049 5246 1207 5303 Parisiensi.

1021 5326 1034 5361 ⁸
1049 5316 1225 5374 Tricassensi.

1021 5386 1034 5424 ¹²
1049 5388 1226 5443 Neverncnsi.

1022 5459 1028 5495 ¹
1048 5459 1234 5514 Pictavorum.

1022 5530 1028 5574 ¹
1049 5527 1262 5586 Encolismensi.
