3834 6136
151 201 202 256 sos
283 162 289 173 ’
396 211 400 217 ·
814 189 967 246 asninni
985 190 1146 249 uoniam
1757 190 1815 247 sot

150 335 242 383 torum
267 328 419 392 martyrum
440 316 568 383 Herodis,
594 315 717 382 Arsenii,
746 313 844 370 Isidori
869 316 952 387 aitque
968 321 994 380 Α
1008 316 1106 396 tropiae
1118 315 1237 388 virginis
1260 315 1364 372 sororis
1387 313 1521 394 ejusdem,
1536 312 1614 368 mire
1643 315 1813 394 sanctitutis.

150 396 286 454 Dioscuri.
302 391 383 462 Apud
397 389 514 460 Ciprum
533 387 621 443 sancti
632 386 801 457 spiridionis
813 385 946 458 episcopi,
1006 386 1058 454 Qui
1073 387 1220 460 episcopus
1234 404 1297 443 cuin
1312 381 1346 441 eh
1369 386 1469 465 lionis,
1485 392 1512 440 et
1526 383 1676 440 Wandalis
1696 402 1748 457 pro
1761 384 1813 443 side

151 459 580 532 meritoeonfessionispreclari.
599 459 691 514 llemis
701 459 870 514 Francorum
886 474 949 513 me·
1003 458 1108 515 Christi
1125 460 1197 514 inter
1211 459 1325 515 domuin
1342 451 1811 536 eeclesiasdecolletusessetahsci·

150 539 262 610 impoli,
279 534 366 590 sancti
381 532 483 587 Nicasii
503 530 715 610 archiepiscopi,
729 529 776 600 qui
794 529 947 586 decollatus
1002 546 1062 584 suin
1072 538 1154 599 caput
1169 529 1288 602 propriis
1299 528 1401 583 tollens
1416 522 1547 608 manibus
1562 534 1628 582 ante
1653 526 1743 584 altare
1762 547 1811 602 po-

151 618 191 665 est
201 626 216 663 a
227 606 379 670 wandalis,
395 619 458 658 euin
473 617 565 657 sorore
574 602 682 672 virgine
696 601 839 672 Eutropia,
849 609 946 656 etcum
1002 602 1068 656 suit.
1084 601 1219 672 Eutropia
1233 616 1376 655 varocum
1394 599 1427 680 ad
1440 599 1619 654 illudendum
1632 614 1661 678 se
1678 604 1810 658 reservari

150 676 247 736 multis
263 678 295 733 da
309 679 383 732 clero
398 675 443 728 vel
459 674 573 745 populo.
591 697 600 720 ι
1002 671 1182 740 conspiceret,
1200 670 1300 742 injecta
1313 687 1396 726 manu
1411 686 1440 724 in
1452 669 1558 737 hostes,
1573 671 1808 744 gladioquosdsm

186 751 365 806 Bunxnmss.
383 745 504 816 incipit:
528 743 655 810 «Remis,
670 741 761 814 passio
788 749 946 797 sanctorum
1003 743 1173 811 vulneravit,
1190 743 1284 815 sicque
1297 744 1359 798 illos
1384 748 1480 798 contra
1497 757 1526 796 se
1538 752 1807 817 provocanninsrty-

150 821 292 888 Nechesii,
310 827 337 875 et
351 824 453 874 sanctie
465 815 605 887 Eutropia
622 813 750 884 virginis,
766 829 822 868 suaa
832 812 945 880 sororis,
1001 814 1088 870 rizata
1102 821 1160 882 θεῖς
1177 831 1240 870 cuin
1259 811 1361 887 quibus
1389 813 1531 892 innumeri
1555 827 1592 867 ex
1618 811 1719 869 eadem
1746 816 1806 875 urhe

170 881 198 948 ii
210 909 273 950 auin
289 888 468 946 multitudine
483 887 549 943 cleri
556 895 583 943 et
597 882 684 958 plebis
693 880 815 955 ejusdem
827 882 947 941 urhisah
1001 886 1072 957 passi
1089 893 1164 942 sunt.
1192 912 1201 935 r
1223 884 1353 958 sequitur
1366 883 1400 941 de
1424 881 1595 956 spiridione,
1611 883 1804 944 Alexandrinis

150 910 239 1021 iiunis
253 960 384 1020 trucidati
400 966 475 1015 sunt.
491 984 500 1003 ·
515 958 646 1030 Sequitur
657 955 691 1012 de
705 952 898 1023 Antiochenis,
912 955 947 1011 de
1001 964 1027 1012 et
1042 957 1233 1025 antiochenis,
1248 957 1315 1012 satis
1326 971 1402 1038 pure.
1412 956 1443 1011 ln
1452 955 1523 1010 line:
1543 978 1552 1001 ι
1567 953 1709 1028 Vyennae,
1722 960 1802 1016 natale

150 1036 167 1092 S
189 1035 306 1091 iridione
319 1039 346 1088 et
357 1028 636 1094 Alexandrinissatis
646 1043 724 1100 pure.
739 1027 828 1082 Tum:
847 1025 947 1098 «Apud
1001 1029 1089 1084 sancti
1100 1028 1314 1155 hugicinimoni
1325 1028 1402 1108 illius
1416 1026 1547 1107 ecclesia¹
1561 1028 1687 1110 episcopi
1700 1036 1729 1084 et
1747 1046 1801 1086 coii-

177 1109 297 1173 ienuam,
308 1102 446 1175 depositio
455 1102 543 1157 sancti
554 1100 682 1172 Lapicini
695 1098 817 1171 episcopi
835 1106 862 1153 et
876 1115 945 1152 con·
1002 1099 1123 1156 iessoris.
1159 1100 1239 1155 odeui
1250 1100 1305 1168 die,
1315 1108 1404 1155 sancti
1419 1099 1550 1170 Folquini
1560 1114 1689 1172 episcopt
1702 1109 1732 1157 et
1743 1118 1800 1159 eou-

150 1178 269 1233 iessoris.
281 1176 363 1247 Apud
380 1164 554 1244 Lugdunum,
570 1170 707 1244 depositio
720 1179 810 1225 sancti
824 1169 947 1225 Viatoris
1002 1170 1123 1227 sessoris.
1140 1196 1149 1218 ι
1172 1171 1243 1227 Vide
1257 1172 1365 1227 hiensis.
1384 1170 1466 1225 infra.

149 1248 269 1321 episcopi
283 1255 309 1302 et
324 1245 498 1300 confessoris.
515 1242 681 1299 Manasterie
704 1241 795 1314 sytiu‚
814 1241 947 1297 transitus
1037 1241 1186 1298 Canens:
1215 1267 1224 1289 ι
1241 1242 1320 1298 Nota.
1346 1242 1415 1300 Cuin
1430 1239 1510 1322 besto
1534 1238 1669 1323 lVichasio
1683 1241 1798 1318 ejusque

149 1319 236 1375 sancii
251 1321 297 1374 Fal
322 1318 393 1383 uini,
403 1317 573 1370 Morinorum
588 1312 709 1387 episcopi
719 1310 945 1369 eicontessoriss
1001 1328 1104 1381 sorore,
1120 1314 1171 1369 sub
1183 1312 1328 1371 Wandalis
1343 1312 1483 1368 innumeri
1496 1319 1645 1385 utriusque
1665 1326 1748 1371 sexus
1773 1316 1798 1372 in

148 1393 187 1447 De
203 1392 254 1446 lioa
269 1335 333 1444 side
346 1389 545 1444 Castellanuiii.
1000 1385 1096 1441 eedem
1127 1385 1194 1440 urhe
1211 1386 1281 1456 passi
1306 1392 1380 1440 sunt.
1398 1385 1478 1465 llam,
1495 1392 1656 1465 sanctarum
1670 1385 1750 1456 Tyrsi
1772 1396 1797 1442 et

184 1463 365 1517 lliusnorsn.
382 1476 472 1530 primo
487 1460 548 1514 loco
563 1456 642 1529 punit
656 1455 871 1523 Alexandrinos,
888 1464 946 1510 tuin
1001 1456 1234 1512 triumsociorum
1246 1455 1313 1526 ejus.
1332 1456 1454 1510 Platonis
1471 1465 1614 1527 martyris.
1633 1455 1756 1525 Viennae,
1770 1458 1797 1515 s.

148 1533 344 1604 spiridionem,
360 1529 425 1586 dein
447 1528 644 1596 Antiocheam,
660 1541 755 1582 omnes
770 1527 835 1581 satis
859 1541 944 1598 pure;
1002 1526 1131 1599 Lapicini
1154 1528 1275 1608 episcopi
1295 1533 1322 1582 et
1349 1525 1527 1582 confessoris.
1555 1526 1697 1598 Lugduni,
1717 1530 1798 1585 sancti

147 1620 244 1659 reruni
259 1604 293 1660 de
306 1603 416 1658 Nicasio
428 1603 469 1657 sic
485 1601 566 1656 habet
585 1619 591 1656 :
610 1623 618 1645 ι
635 1599 739 1662 Remis,
750 1598 840 1669 passio
857 1597 945 1653 sancti
1001 1599 1124 1655 Viatoris
1138 1614 1260 1724 εριξῦοῗ
1284 1606 1311 1653 et
1331 1597 1507 1680 confessoris.
1524 1598 1659 1680 Folquini
1686 1599 1798 1727 episcopi

146 1675 247 1731 Nicasii
279 1673 399 1746 episcopi
427 1681 455 1727 et
475 1674 616 1743 martyris,
639 1679 664 1725 el
680 1669 820 1740 Eutropia
844 1668 982 1744 sororisss
1000 1677 1027 1725 et
1045 1670 1220 1725 confessoris.
1262 1670 1465 1740 eupoli,sancti
1490 1669 1602 1738 Agnelli
1625 1669 1747 1726 abbatis.
1783 1689 1797 1727 n

147 1745 215 1818 ejus.
231 1747 284 1814 Qui
299 1745 474 1802 divinonuiu
489 1742 548 1798 illic
559 1740 593 1796 de
604 1740 743 1796 Brictanis
753 1740 849 1811 majori
863 1754 943 1796 vene·
998 1742 1042 1796 An
1064 1741 1108 1808 lia,
1120 1741 1192 1796 beati
1202 1740 1360 1797 liildebaldi
1370 1740 1487 1796 abbatis.
1510 1741 1592 1810 item,
1605 1741 1696 1798 hester
1714 1741 1798 1800 Celeri·

147 1815 486 1889 corepiscopusesregali
508 1813 878 1883 ortussanguine,etsuam
893 1827 944 1867 ec-
997 1757 1122 1869 uiridis·
1337 1884 1353 1895 ..
1499 1885 1505 1896 .
1568 1885 1573 1896 ι
1658 1884 1664 1896 ·

145 1889 256 1944 clesiani
272 1885 503 1956 laudabiliterper
517 1884 611 1939 omnia
628 1898 724 1954 regens
738 1884 768 1937 in
782 1882 868 1937 verho
882 1884 943 1938 Do-
1033 1885 1154 1953 lionis,
1188 1892 1232 1940 ost
1248 1884 1799 1957 Nicaeisepiscopi,litterisltaliclstextui

146 1952 944 2026 mini,mortemsibipraximamessepraedixit,consolans
997 1953 1095 2010 inserit
1118 1973 1123 2010 :
1147 1901 1223 2023 «hui
1239 1956 1386 2013 lliissarum
1402 1957 1629 2014 solemnitatibus
1652 1961 1800 2029 perseius

145 2044 219 2096 suos,
232 2044 266 2083 ns
275 2027 335 2100 ejus
345 2032 513 2081 terrerentur
522 2025 660 2098 exemplm
670 2024 699 2078 in
709 2038 835 2079 sermone
845 2025 942 2080 eodem
997 2025 1142 2082 Wandalis
1170 2026 1243 2083 intra
1270 2029 1415 2085 ecclesiam
1443 2031 1608 2087 lismensem
1634 2045 1731 2100 passus
1762 2039 1799 2086 est

144 2097 178 2153 ab
194 2100 282 2155 Hunis
296 2098 447 2154 decollatus
457 2105 508 2153 est.
522 2097 582 2168 lpse
597 2111 662 2150 vero
676 2105 759 2167 caput
772 2111 853 2151 sunm
865 2096 943 2150 arri·
998 2098 1172 2168 martyrium,
1188 2114 1238 2171 pro
1253 2098 1308 2155 side
1324 2100 1426 2156 Christi
1441 2099 1595 2157 decollatus
1614 2101 1798 2158 intradomun

144 2171 215 2242 puit,
232 2179 306 2226 stans
321 2178 384 2225 ante
397 2170 483 2224 altars
505 2182 660 2224 sermonem
685 2183 766 2222 suum
796 2166 899 2234 linivit,
915 2174 943 2222 et
996 2169 1152 2224 ecclesie.»
1175 2171 1206 2225 ln
1225 2169 1280 2225 line
1300 2189 1306 2225 :
1332 2195 1341 2218 ι
1360 2172 1527 2228 llionssterio
1542 2171 1653 2241 sithiu,
1670 2175 1799 2230 transitus

144 2252 254 2298 vertens
269 2259 297 2297 se
307 2241 341 2296 ad
355 2242 451 2306 altare,
462 2240 497 2295 ad
509 2241 661 2295 orationem
676 2255 704 2293 se
720 2238 811 2310 posuit
826 2239 940 2321 etohiit,
996 2239 1068 2294 beati
1083 2241 1224 2313 Folquini,
1240 2243 1412 2298 Morinorum
1440 2243 1573 2370 eXiscopi,
1591 2243 1676 2315 cujus
1701 2246 1763 2301 vitae
1776 2254 1799 2303 ot

143 2314 277 2387 Eutropia
300 2329 365 2368 vero
393 2327 470 2366 soror
497 2311 568 2382 ejus,
590 2309 751 2366 decollatori
780 2308 872 2365 fratris
898 2326 941 2366 sui
996 2311 1151 2367 sanctitatis
1175 2313 1305 2368 meritum
1320 2330 1448 2369 commen
1469 2323 1497 2370 at
1512 2315 1632 2386 ahyssus
1658 2317 1799 2373 vehemens

145 2383 390 2461 [oeulos]eripnit;
404 2381 826 2455 quaproptermiserabilimorte
845 2390 942 2438 necata
996 2398 1140 2453 aqiiaruiii,
1155 2400 1210 2439 una
1225 2393 1304 2441 nocte
1320 2384 1402 2441 llunte
1413 2394 1507 2441 austro
1528 2389 1680 2458 congelata
1697 2387 1732 2444 sd
1744 2387 1798 2460 eius

143 2465 194 2514 esi,
211 2481 220 2506 i
995 2454 1119 2533 corporis
1134 2456 1290 2511 transitum.
1307 2481 1316 2502 ·
1336 2457 1405 2512 [lein
1421 2458 1495 2529 typis
1510 2457 1690 2516 minoribus:
1713 2459 1799 2516 «lies-

179 2529 339 2590 hotncincr.
355 2525 383 2580 in
410 2526 465 2580 line
484 2534 586 2594 textus,
609 2533 671 2598 post
690 2524 793 2578 sororis
816 2523 940 2594 ejusdem,
995 2529 1063 2596 poli,
1077 2528 1165 2582 sancti
1183 2527 1290 2598 agnelli
1315 2527 1432 2584 abbatis.
1459 2529 1566 2584 Eodem
1581 2529 1640 2599 die,
1658 2530 1798 2588 Fontinali

142 2599 231 2663 addit,
247 2621 256 2644 ι
272 2599 465 2669 sociorumque
480 2611 601 2652 ceruina
625 2594 941 2652 Wandalisinteriecto·
995 2596 1115 2669 episcopi
1131 2597 1385 2666 pictaviensisQui
1417 2607 1544 2672 astquam
1568 2600 1798 2675 Turonos,juxts

143 2685 215 2724 runi.
231 2669 299 2723 Item
316 2670 448 2723 transitus
460 2668 548 2724 sancti
563 2666 693 2740 Folquini
702 2666 873 2723 Morinorum
884 2667 940 2740 epi·
995 2677 1091 2723 votum
1103 2671 1243 2741 proprium
1256 2616 1523 2742 pervenitssictavos
1533 2674 1729 2742 pertransiens
1742 2674 1798 2731 illic

142 2755 188 2796 sco
212 2740 257 2794 iet
271 2739 447 2794 confessoris.
464 2764 474 2787 ι
994 2738 1140 2806 habitavit,
1157 2749 1183 2796 et
1198 2743 1349 2798 multorum
1361 2741 1465 2798 ihidem
1480 2751 1645 2800 sanctorum
1657 2754 1734 2817 gesta
1744 2762 1796 2819 pir·

205 2809 624 2865 sanic.Cauros-Ummium.
659 2825 664 2864 :
703 2808 841 2864 ‹Nicasii
862 2810 940 2866 nira-
994 2811 1045 2866 tini
1071 2827 1157 2882 prosa,
1174 2813 1273 2883 partim
1302 2813 1417 2869 metrica
1440 2816 1567 2870 oratione
1584 2817 1790 2899 conscripsit.»

142 2881 245 2936 mensis
259 2879 458 2950 archiepiscopi
471 2889 499 2934 et
513 2879 653 2951 Eutropia
666 2880 770 2934 sororis
784 2879 844 2950 ejus
860 2897 940 2936 mar·
993 2882 1139 2938 Editiones
1153 2884 1213 2939 oliae
1228 2884 1301 2940 idern
1316 2884 1344 2939 in
1370 2892 1450 2941 textu
1466 2886 1592 2942 referunt
1613 2887 1650 2944 de
1678 2888 1794 2956 Nicasia,

141 2959 245 3025 tyrum.
263 2949 428 3022 spiridionis
443 2949 599 3021 episcopiet
612 2950 789 3005 confessoris.
807 2975 816 2998 r
957 3013 958 3016 Ἴ
994 2953 1040 3008 sed
1056 2955 1224 3010 errantduiu
1235 2957 1397 3027 Eutropiam
1411 2959 1495 3013 etism
1510 2958 1620 3015 italicis
1638 2959 1793 3017 efformari.

175 3025 206 3079 ln
222 3023 356 3079 Variam.
374 3037 451 3077 num.
467 3020 537 3078 ests
552 3019 624 3076 nihil
640 3021 674 3077 de
688 3020 808 3076 Nicasio.
826 3021 939 3094 Adjici-
993 3025 1032 3079 Ile
1053 3026 1199 3097 Folquino,
1219 3026 1292 3082 idem
1318 3029 1392 3100 quod
1415 3029 1444 3084 in
1460 3029 1560 3101 prims.
1577 3031 1653 3087 Tum
1676 3050 1682 3089 :
1708 3034 1794 3089 «itan

139 3102 186 3151 tur
203 3115 208 3151 :
233 3120 242 3141 ‹
261 3094 342 3167 Apud
352 3093 508 3165 Neapolim,
521 3092 610 3173 sancti
620 3093 728 3164 Agnelli
739 3092 885 3174 confess.»
953 3068 1061 3150 Cbeati
1079 3096 1218 3169 Lapicini,
1232 3099 1398 3156 Viennensis
1406 3102 1634 3158 acatesiaeaatavi
1645 3105 1787 3176 episcopi·

175 3168 333 3223 Auranitis:
357 3167 416 3221 «ile
436 3163 858 3222 ositioAvitisacerdotis.dtici
879 3181 934 3221 nio·
989 3168 1106 3222 [lentim
1131 3169 1205 3239 typis
1229 3171 1406 3227 minoribus:
1435 3196 1445 3220 ι
1468 3172 1614 3242 Ascaloni,
1638 3186 1791 3232 sanctorum

138 3239 230 3294 nachi.
255 3237 378 3294 Lotharii
399 3182 536 3293 adbatisn
562 3236 619 3317 'Pro
642 3235 754 3292 hoodie
778 3245 805 3293 et
819 3238 870 3293 suli
892 3237 935 3293 his
990 3245 1143 3319 martyrum
1160 3239 1233 3320 liris,
1255 3242 1348 3296 Prasii
1363 3251 1390 3299 et
1403 3244 1481 3300 Elis.
1494 3244 1625 3310 Quorum
1642 3247 1793 3329 primusmh

138 3311 265 3366 terminis
284 3325 380 3365 omnes
391 3324 468 3402 aeque
483 3309 569 3380 ignoti
582 3315 658 3364 sunt.
990 3309 1054 3364 fidei
1068 3311 1281 3378 confessionem,
1296 3313 1325 3368 in
1342 3329 1437 3386 rogum
1453 3314 1599 3386 conjectus
1610 3318 1676 3387 luit,
1688 3319 1794 3392 reliquis

173 3381 383 3440 Benacenses:
394 3407 403 3428 ‹
416 3380 560 3437 iortunati
569 3379 749 3436 Pictaviensis
758 3380 896 3462 episcopis
909 3388 936 3436 et
990 3380 1097 3436 duohus
1104 3383 1193 3453 capita
1204 3391 1268 3439 sunt
1283 3392 1427 3457 amputata
1453 3411 1462 3433 ·
1480 3386 1553 3443 Vide
1563 3389 1684 3446 Ensehii
1697 3389 1791 3446 lihruio

137 3455 324 3510 confessoris.»
344 3452 413 3508 Vide
423 3452 619 3522 Castellanum,
631 3452 679 3525 qui
691 3459 778 3508 temni
789 3468 935 3508 nominum
989 3451 1023 3507 de
1037 3453 1207 3525 lllartyrihus
1220 3456 1373 3512 Palestinae
1387 3474 1447 3529 cap,
1465 3457 1507 3526 tn,
1524 3461 1600 3532 apud
1622 3461 1792 3518 liuinsrtinn

136 3523 301 3596 ejusseriein
312 3525 605 3580 distincteenuinerat.
916 3594 920 3602 ¹
989 3524 1063 3578 inter
1077 3526 1193 3594 selecta,
1210 3542 1298 3598 apag.
1315 3528 1378 3584 sii.
1394 3529 1540 3611 Denique:
1560 3554 1569 3577 ι
1587 3532 1790 3590 heodiisdssu·

170 3598 266 3652 Editio
280 3595 468 3650 huneco-Cos.
485 3595 602 3666 incipit:
631 3616 641 3640 ι
662 3595 756 3651 Remis
775 3594 935 3666 metropoli,
990 3603 1065 3651 ctum
1078 3597 1426 3667 AEgiiliumnlntusbestae
1434 3600 1644 3661 odilisvidua
1655 3607 1786 3663 recisse.»

35 3645 38 3650 ⁸
136 3667 226 3737 passio
239 3671 398 3722 sanctorum
412 3664 535 3722 Nichasii
548 3663 682 3736 episcopi,
699 3671 726 3718 et
746 3673 846 3721 sancte
873 3666 936 3721 Eu-

135 3879 303 3941 XVllllial.
1686 3895 1784 3954 mm,

171 3972 250 4044 Apud
265 3968 387 4026 Africam
398 3964 470 4023 beati
486 3963 627 4023 Valeriani
640 3963 760 4039 episcopi
775 3974 802 4024 et
815 3969 991 4042 confessoris,
1007 3972 1054 4048 qui
1067 3992 1130 4034 cum
1145 3986 1216 4036 esset
1228 3996 1363 4039 annorum
1378 3982 1440 4056 plus
1455 3983 1610 4058 octoginta,
1625 3994 1708 4046 extra
1721 3987 1788 4046 ciri·

133 4069 216 4118 tatem
231 4057 379 4131 singularis
393 4054 495 4129 expelli
507 4054 600 4128 jussus
613 4063 663 4124 est,
681 4064 709 4112 et
722 4055 760 4113 ita
774 4068 941 4132 preceptum
955 4071 986 4119 ut
1001 4066 1095 4123 nullus
1104 4083 1167 4125 etim
1183 4087 1272 4144 neque
1286 4072 1316 4127 in
1327 4071 1410 4129 domo
1421 4071 1548 4147 usquein
1560 4092 1630 4148 agro
1644 4075 1788 4134 dimiitsret

133 4150 274 4217 habitare;
290 4147 384 4221 sicque
397 4148 426 4203 in
436 4155 522 4204 strata
535 4146 646 4220 publica
664 4149 753 4204 multo
767 4156 891 4224 tempor,
899 4152 989 4209 nudus
1003 4153 1054 4210 suh
1069 4172 1130 4213 aare
1152 4157 1256 4230 jacens,
1273 4160 1302 4215 in
1315 4161 1489 4220 confessione
1503 4162 1655 4223 catholice
1669 4164 1787 4224 veritatis

132 4249 159 4298 et
171 4239 330 4299 defensione
339 4239 529 4305 sanctimonii,
543 4253 655 4297 cursum
670 4237 756 4295 beate
770 4238 835 4297 vitas
849 4238 1009 4315 complevit.
1036 4244 1068 4299 ln
1093 4244 1235 4305 territorio
1248 4246 1504 4319 Aurelianensium
1531 4254 1625 4311 uncti
1647 4253 1785 4313 &nisisi

131 4329 305 4393 confessoris.

894 4463 1012 4524 NOTAE.

165 4576 339 4636 Conveniunt
353 4577 461 4634 codices
476 4575 600 4648 plurimi,
625 4583 657 4632 ut
670 4577 793 4647 Proteia,
808 4580 958 4652 Herinien,
979 4586 1135 4656 Terraene,
1151 4589 1386 4661 Arianae-llas,
1402 4589 1536 4664 Antnerp.
1547 4598 1577 4648 et
1591 4590 1775 4654 Ham-Lissen.

128 4668 274 4734 Munerat,
286 4667 396 4722 ereren
411 4668 549 4727 etdialas.
565 4668 708 4727 decedunt
722 4672 943 4745 Aethera-Mas.
960 4684 987 4732 et
1001 4677 1069 4734 socii
1083 4678 1192 4736 codices
1208 4680 1306 4738 media
1321 4689 1404 4738 notae.

714 4794 915 4854 veniamus
936 4800 1142 4860 LECTIONES.

164 4901 281 4959 (irenen.
293 4907 320 4955 et
333 4899 434 4954 Melan.
451 4899 485 4955 de
504 4901 651 4959 Valeriano
671 4903 960 4977 scribunt,qnicn·ai1)
977 4908 1106 4964 mendose
1120 4907 1231 4979 scripsit
1253 4911 1398 4964 maltornin
1422 4915 1579 4980 temporarii.
1596 4908 1773 4967 Emendatius

127 4980 191 5030 esset
203 4987 336 5028 anamais
361 4971 504 5052 plusquam
518 4975 657 5044 artasiam,
673 4976 736 5031 aliis
750 4993 845 5034 omnes
859 4995 921 5034 cum
977 4981 1091 5037 fortasse
1105 4981 1180 5052 loqui
1194 4980 1285 5037 voluit
1303 4981 1454 5036 Tornacen.
1479 4981 1546 5037 dnm
1565 4980 1774 5054 promisssione

127 5046 233 5112 Adane,
245 5051 272 5099 et
287 5044 362 5099 fonte
381 5059 439 5115 ipso
452 5044 524 5099 unde
538 5044 801 5118 haecacceptasmit,
823 5066 922 5122 nempe
975 5052 1142 5108 sanctimonii
1161 5053 1282 5108 correxit
1306 5052 1456 5122 defensione
1474 5053 1670 5110 sanctimoniis.
1693 5052 1772 5109 rans

127 5116 239 5174 Victore
259 5115 378 5173 Vitensi.
394 5114 474 5170 Solus
499 5115 611 5172 Beliiius
636 5118 711 5189 legit,
737 5127 760 5174 et
776 5122 921 5193 impreco·
996 5124 1043 5179 uid
1058 5124 1270 5192 sanctimoniam,
1284 5124 1351 5196 quid
1374 5130 1460 5179 strato
1479 5124 1653 5196 significent,
1667 5122 1772 5183 soant

122 5195 198 5259 ptum
212 5194 258 5243 est.
274 5188 319 5245 sic
334 5186 409 5243 solus
421 5186 561 5244 lierinien.
571 5188 712 5245 dimitteret
726 5192 922 5250 hahitarecor-
975 5141 1110 5252 dolensis.
1123 5197 1217 5252 Alium
1231 5211 1340 5251 sensum
1350 5195 1530 5251 efformarunt
1539 5196 1771 5270 seluern-lu·-

125 5259 212 5330 rigere
224 5258 593 5341 quodammodonvoluitper
603 5262 699 5317 sineret
712 5264 841 5321 hahitare.
856 5265 920 5322 Gre·
976 5267 1088 5335 liuhan,
1110 5267 1200 5322 Belin.
1214 5273 1241 5323 et
1254 5265 1364 5324 codices
1378 5281 1475 5323 omnes
1494 5266 1595 5324 inediis
1608 5274 1695 5352 nolo,
1708 5264 1770 5325 tiu
1793 5298 1797 5311 ·

125 5345 188 5408 sen.
205 5340 231 5385 et
245 5332 346 5401 lliolan,
362 5331 692 5459 arelii'uisdissentiunt,
709 5334 863 5393 scribentes
877 5336 921 5392 sed
977 5338 1016 5395 sic
1031 5346 1147 5420 ponunt,
1159 5340 1188 5393 in
1198 5337 1398 5408 confessionem
1415 5337 1567 5408 &sessione
1583 5340 1709 5397 mittut
1731 5352 1772 5397 ee·

125 5414 155 5452 in
167 5406 252 5478 strata
266 5403 388 5472 pahliea;
404 5417 447 5460 me
461 5405 504 5459 ius
527 5402 557 5459 in
580 5411 667 5462 textu.
684 5406 788 5464 liursus
805 5416 920 5481 uterque
976 5412 1085 5468 natica.
1101 5411 1205 5467 Ultima
1219 5410 1394 5466 annuntiatio
1409 5408 1503 5483 phrasi
1513 5406 1770 5485 Ussudlmmi·

125 5468 192 5548 legit
206 5472 276 5550 ando
290 5476 337 5529 snb
360 5492 428 5531 aere.
446 5477 543 5532 Fateor
562 5478 689 5549 equidem
707 5478 746 5534 ita
771 5479 865 5535 haberi
889 5480 919 5536 iii
974 5481 1070 5551 mitur,
1083 5499 1139 5538 non
1153 5482 1319 5551 Aurelianis,
1333 5480 1422 5538 necis
1442 5480 1549 5537 emitote
1570 5478 1770 5551 ΔΜ

125 5538 247 5620 Victoris
267 5540 388 5601 Vitensis
415 5547 535 5604 editione
556 5547 748 5619 Chiffletiana,
771 5559 799 5606 at
822 5551 920 5607 Noster
973 5569 1024 5609 nec
1039 5554 1066 5608 in
1081 5554 1216 5609 territoria
1229 5552 1461 5622 damnaremini
1474 5548 1769 5625 hehontmifltv

124 5608 309 5690 Viennensem
323 5625 432 5673 secutus
443 5621 919 5696 est,inquosimassnliaeresicque
972 5641 1036 5680 ven.
1054 5634 1081 5681 et
1103 5626 1216 5694 Melan„
1240 5624 1286 5681 sed
1309 5626 1338 5679 in
1362 5624 1499 5681 territorio
1521 5622 1769 5692 Am

123 5694 158 5737 ex
174 5686 369 5766 manuscriptis
381 5687 412 5742 in
422 5689 702 5749 novissimaeditioue
713 5697 835 5751 restituit
845 5694 918 5752 liui-
973 5696 1113 5764 Quaeritur
1134 5712 1168 5754 an
1182 5712 1246 5754 cum
1261 5696 1385 5753 Prstensi
1397 5702 1427 5753 st
1437 5694 1594 5761 Μ
1604 5685 1777 5782 m

122 5757 239 5810 narnus.
258 5750 370 5810 Erravit
381 5754 515 5817 Munerat.
540 5760 606 5819 dum
627 5778 677 5836 pro
699 5766 782 5823 malta
804 5772 919 5838 tampnis
972 5767 1343 5842 antuerp-lisldloswsyd.
1357 5765 1425 5825 oth
1553 5774 1569 5799 ’-
