3834 6136
57 204 115 273 iot

590 202 907 274 hiarinoiocluii.
932 245 969 259 -
986 216 1090 275 illins,
1111 210 1182 274 llll..

1663 222 1717 281 298

54 346 161 397 ιιιιιιιι
173 337 357 420 Glodesiniiis
370 338 496 423 virginis.
508 339 645 410 Treveris,
657 342 744 398 sancti
758 342 867 415 bimae·
880 344 906 405 A
921 342 1033 398 nominc
1048 342 1077 398 in
1092 341 1165 399 Beda
1178 351 1273 398 nostro
1286 342 1379 399 editus
1392 351 1443 411 est,
1458 350 1485 399 et
1500 343 1651 406 itabanuiu.
1668 350 1721 408 Co.

57 410 123 481 rici,
135 411 262 485 episcopi
276 419 304 467 st
316 409 490 468 contessoris.
511 436 521 460 ι

94 481 334 540 sircam-iiix.
347 481 423 538 hisce
435 497 467 539 su
503 482 609 541 raddit:
629 484 720 541 «item
737 484 797 557 ipso
808 485 863 555 die,

56 553 148 612 uncti
160 551 260 610 iudoci
276 553 430 620 heremitis,
446 552 465 609 ii
478 553 499 611 ii
518 555 589 626 regis
602 555 761 613 Britanniis.
777 582 786 603 ·

94 625 273 684 emmens:
293 624 423 682 «Natalis
435 624 507 683 beati
520 625 614 682 iacobi
629 627 756 700 apostoli,
772 627 865 684 iratris

56 696 173 753 ioannis
193 695 383 769 euangelistae,
399 697 447 770 qui
467 696 619 755 decollatus
638 708 680 755 est
699 699 732 754 ab
757 699 865 755 iisrods

55 769 251 850 ierosolymis,
272 777 304 824 ut
325 766 397 823 iiber
417 771 536 825 ictuum
554 771 744 841 apostolorum
769 770 862 827 refert.

56 841 88 897 iu
104 840 200 900 Lucia.
216 839 332 896 civitate
344 840 457 902 Samon.
473 840 560 896 sancti
576 839 740 898 Christoicri
763 852 863 914 inarty·

55 912 106 979 ris,
120 911 181 984 qui,
196 909 286 982 virgis
298 909 395 966 isrreis
409 911 537 967 astrictus
552 919 578 966 st
592 911 712 968 iiammis
721 913 864 970 estuantis

56 980 190 1048 incendii,
202 981 308 1040 Christi
319 982 424 1038 virtuts
438 984 570 1049 salvatus,
586 982 621 1039 ad
636 985 767 1039 uitiinum
782 983 862 1055 sagit·

56 1061 147 1110 tarum
163 1052 268 1110 ictibus
281 1052 436 1117 confossus,
462 1053 626 1124 martyrium
650 1053 862 1111 obtruncatione

57 1125 156 1197 capitis
168 1124 333 1206 complevit.
349 1123 468 1182 Ciuitate
482 1123 648 1192 barcinona,
663 1125 751 1183 sancti
766 1125 863 1184 Cucu-

58 1196 107 1252 iati
122 1203 256 1268 martyris
270 1195 395 1268 gloriosi.
411 1195 514 1264 Rome,
529 1195 617 1253 macti
641 1195 760 1253 Nemesii
786 1214 863 1252 mar-

57 1266 138 1339 tyris.
154 1266 288 1336 Parisius,
303 1266 450 1324 translatio
472 1266 561 1323 sancti
585 1264 725 1335 Germani,
741 1267 863 1350 episcopi

57 1348 85 1394 st
97 1338 276 1397 couietsoris.
291 1339 324 1396 ιιι
342 1354 412 1411 papo
435 1337 565 1405 Pontivo,
589 1339 716 1396 inventio
739 1356 863 1412 corporis

57 1409 147 1466 macti
160 1408 260 1467 iudoci
274 1409 464 1467 confessoris.»

91 1479 290 1551 Diluntum,
308 1481 338 1537 in
357 1481 449 1538 tribus
462 1479 560 1555 primis
573 1479 639 1538 satis
653 1498 749 1554 purus,
765 1491 862 1555 quarto

59 1552 124 1608 ioco
141 1553 244 1624 pouit:
261 1550 374 1622 «dietis,
390 1553 480 1609 natale
493 1560 594 1610 sanctae
609 1551 786 1610 Giodssindis
800 1555 863 1611 vir-

60 1622 139 1695 ginis
152 1624 287 1696 gloriosas,
301 1640 370 1705 quas,
386 1640 518 1696 sponsum
537 1622 656 1696 fugiens,
681 1625 807 1681 velamen
828 1626 862 1683 de

921 412 990 470 litui
1005 412 1033 469 in
1047 413 1182 478 Romano,
1198 431 1249 470 vni
1264 413 1434 470 Decembris.
1542 430 1548 439 ’
1587 462 1592 472 .

957 487 1125 542 Fconsuriri.
1148 485 1275 554 «nome,
1296 485 1384 542 sancti
1404 485 1583 560 Eutychiani,
1600 504 1675 563 papa
1692 500 1721 549 et

921 556 1060 629 martyris.
1075 582 1085 606 ι
1106 559 1146 613 De
1180 573 1214 612 uo
1226 555 1284 639 jam
1299 556 1435 613 diximus.

956 627 1112 684 Luxoviss.
1136 653 1145 675 ι
1196 635 1257 695 etis,
1276 637 1376 685 sanetas
1396 629 1550 686 Giotsindis
1564 630 1608 685 vir
1627 632 1715 690 inis..

956 699 1055 755 Epirio
1072 699 1283 767 busiaco-Coc,
1300 700 1327 754 in
1344 698 1433 756 tribus
1448 700 1545 773 primis
1561 648 1667 759 modice
1681 705 1721 761 in·

920 772 1063 842 terpoiata,
1078 770 1192 827 subdit:
1216 795 1225 818 ι
1241 771 1449 844 Hierosolymis.
1464 773 1552 828 sancti
1566 774 1647 830 Josiae
1657 776 1721 832 scri·

919 841 970 904 his,
986 842 1034 914 qui
1051 842 1192 899 Christum
1208 844 1330 901 lucratus
1350 850 1401 908 est,
1428 844 1485 915 iege
1509 844 1614 912 calicis,
1637 853 1668 902 ut
1692 847 1721 903 in

919 912 1003 984 gestis
1018 913 1089 968 beati
1103 913 1227 970 iacobia
1247 914 1328 970 ostoli
1345 914 1453 984 legitur.
1471 939 1480 960 ι
1500 916 1539 970 De
1554 915 1721 988 hiaonsrico,

919 990 1056 1055 utsupra.
1074 984 1161 1040 Dein:
1186 1010 1215 1040 «i
1236 984 1317 1051 ethis,
1330 987 1420 1041 natata
1435 993 1535 1041 mncte
1546 959 1722 1045 Glodesindis

919 1054 1719 1127 virqinis,cu'ussepuicruincrebrismiraculisiiiuslralur.

920 1127 951 1181 in
971 1141 1039 1198 pago
1090 1126 1205 1194 eideiisi,
1225 1127 1363 1200 depositio
1377 1128 1464 1184 sancti
1486 1128 1556 1195 Ursi,
1573 1127 1721 1187 Tuscorum

919 1196 1040 1269 episcopi
1054 1206 1082 1254 et
1104 1197 1278 1255 confessoris.
1304 1197 1409 1254 Eodem
1431 1198 1476 1254 die
1498 1200 1584 1254 sancti
1610 1200 1721 1272 Ursicii,

919 1268 1038 1341 episcopi
1067 1275 1093 1325 et
1115 1269 1315 1326 comessoris.»
1336 1271 1375 1325 De
1394 1270 1574 1327 translatione
1591 1270 1722 1329 Germani

919 1345 950 1394 ιιι
976 1355 1067 1411 supra.
1091 1341 1233 1397 Damam:
1262 1366 1271 1388 ‹
1295 1341 1356 1412 ipso
1374 1340 1430 1408 dis,
1453 1341 1578 1397 inventio
1599 1343 1722 1416 corporis

918 1410 1006 1466 sancti
1020 1410 1128 1478 iudoci,
1145 1409 1297 1483 presbyteri
1312 1419 1339 1467 et
1353 1410 1527 1468 coniessoris.
1545 1436 1555 1461 i

953 1481 1061 1548 Betim,
1069 1481 1152 1538 tertio
1163 1481 1223 1538 loco
1234 1482 1329 1539 habet:
1345 1505 1354 1529 ι
1365 1481 1482 1539 Ciuitate
1488 1482 1624 1553 Parisios,
1633 1491 1727 1541 trans·

919 1551 1020 1620 iatio,·
1041 1560 1094 1609 etc.
1115 1552 1179 1608 Post
1203 1569 1284 1626 quain
1306 1552 1545 1609 annuntiationem
1569 1555 1718 1627 sequitur:

926 1622 1068 1679 «Ciuitate
1083 1623 1255 1691 Barchiiena,
1271 1624 1361 1680 namie
1379 1623 1451 1679 beati
1469 1623 1597 1682 Cucufati
1611 1633 1721 1699 marty-

60 1695 389 1775 manuapgeiisuscipere
399 1695 649 1763 meruit.i'revsris‚
659 1695 748 1751 sancti
758 1696 865 1777 blegne·
880 1701 902 1760 Β
918 1694 966 1762 ris,
983 1718 992 1739 ·
1015 1693 1062 1749 ubi
1074 1693 1158 1762 sistit,
1174 1702 1314 1776 expuncto
1326 1694 1426 1766 elogio.

60 1765 123 1846 rici,
137 1766 259 1848 episcopi
273 1775 301 1823 et
314 1766 490 1834 confessoris,
500 1765 548 1840 qni
559 1766 669 1823 beatum
680 1767 861 1838 Gangericum

58 1837 180 1894 clericali
205 1837 313 1894 miiitiae
332 1837 470 1911 ascripsit.
495 1863 504 1885 ι
530 1838 661 1910 Sequitur
686 1861 695 1886 ‹
719 1839 863 1897 translatio

61 1908 146 1964 uncti
162 1907 304 1965 Germani.
322 1936 331 1957 ·

93 1978 278 2037 iiansxoisrr.
294 1980 328 2037 de
339 1981 440 2038 iaccho
455 1989 482 2037 et
496 1979 696 2054 Christophoro
711 1980 807 2053 longos
822 1998 862 2039 re·

60 2049 132 2119 citat,
146 2050 216 2108 aiibi
232 2051 432 2110 discutiendos.
444 2054 475 2108 ln
484 2051 616 2110 Cucufate
631 2053 698 2109 satis
711 2069 796 2125 purus
810 2060 861 2110 est.

62 2123 97 2178 De
119 2123 306 2180 translatione
326 2124 415 2181 sancti
436 2123 565 2179 Germani
594 2123 666 2179 nihil
693 2123 786 2191 habet,
814 2124 862 2180 sed

63 2191 117 2265 ejus
131 2194 193 2252 ioco
206 2195 354 2252 substituit
367 2215 374 2253 ;
397 2195 500 2263 «item,
511 2195 655 2251 translatio
665 2195 753 2253 sancti
764 2195 863 2253 iudoci

63 2264 243 2333 wuiessoris;
261 2291 270 2313 ·
292 2284 354 2341 quae
368 2283 450 2340 supra
465 2267 493 2322 in
507 2265 667 2324 Camunni.
688 2292 696 2315 ι
713 2266 856 2323 inventio·

64 2335 174 2463 qicitur,
193 2346 246 2395 etc.
263 2337 336 2397 Vide
355 2338 428 2395 diem
451 2336 510 2411 ejus
524 2338 652 2406 natalem,
674 2354 727 2395 1111
743 2339 864 2394 Decem-

86 2424 134 2464 ris.

19 2484 23 2491 '
95 2481 259 2542 tancmer.
272 2489 334 2555 post
348 2480 556 2538 translationem
572 2480 600 2536 S.
617 2479 757 2549 Germani,
772 2496 863 2536 recen-

66 2550 125 2607 tiori
139 2567 226 2608 manu
237 2552 335 2610 addit:
359 2577 369 2602 ‹
384 2553 420 2610 Et
432 2553 520 2609 sancti
534 2551 643 2608 lodoci.
660 2577 668 2597 ·

95 2622 255 2680 ιιιιωιιιιι.
272 2643 279 2681 ;
303 2651 312 2673 ι
327 2624 432 2682 Eodem
447 2624 503 2691 dis,
518 2623 606 2680 sancti
617 2622 715 2680 lodoci
726 2622 863 2680 contesso-

66 2692 107 2749 ris.
121 2717 130 2742 ·
149 2694 212 2751 iam
225 2694 352 2753 diximus
364 2696 454 2769 ipsum
469 2695 524 2751 ooii
538 2712 590 2751 xnr
604 2694 772 2751 Decembris.

96 2765 553 2826 Harsic.-Caiiros.-Ui.rniiecr.
567 2783 573 2821 :
602 2790 611 2813 ι
625 2766 719 2822 iacobi
731 2764 860 2837 apostoli.

66 2835 230 2894 Christoiori
245 2840 385 2912 martyris.
401 2838 543 2897 Cucufatis
558 2837 700 2910 martyris.
717 2836 863 2892 Glodesin-

65 2908 103 2965 dii
116 2908 247 2990 virginis.
263 2911 417 2968 Translatio
431 2909 504 2966 beati
517 2908 657 2976 Germani,
672 2908 793 2980 episcopi
808 2908 864 2962 Pa-

65 2979 198 3048 risiensis,
211 2981 315 3040 Felicis
327 2990 397 3038 mart
420 2981 466 3037 ris.
484 3007 493 3031 ι

96 3051 248 3108 Dicorisis.
263 3053 334 3124 sign.
347 3054 377 3111 P.
391 2999 417 3110 ay
821 3120 826 3130 ,

63 3122 103 3178 tio
123 3124 213 3179 sarach
231 3123 363 3195 Marcelli,
387 3124 508 3197 episcopi
528 3131 556 3180 et
574 3122 749 3180 confessoris.
766 3146 775 3169 ι
795 3120 864 3178 Vide

64 3195 143 3266 plura
163 3193 198 3250 de
212 3193 351 3265 iiarceilo,
366 3195 410 3252 die
425 3194 561 3270 sequenti.

95 3267 249 3323 Divioninr.
268 3266 297 3325 S.
312 3268 440 3340 benigni,
464 3266 512 3349 qui
536 3275 576 3324 est
599 3266 671 3350 apud
688 3265 862 3326 Cistercium.

71 3336 155 3409 ‹Ipso
168 3336 216 3393 die
228 3337 301 3395 beati
314 3339 418 3395 Juiiani
439 3339 571 3411 episcopi.
592 3339 644 3394 iiic
662 3337 715 3393 init
738 3355 810 3394 unsis
831 3338 865 3393 de

65 3424 117 3463 axx
128 3408 234 3466 Christi
249 3409 406 3483 discipulis,
425 3425 506 3482 quein
523 3409 676 3465 transmisit
697 3409 792 3466 beatus
811 3411 866 3465 Pe-

65 3488 120 3536 trus
129 3481 273 3551 apostolus
286 3480 477 3538 Cenomanioes
488 3481 595 3537 civitati
610 3481 644 3536 ad
659 3480 864 3553 predicandum

64 3552 179 3606 rerbuin
194 3552 257 3608 Dei.
277 3576 286 3600 ι
309 3552 380 3610 Vide
395 3553 428 3608 ad
444 3553 590 3608 iliusuaar.

100 3622 267 3680 sissimo.
287 3624 340 3681 sub
359 3632 426 3681 uota
447 3639 524 3681 num.
546 3623 621 3680 428:
655 3648 665 3670 ‹
688 3621 864 3690 Cenomanis,

63 3693 208 3750 translatio
226 3694 316 3752 sancti
340 3695 455 3763 iuliani,
484 3694 606 3768 episcopi
634 3703 662 3751 st
688 3694 864 3751 contessoris.

63 3765 220 3833 Belioacus,
238 3768 327 3824 macti
349 3767 456 3824 Ebruiii
477 3766 674 3825 contessoris·
697 3766 801 3823 Gallice
820 3781 866 3820 vo·

63 3842 147 3892 catur
164 3837 282 3903 dissolu
300 3838 335 3895 de
359 3855 414 3912 quo
438 3840 468 3895 in
492 3837 689 3910 iiartyrologio
715 3836 866 3893 universali

64 3913 147 3963 notat
160 3906 329 3966 llastsiianm
342 3911 468 3967 abbatem
482 3910 566 3967 iuisss
581 3908 615 3965 ad
637 3933 646 3956 ·
663 3909 691 3964 S.
707 3909 835 3965 Fusciani
850 3932 859 3953 ·

63 3993 153 4052 prope
165 3979 333 4062 ambianum
348 3984 486 4054 sepultum
507 3978 627 4038 Oratorii
642 3979 671 4034 in
684 3996 757 4106 gaqe
771 3980 867 4035 Delio-

64 4065 189 4120 raosusi,
207 4052 328 4127 indque
342 4069 442 4125 corpus
456 4051 515 4123 ejus
527 4054 556 4109 in
571 4052 667 4107 urbem
707 4066 721 4106 e
735 4052 867 4108 lovacen-

64 4137 122 4179 sam
136 4121 172 4179 ad
186 4120 217 4179 S.
231 4122 307 4182 Petri
321 4125 496 4181 translatum.

102 4193 133 4250 iit
144 4192 299 4266 varicare,
313 4212 392 4253 num.
403 4194 483 4254 tata.
498 4196 578 4252 Deest
593 4201 652 4250 tota
662 4192 762 4250 ultima
775 4201 869 4249 nostra

66 4266 245 4325 annuntiatio
259 4266 295 4324 rie
313 4293 322 4316 ι
337 4269 517 4326 transtatione
532 4265 559 4322 S.
578 4265 718 4322 Germani.
735 4289 744 4312 ι

103 4338 244 4395 umes.
264 4340 392 4409 thoma,
407 4338 506 4395 natalis
519 4338 607 4394 sancti
618 4335 767 4409 Eutyciani
781 4351 865 4407 papas,

953 1763 1079 1821 Gnarus.
1099 1783 1105 1820 :
1129 1764 1289 1834 «Treveris,
1309 1765 1397 1821 sancti
1421 1766 1579 1838 iiiagnerici,
1600 1769 1721 1849 episcopi

917 1843 944 1891 et
966 1835 1139 1892 contessoris.
1159 1835 1212 1902 Qui
1226 1853 1242 1892 a
1256 1842 1352 1893 sancto
1376 1836 1471 1894 Niceto
1497 1837 1621 1909 eiusdem
1644 1840 1722 1896 urbs

917 1923 931 1963 e
953 1906 1046 1979 iscopo
1071 1907 1212 1974 educatus,
1233 1924 1308 1975 eum,
1329 1906 1364 1964 oh
1381 1909 1469 1964 esium
1481 1908 1607 1980 justitias,
1622 1926 1637 1964 a
1652 1910 1721 1968 Cio·

918 1923 1009 2033 aiano
1029 1979 1057 2034 in
1080 1979 1210 2034 exsilium
1226 1979 1348 2051 pulsum,
1369 1995 1424 2035 non
1439 1979 1598 2052 dereliquit,
1613 1980 1722 2053 sibique

917 2048 1093 2121 postmodum
1108 2050 1189 2131 digne
1204 2050 1346 2106 successit.
1360 2050 1391 2106 In
1403 2066 1470 2122 pago
1484 2050 1628 2117 bieidsnsi,
1639 2050 1723 2122 depo-

917 2119 982 2176 sitio
998 2120 1071 2176 beati
1086 2120 1159 2189 Ursi,
1182 2121 1330 2177 Trecorum
1350 2121 1470 2192 episcopi
1492 2128 1519 2177 et
1545 2122 1719 2179 contessoris.

918 2193 996 2259 item,
1011 2199 1170 2248 sanctorum
1185 2193 1290 2250 ilustici
1305 2200 1332 2246 et
1348 2193 1491 2248 Florentii.
1504 2192 1614 2262 biethis,
1631 2193 1722 2249 natale

917 2271 1017 2318 sanctas
1032 2262 1208 2318 Glodesindis
1222 2263 1350 2354 virqinis,
1361 2262 1440 2335 cujus
1449 2267 1606 2333 sepulcrum
1616 2264 1722 2321 crebris

918 2335 1074 2389 illustratur
1089 2334 1239 2390 miraculis.
1263 2335 1438 2398 Cenomanis,
1464 2335 1608 2390 translatio
1631 2336 1721 2391 sancti

917 2404 1032 2469 iuliani,
1054 2405 1175 2476 episcopi
1190 2413 1217 2460 et
1235 2405 1409 2461 contessoris.
1434 2406 1494 2474 ipso
1515 2404 1570 2472 die,
1594 2406 1720 2461 inventio

917 2493 965 2533 cor
984 2476 1040 2531 oris
1055 2476 1143 2531 sancti
1161 2475 1269 2543 lodoci,
1296 2475 1448 2547 presbyteri
1463 2482 1489 2530 et
1511 2475 1712 2531 contessoris.»

918 2493 989 2604 vid'e
1000 2563 1059 2619 quis
1074 2564 1106 2602 sn
1128 2563 1156 2602 ra
1168 2547 1292 2603 diximus
1306 2546 1341 2601 ad
1353 2547 1533 2601 Haoasoieii.

953 2619 1062 2674 lionis.
1086 2562 1171 2690 «ipso
1185 2618 1230 2673 dis
1246 2618 1348 2682 hiettis,
1367 2618 1466 2672 natalis
1489 2622 1590 2672 sanctis
1613 2615 1720 2673 Gioie-

917 2689 1286 2760 aindisvirginisireveris,
1302 2687 1390 2744 sancti
1411 2687 1557 2778 iisqnsrioi
1586 2687 1718 2759 episcopi.

918 2761 1036 2819 Ciuitate
1051 2760 1172 2828 Parisiis,
1189 2759 1333 2815 translatio
1346 2759 1433 2814 sancti
1447 2756 1586 2823 Germani,
1598 2756 1719 2830 episcopi

917 2842 944 2889 et
969 2830 1143 2889 contessoris.
1173 2832 1204 2888 in
1228 2847 1296 2902 pago
1319 2829 1463 2896 hieidensi,
1487 2828 1623 2900 depositio
1647 2828 1719 2884 beati

918 2903 990 2969 Ursi,
1001 2903 1149 2960 'irecorum
1164 2901 1285 2974 episcopi
1300 2908 1327 2956 et
1341 2900 1516 2956 contessoris.
1535 2923 1545 2945 ·
1565 2900 1645 2963 Dein,
1663 2899 1722 2959 mi·

918 2974 1137 3057 noiibustypis:
1167 2973 1314 3031 «Ciuitate
1339 2971 1484 3037 AEduensi,
1509 2969 1597 3025 sancti
1621 2970 1720 3027 ileticii

421 3072 427 3109 :
451 3051 590 3111 «Ciuitate
603 3051 734 3119 Parisius,
751 3049 865 3105 transta-
880 3052 901 3110 l}
918 3046 1094 3114 confessoris,
1121 3044 1243 3117 ejusdem
1259 3043 1381 3100 civitatis
1400 3043 1532 3114 episcopi.
1549 3066 1558 3090 ι
1576 3040 1720 3096 Ειιιιιοιιοι

918 3118 995 3172 alim:
1025 3141 1034 3164 ι
1057 3119 1118 3188 lpso
1139 3117 1184 3171 dio
1204 3116 1293 3182 iistis,
1308 3123 1361 3170 etc.
1378 3114 1515 3180 Treveris,
1532 3119 1585 3166 etc.
1605 3113 1633 3166 in
1651 3127 1720 3183 pago

918 3188 1062 3255 hieidensi,
1077 3195 1130 3243 stc.
1143 3187 1193 3242 Die
1204 3187 1336 3258 vigesima
1349 3185 1456 3258 quinta,
1472 3183 1604 3238 memoria
1615 3192 1720 3238 sancta·
1792 3199 1797 3210 ·

919 3276 979 3316 ruin
995 3259 1142 3313 mulierum
1157 3256 1330 3328 Olympiadis
1343 3265 1370 3312 et
1384 3255 1534 3310 Euiraxias.
1550 3278 1560 3302 »
1577 3255 1615 3308 De
1625 3261 1720 3333 trans-⁸

920 3332 1021 3386 latione
1036 3330 1123 3385 saneti
1143 3328 1283 3394 Germani,
1307 3336 1449 3397 utsupra.
1475 3327 1592 3380 Demum
1618 3338 1718 3377 nnnori

918 3401 1093 3459 charactere:
1110 3400 1161 3453 «in
1171 3399 1325 3464 Palaestina,
1341 3397 1453 3452 civitate
1468 3394 1548 3460 Gaza,
1561 3402 1718 3473 sanctarum

919 3472 1067 3527 mulierum
1078 3470 1233 3526 Valentino
1245 3476 1272 3523 et
1286 3468 1397 3539 collegia
1412 3465 1480 3592 qqus.
1495 3466 1568 3531 Quas
1583 3464 1719 3519 Firmiiia·

919 3558 972 3598 nus
988 3558 1098 3615 praeses,
1117 3541 1174 3608 cui,
1190 3540 1276 3594 aniini
1291 3539 1414 3665 inaqnitn
1437 3539 1480 3592 ine
1498 3538 1578 3608 piane
1597 3535 1661 3602 riri,
1677 3535 1717 3589 li-

919 3614 1038 3670 berrime
1060 3611 1327 3678 contradicebanl‚a
1367 3618 1521 3664 extremuin
1545 3605 1719 3661 flammarum

919 3685 1049 3742 incendio
1069 3682 1247 3740 assumendas
1265 3681 1379 3737 addicit.
1402 3679 1507 3735 ibidem
1531 3678 1618 3758 sancti
1641 3677 1720 3733 Pauii

920 3757 1060 3828 martyris,
1076 3756 1123 3828 qui
1138 3755 1263 3811 oratione
1277 3754 1338 3808 insa
1353 3767 1402 3824 pro
1414 3750 1518 3830 judice,
1538 3747 1678 3814 carnifice,
1694 3757 1721 3805 et

919 3829 1050 3884 oinnibus
1065 3827 1093 3882 in
1106 3843 1199 3881 errore
1213 3823 1399 3890 versantibus,
1414 3836 1550 3877 cervicem
1570 3818 1664 3901 gladio
1676 3818 1721 3901 ie-

920 3900 1044 3957 riendam
1062 3899 1180 3955 libenter
1196 3895 1335 3952 submisit.
1354 3919 1363 3942 ι
1388 3893 1456 3949 Vide
1479 3892 1513 3947 de
1533 3891 1721 3969 celeberrimis

920 3972 996 4028 hisce
1009 3970 1178 4042 martyribus
1192 3966 1420 4039 hiartyroieginm
1433 3966 1586 4044 Romanuin
1598 3962 1650 4018 hoc
1664 3960 1721 4030 dis,

920 4052 947 4099 et
962 4043 1084 4115 geminas
1100 4040 1248 4098 Castaliani
1262 4040 1296 4093 ad
1313 4039 1402 4165 ipsum
1424 4042 1643 4092 accuratissimas
1661 4032 1722 4088 No-

921 4116 1001 4170 tuias.
1017 4114 1170 4169 Sumuntur
1193 4127 1227 4166 ex
1249 4111 1321 4164 iduse
1343 4109 1369 4162 io
1382 4108 1416 4163 de
1432 4107 1600 4178 martyribus
1618 4105 1724 4160 Paiaes·

920 4187 996 4252 tinae,
1011 4184 1142 4240 editionis
1157 4181 1309 4237 Valesianm
1322 4179 1371 4234 lib.
1388 4194 1449 4244 vin,
1467 4194 1526 4247 cap.
1542 4176 1664 4255 &quem
1683 4191 1722 4230 re·

920 4258 974 4312 iert
989 4255 1150 4312 iininartius
1164 4252 1237 4308 inter
1250 4251 1355 4305 Selecta
1372 4264 1432 4319 pag.
1449 4247 1511 4311 ati,
1528 4246 1576 4300 uhi
1594 4247 1722 4324 observat

921 4327 1085 4383 fortissimas
1099 4323 1222 4394 virgines
1237 4338 1252 4376 a
1267 4320 1370 4377 Grecis
1384 4318 1468 4374 recoli
1481 4331 1552 4371 xviii
1562 4316 1641 4381 iulii,
1656 4317 1722 4370 alte·

78 4407 108 4465 ιι
121 4425 239 4482 corpora
258 4417 414 4484 martyrum
438 4426 545 4493 ccccxii
559 4407 709 4491 ‚sepelivit3
732 4404 905 4489 martyrioD
923 4383 1716 4524 ramqneapudEusebiuinanonymain,abeis«iheum»

68 4490 228 4552 coronatus,
240 4483 367 4556 sepultus
379 4490 422 4539 est
435 4497 481 4537 via
495 4482 584 4554 Appia
599 4495 628 4534 in
643 4486 799 4535 conisterio
814 4476 871 4557 Ca-
924 4484 993 4542 appe
1006 4470 1068 4524 ian.

70 4550 168 4610 iixti.»
187 4552 261 4612 Vide
275 4554 310 4611 de
324 4569 357 4610 eo
369 4552 421 4611 hac
435 4552 481 4610 dis
490 4553 614 4620 Florum,
630 4550 673 4606 vei
685 4549 733 4623 qui
747 4548 799 4606 sub
813 4563 872 4618 eyns

793 4667 1002 4688 μ

71 4730 121 4788 vu
135 4730 200 4788 ital.

1609 4698 1660 4758 ne
1678 4696 1724 4756 ιι.

107 4822 210 4880 Natalis
223 4823 313 4880 uncti
329 4821 447 4887 iterasti,
463 4817 510 4894 qui
529 4817 666 4891 Philippis
680 4832 696 4873 a
710 4815 790 4872 heato
804 4810 889 4871 Paulo
903 4806 1047 4880 spiscopus
1062 4801 1184 4868 relictus,
1206 4795 1308 4853 ibidem
1327 4791 1460 4893 martyrio
1474 4798 1627 4892 ¹coronatus
1641 4789 1725 4863 quie-

74 4910 124 4964 rit.
137 4912 230 4969 ilomae
245 4911 275 4967 in
292 4919 384 4984 portu.
402 4909 490 4967 sancti
505 4907 622 4964 iacincti
638 4905 777 4976 martyris,
792 4902 840 4976 qui
854 4899 944 4973 primo
960 4898 988 4951 in
999 4898 1088 4968 ignem
1106 4891 1214 4956 missus,
1231 4886 1295 4943 iniis
1311 4886 1340 4941 in
1355 4883 1559 4985 validissimum
1569 4886 1724 4981 torrentem

75 5001 269 5072 precipitatus,
284 5002 388 5057 illesus
403 4999 508 5055 evasit:
536 5003 596 5069 post
615 4995 673 5050 haec
687 5009 703 5048 a
717 4988 855 5048 consulari
879 4986 994 5044 Leontio
1015 4984 1106 5057 gladio
1129 4995 1282 5055 percussus,
1307 4976 1393 5074 vitani
1416 4974 1518 5072 finivit.
1541 4971 1593 5067 Via
1616 4969 1724 5062 Latina,

75 5099 229 5146 nemorum
242 5090 406 5163 Simpronii,
421 5087 549 5159 Olimpii,
564 5083 709 5149 Theodoti,
727 5092 754 5137 et
769 5077 925 5150 Exuperias,
936 5075 982 5148 qui
997 5073 1106 5146 ignibus
1119 5068 1289 5141 conflagrati,
1305 5074 1336 5121 ut
1352 5070 1475 5135 ingestis
1490 5065 1577 5156 sancti
1591 5052 1723 5151 Stephani

77 5195 149 5251 papae
163 5179 275 5253 iegitur,
292 5177 421 5250 martyrii
437 5178 557 5250 palmam
573 5173 665 5245 adepti
683 5177 758 5227 sunt.
775 5167 873 5241 [Addit
884 5163 1046 5227 Bocliiort„
1061 5159 1166 5214 carsiae
1180 5158 1351 5211 charactere:
1367 5149 1521 5204 Translatie
1541 5145 1628 5199 sancti
1648 5139 1724 5197 biar-

76 5269 147 5339 celli,
161 5270 285 5344 episcopi
297 5277 326 5327 et
339 5264 529 5340 contemmis]

825 5355 942 5415 NGTAE.

109 5464 175 5524 Puri
187 5475 255 5524 sunt
265 5467 388 5537 Protesi„
404 5465 553 5535 Herieiee,
567 5458 793 5533 Aetnerp.⁴iiey'.‚
808 5455 952 5525 Actaerp„
968 5456 995 5504 et
1007 5444 1203 5512 Mac-icosi,
1225 5443 1336 5498 Graeca.
1351 5444 1378 5494 st
1391 5437 1495 5496 Meloe.

687 5580 889 5644 vastantes
916 5570 1122 5636 LECTIONES.

109 5695 140 5753 ιιι
155 5695 278 5764 Enoch,
293 5693 370 5751 nulia
385 5694 457 5750 inter
475 5692 584 5750 codices
601 5685 795 5761 discrepantia,
819 5698 876 5739 om·

77 5765 158 5826 nibus
172 5769 256 5841 piane
278 5766 318 5823 ita
339 5765 558 5825 eiioimantibus.
585 5763 692 5830 Pateor,
718 5761 877 5833 sequentem

225 5867 347 5924 Parnoi..
366 5855 494 5925 dxxii.

931 5676 1031 5735 melius
1045 5669 1199 5729 vocandum
1209 5663 1360 5738 Hyacinthi,
1373 5671 1404 5720 ut
1414 5661 1494 5720 estin
1505 5661 1627 5741 Romano
1643 5671 1729 5740 parvo

930 5757 957 5808 et
972 5749 1077 5806 Adone.
1092 5741 1220 5800 Proxime
1234 5735 1340 5796 accedit
1352 5735 1461 5793 Praten.
1478 5748 1526 5806 per
1540 5732 1671 5794 iliacam
1681 5716 1730 5784 seri

1559 5828 1597 5884 hh
