3834 6136
143 232 196 299 itt

802 222 959 297 ttsunnol
979 222 1139 297 uouncilt

1745 226 1796 290 iou

140 354 469 437 stamineumque
490 357 766 438 probattolestidtn
786 363 976 426 bonoribusA
993 363 1072 436 cnjus
1099 361 1225 433 veritate,
1256 362 1299 419 iel
1328 362 1351 419 si
1380 363 1422 420 rii
1449 360 1625 427 orthodoxia,
1656 358 1797 431 presciu-

140 436 247 494 cultum
263 437 356 502 tuisse,
368 435 447 493 sieut
458 434 573 507 prolude
587 430 810 493 manifestissime
821 440 937 504 constet,

139 526 190 565 nos
205 504 321 564 Usiiatdi
336 510 443 563 ieaturti
466 508 548 580 plane
563 514 723 581 germanum
737 502 890 565 reddidisse
903 528 909 576 ;
925 527 940 563 a

994 436 1098 490 dimus.

868 674 1058 732 atterente.

174 825 216 879 De
241 823 374 888 Passus,
397 823 557 890 Haesimus,
582 823 753 885 Tousacau„
775 823 937 876 Astauene.-

139 892 263 962 ldatone,
288 894 430 949 Auseeue.
456 901 483 947 et
506 886 708 961 Man-lmese,
729 890 885 948 blemeuaro
912 898 939 948 ci

140 966 277 1031 Gueveu,
298 964 368 1020 uitril
389 964 536 1020 dicendum
556 972 689 1035 superest.

176 1040 335 1104 licentio,
354 1044 452 1109 praeter
467 1044 585 1101 textum,
599 1037 626 1091 in
641 1037 695 1091 line
705 1036 819 1107 adjicit:
840 1064 848 1086 ι
864 1037 936 1094 Civi-

51 1133 54 1137 ⁷
139 1116 194 1165 ieie
210 1109 359 1181 blopuutia,
375 1110 462 1163 sancii
484 1108 585 1163 Albani
608 1108 771 1176 martyris.»

177 1181 285 1247 listis,
302 1179 336 1234 de
351 1180 479 1245 Quiriaco
495 1188 521 1234 et
538 1179 696 1250 Apollinare
710 1178 800 1234 addit:
825 1205 833 1227 ‹
849 1179 938 1235 Viro-

139 1259 200 1306 rum
230 1252 304 1306 inire
324 1252 512 1307 sanctitatis.»
536 1248 574 1305 lie.
597 1250 761 1306 leutfredo:
784 1276 792 1297 ·
815 1251 845 1306 In
871 1268 938 1324 pago

139 1322 312 1389 Etroicensi,
330 1350 337 1370 »
363 1332 502 1391 expuncto
518 1323 616 1389 clergie.

176 1395 304 1460 l'unsas,
324 1397 372 1448 »ln
387 1393 488 1455 Alrica,
501 1394 768 1447 ttiiialissanciorum
785 1401 937 1463 martyrum

139 1464 292 1530 Saturnini,
313 1465 418 1529 Albini,
447 1464 577 1529 Quiriaci,
603 1463 772 1534 Apollinaris
796 1481 857 1518 cuin
877 1465 938 1520 aliis

139 1536 271 1660 quinque.
288 1537 321 1590 Et
337 1535 364 1589 in
381 1534 503 1597 nitente,
520 1536 620 1588 natalis
636 1543 736 1589 sanctae
761 1536 896 1590 lanuarias
912 1545 938 1590 ei

162 1607 235 1661 riirri.
254 1632 262 1654 i
284 1608 322 1660 lle
347 1606 390 1659 liis
406 1606 467 1660 ride
487 1615 557 1660 acia.
582 1607 635 1661 »ln
654 1607 785 1672 Caesarea,
801 1607 938 1678 depositio

139 1680 225 1733 sancii
244 1677 355 1732 Eusebii
374 1677 531 1747 episcopi.»

176 1750 340 1814 levasses„
354 1750 414 1803 loco
426 1748 578 1828 perittliimc
590 1747 700 1802 inserit:
717 1746 814 1818 «Apud
828 1749 936 1820 illaquae-

139 1819 216 1880 tiam,
232 1821 320 1874 sancti
336 1819 434 1874 Albam
448 1818 599 1890 presbyteri
613 1827 640 1873 et
655 1819 794 1890 martyris,
811 1820 858 1891 qui
873 1837 936 1876 cuni

139 1895 282 1946 veritatem
295 1891 357 1946 ltdei
368 1890 499 1945 licibisei
511 1890 635 1945 Arrianis
646 1892 718 1961 apud
728 1892 833 1946 dicium
846 1894 936 1948 locum

138 1963 310 2034 praedicaret,
335 1963 376 2018 illi
402 1961 564 2033 arripientes
589 1977 651 2016 eum
666 1969 692 2021 et
709 1963 780 2030 lopas
795 1964 936 2019 civitatem

138 2035 295 2102 educentes,
313 2043 394 2105 caput
409 2034 469 2106 ejus
484 2035 540 2089 ictu
555 2034 639 2103 gladii
654 2033 840 2089 absciderunt.
856 2060 865 2081 »
884 2036 936 2090 Se-

138 2107 251 2179 quitur:
276 2106 432 2175 «titulatam,
454 2132 463 2155 »
484 2113 549 2172 etc,
569 2122 644 2177 pure.

173 2179 417 2242 Astauene-ilas..
443 2179 624 2244 Ucrnamcr„
647 2178 783 2245 Lernam,
797 2177 933 2246 Annene,

137 2252 235 2307 Dasrc.
263 2259 289 2306 et
309 2252 388 2306 Eois.
408 2249 688 2313 Erasistrato-Bima,
708 2257 795 2304 totum
827 2258 934 2305 textum

137 2331 339 2395 consequenter
354 2323 514 2387 ‹lecurruut‚
530 2320 583 2374 nisi
600 2319 673 2392 quod
687 2320 721 2374 de
737 2322 875 2375 lienietria
889 2321 934 2375 ad·

137 2395 213 2457 dant,
232 2396 355 2449 «sororis
369 2395 396 2448 S.
416 2393 575 2447 Viviauaeei
586 2392 650 2447 stliae
666 2391 757 2447 Fausti
771 2393 927 2462 triariyrisp

137 2474 163 2522 et
175 2466 335 2532 Eusebium,
348 2465 439 2535 uijam
455 2462 588 2530 elisimus,
601 2480 634 2517 ex
650 2465 770 2518 secundo
782 2463 809 2517 iu
823 2466 933 2518 tertium

136 2537 226 2592 locum
244 2537 405 2607 rejecerini;
418 2537 528 2590 demum
544 2534 577 2590 de
593 2536 709 2601 Albano,
721 2543 861 2604 praterea,
875 2544 934 2660 que

135 2608 242 2663 Lesas.
260 2602 350 2672 babet,
369 2608 396 2660 iu
418 2607 470 2661 line
485 2605 621 2661 subdant:
639 2602 737 2672 abucii
752 2606 856 2661 utristi
867 2604 883 2660 i
895 2618 934 2660 ur-

136 2685 183 2751 tyr
196 2677 341 2748 arripiens,
353 2678 480 2732 astartibus
491 2677 609 2748 propriis
619 2676 776 2747 deportavit
786 2677 819 2731 ad
831 2678 932 2744 locutis,

137 2749 184 2804 ubi
200 2765 273 2805 nutic
284 2766 384 2820 corpus
394 2748 452 2820 ejus
467 2764 531 2802 cum
547 2746 634 2818 capite
646 2748 803 2819 requiescit.
821 2761 829 2792 »
853 2747 934 2804 Nola·

135 2819 270 2875 biseiiam
288 2836 388 2875 notiten
407 2818 530 2884 «Erasini,
547 2830 555 2863 »
575 2826 709 2874 tiitiiaium
721 2819 748 2872 in
769 2811 927 2875 «urrunsa

174 2890 344 2948 Cessurae..
356 2891 385 2945 in
396 2891 436 2962 pri
443 2906 485 2944 rna
495 2891 706 2946 antinntiailone
721 2898 816 2961 purus,
825 2892 913 2971 pergit
926 2910 932 2948 ι

145 2986 154 3009 ι
169 2962 271 3028 licutae,
292 2970 392 3018 sanciae
413 2961 557 3017 Deinetriae
574 2958 701 3032 virginis,
717 2977 777 3033 quas
792 2961 846 3015 furt
862 2963 934 3018 beati

138 3035 232 3090 Fausti
248 3033 314 3090 dila.
333 3035 363 3088 ln
384 3050 451 3105 papo
467 3028 673 3098 Madriadieusi,
689 3033 777 3107 sancii
792 3030 933 3089 Leutlredi

136 3103 252 3161 abbatis.
270 3106 300 3161 lu
317 3105 420 3172 Airice,
435 3110 592 3160 selectorum
613 3103 735 3230 galilaei
751 3111 778 3159 ei
794 3103 933 3176 Apollina-

135 3179 184 3233 ris.
202 3178 322 3234 Caesarea
337 3177 493 3244 Palestinae,
509 3177 597 3231 sancti
638 3173 726 3230 usebii
744 3175 876 3248 episcopi,
892 3177 933 3232 hi·

136 3250 319 3322 sioriograpbi
344 3248 541 3316 ertulitissimi,
563 3255 645 3320 atque
664 3246 926 3319 eloquentissimi.»

136 3321 206 3379 Vide
222 3320 442 3377 Observationes.

993 822 1146 888 Palestinae,
1163 822 1297 893 depositio
1310 822 1397 877 saneti
1413 819 1524 876 Eusebii
1536 818 1667 891 Episcopi
1682 825 1710 874 et
1727 834 1791 874 con·

992 888 1114 948 fessoris.
1131 917 1139 940 »
1163 892 1246 949 Varia
1260 893 1378 965 phrasis,
1397 891 1490 947 eadem
1507 907 1559 946 res.

1030 966 1059 1019 ln
1088 965 1234 1032 Vartcau,
1264 975 1341 1019 netto.
1374 964 1456 1030 seis,
1485 963 1570 1027 deest,
1603 962 1796 1031 «Leutlredi,

993 1036 1115 1103 Quiriaci
1129 1044 1156 1092 et
1171 1036 1349 1108 Apollinaris.
1368 1060 1377 1084 ι
1399 1036 1474 1106 Saepe
1490 1033 1536 1089 bic
1554 1035 1615 1090 cod.
1632 1034 1739 1090 delicit.

1029 1109 1186 1164 Armenes:
1212 1108 1381 1175 «Bituricae,
1394 1106 1480 1163 salicti
1497 1106 1635 1178 ltadulpbi
1653 1103 1795 1188 [teodulfi]

994 1197 1007 1233 e
1030 1179 1114 1251 iscepi
1131 1187 1157 1233 ei
1169 1179 1344 1235 contessoris.
1361 1178 1392 1233 ln
1414 1177 1558 1232 Britannia
1575 1176 1687 1242 retineri,
1704 1184 1796 1232 sancti

1021 1251 1119 1306 eventii
1132 1249 1285 1323 instantii]
1295 1249 1469 1305 contessoris.
1478 1243 1508 1303 Iu
1520 1248 1633 1304 ciuitate
1644 1248 1796 1313 Cestrensi,

993 1332 1093 1377 sanctae
1108 1323 1264 1389 Walburpae
1275 1322 1422 1391 virginis.»
1445 1321 1552 1377 Colitur
1569 1328 1624 1374 xxv
1649 1320 1797 1376 Februarii

993 1401 1020 1448 ci
1038 1394 1112 1447 ltlaii.
1130 1392 1200 1448 Vide
1221 1394 1432 1447 Praetcrrnissos.

1029 1466 1219 1520 Frcaauriu:
1244 1467 1297 1520 «ln
1323 1465 1426 1529 Attica,
1453 1471 1609 1518 sauciorum
1635 1470 1796 1534 martyrum

993 1536 1114 1602 Qttiriaci
1157 1536 1336 1606 Apollinaris,
1359 1535 1513 1601 Saturnini,
1538 1533 1645 1601 Albini,
1669 1534 1795 1600 liellicii,

993 1606 1104 1674 Crismi,
1116 1579 1206 1662 i‘ersei
1217 1615 1243 1662 et
1256 1607 1349 1661 Primi.
1358 1607 1388 1661 ln
1400 1607 1522 1673 Oriente,
1533 1615 1690 1661 sauctorum
1703 1604 1795 1659 Primi

992 1687 1019 1733 ei
1034 1678 1180 1733 latiruariae.
1202 1704 1211 1727 »
1233 1679 1310 1733 Adde
1336 1679 1484 1733 Africanis.
1508 1677 1611 1742 «lieni,
1632 1685 1794 1732 saiictorum

992 1749 1157 1818 llierperidi,
1174 1751 1338 1818 Saturninae,
1356 1748 1466 1820 Sergio,
1483 1748 1592 1816 llierie,
1610 1747 1756 1803 Saturnini
1766 1757 1794 1802 et

992 1820 1124 1887 Quiriaci.
1144 1847 1153 1870 ι
1173 1821 1242 1876 Vide
1265 1822 1324 1878 baec
1347 1821 1376 1875 in
1400 1822 1478 1876 Actis
1498 1819 1596 1876 melius
1610 1819 1742 1876 discrete.
1760 1819 1793 1875 ln

991 1891 1112 1948 Eusebio
1129 1900 1156 1947 et
1172 1893 1320 1948 Lauilredo
1336 1892 1397 1964 puri
1413 1900 1487 1948 suut.

1027 1965 1183 2019 Luxovium.
1208 1990 1216 2012 ‹
1232 1966 1261 2020 lu
1277 1981 1345 2036 pago
1360 1958 1550 2031 Madriecensi,
1562 1962 1650 2021 sancii
1661 1950 1793 2019 Leutredi

990 2035 1164 2091 contessoris.
1184 2060 1193 2082 »
1215 2035 1312 2092 Melius
1330 2053 1422 2116 supra,
1447 2034 1652 2092 »Leutlredi.»

950 2098 974 2158 B
1024 2107 1124 2162 Eorrro
1151 2107 1359 2164 Loacus-Con.
1379 2107 1496 2178 tricipit:
1520 2132 1529 2154 ‹
1550 2098 1631 2178 Apud
1647 2106 1793 2164 Coloniam

992 2178 1183 2250 Agrippinam,
1201 2178 1228 2234 in
1245 2179 1360 2236 ecclesia
1378 2179 1466 2235 sancii
1489 2179 1603 2234 loannis
1619 2168 1752 2250 baptistae
1766 2186 1795 2234 et

991 2249 1118 2306 Cordulae
1131 2269 1137 2316 ;
1152 2251 1278 2305 inventio
1288 2258 1388 2306 sanciae
1401 2250 1569 2307 Constantia
1582 2251 1695 2321 reginae,
1706 2249 1792 2320 virgi·

991 2326 1035 2376 uls
1060 2329 1087 2377 et
1113 2323 1252 2392 ritartyris,
1270 2322 1303 2377 de
1326 2322 1455 2377 societate
1480 2330 1637 2376 sanctarum
1661 2321 1792 2377 undecim

992 2392 1122 2459 millimn,
1140 2410 1199 2465 quae
1215 2411 1288 2447 atino
1309 2393 1419 2448 Deretini
1440 2409 1592 2447 uitricaavu
1611 2392 1683 2448 lacte
1702 2400 1755 2447 est.
1776 2419 1784 2439 »

991 2462 1121 2535 Sequitur
1135 2471 1228 2520 textus
1243 2464 1329 2519 terme
1344 2472 1438 2536 purus.
1454 2463 1557 2518 iieinrle
1568 2462 1601 2518 de
1612 2464 1721 2518 Albano
1737 2454 1791 2520 ilo·

991 2536 1118 2609 plantino,
1145 2533 1790 2604 arumrlill'ertabAuauenr.-Max.,etc.'lem:

997 2600 1096 2661 «item
1122 2553 1237 2662 intenta
1262 2607 1422 2680 Agrippina,
1447 2607 1475 2661 in
1507 2608 1675 2662 monasterio
1702 2607 1792 2663 saucii

991 2672 1112 2746 blarriini,
1135 2679 1361 2735 cotnutcinrtraiio
1390 2677 1462 2734 beati
1483 2677 1587 2749 Ellpbil
1614 2679 1785 2750 martyris.-

991 2746 1100 2804 Coliiur
1126 2757 1174 2804 itrt
1204 2750 1341 2805 Octobris.
1372 2749 1538 2814 «Treveris,
1563 2749 1651 2804 mucii
1680 2750 1792 2805 mertini

990 2821 1113 2886 secundi,
1126 2819 1245 2892 episcopi
1257 2826 1284 2876 el
1297 2821 1472 2889 contessoris,
1485 2821 1532 2893 qui
1543 2821 1627 2876 etiam
1637 2820 1792 2892 Tunqrensi

991 2892 1102 2962 praefuit
1116 2882 1256 2948 Ecclesiae.
1273 2917 1282 2938 »
1303 2891 1374 2948 Vide
1389 2895 1467 2948 Acta.

1027 2962 1152 3018 linares.
1163 2974 1171 3009 ἰ
1182 2961 1262 3036 Apud
1278 2960 1457 3036 Magnritiam,
1469 2962 1556 3019 sabuti
1568 2963 1790 3037 Albauipresby·

990 3034 1041 3088 teti
1069 3042 1095 3089 et
1119 3035 1258 3107 liiariyris.
1280 3033 1330 3092 llic
1349 3040 1411 3091 edm
1429 3033 1527 3090 Gothis
1541 3043 1568 3090 et
1583 3034 1713 3090 Arrianis
1726 3033 1789 3090 ndei

991 3100 1135 3161 terltalent
1150 3109 1309 3162 eurisiantet
1324 3100 1496 3178 praedicaret,
1510 3105 1552 3160 illi
1568 3111 1629 3175 posi
1645 3107 1724 3162 sarie
1738 3113 1790 3161 icr-

990 3174 1092 3244 meuta,
1109 3187 1187 3232 extra
1202 3177 1342 3233 civitatem
1358 3177 1475 3249 ejectum
1492 3171 1711 3233 decollaverunt.
1734 3178 1790 3233 Sta·

989 3247 1203 3322 timqueccrpus
1218 3259 1360 3316 truncum,
1371 3257 1454 3375 natm
1469 3248 1497 3303 iii
1513 3262 1611 3304 manus
1624 3248 1790 3333 suscipiens,

988 3320 1113 3392 angelico
1127 3322 1224 3387 ductu,
1241 3318 1372 3376 inlocum
1389 3337 1405 3375 u
1428 3321 1526 3376 inune
1544 3319 1653 3391 placide
1662 3321 1789 3392 quiescit,

171 3383 865 3465 Bacuenses,incipit»Apudilagunciam,Atbani
871 3418 925 3450 .....
988 3391 1154 3463 deportavit.
1171 3418 1180 3439 »
1203 3393 1241 3448 De
1255 3388 1375 3467 Eusebio
1391 3392 1505 3447 inserit:
1530 3390 1790 3463 «ecclesiasticique

135 3474 166 3521 ut
192 3458 438 3531 Antaeum-litis,
455 3473 498 3520 ete
534 3464 666 3536 Sequitur
694 3461 727 3519 de
752 3464 932 3538 Syracusanis
947 3462 969 3520 C
988 3460 1237 3591 historiograpibi.»
1260 3461 1298 3519 [ie
1313 3459 1432 3520 blattino
1443 3462 1608 3533 'tungrense
1623 3471 1655 3517 ut
1667 3476 1793 3533 proatrne

135 3554 212 3608 pure.
228 3537 297 3591 Tum
314 3555 319 3591 :
344 3561 352 3581 ‹
369 3537 399 3591 ln
410 3534 514 3602 Africa,
527 3542 685 3590 sanctorum
699 3544 851 3607 martyrum
863 3536 936 3604 Qui-

135 3609 212 3674 riaci,
229 3607 410 3678 Apollinaris,
435 3607 588 3680 Saturnini,
606 3605 713 3674 Albini,
731 3605 839 3674 Bellicl,
861 3607 935 3679 Spei,

135 3679 258 3735 Crisimii
284 3688 310 3734 et
337 3677 458 3732 Primi.»
482 3674 551 3731 Vide
573 3668 677 3732 «Acta.
704 3676 808 3744 Romae,
834 3688 935 3735 senciae

134 3746 933 3823 DemetriaeuirginissorcrissanciaeJulianae[Bilrliarue]‚

135 3823 200 3889 Quae
223 3822 337 3876 fuerumt
358 3820 423 3876 tiliae
437 3819 510 3874 beati
527 3819 618 3874 Fausti
636 3815 776 3890 martyris.
791 3821 854 3876 llaec
870 3829 934 3892 cum

134 3894 206 3966 apud
223 3892 337 4019 inquunt
363 3890 505 3946 Juliatuun
521 3895 671 3972 apostatam
685 3899 737 4015 pio
757 3892 811 3947 ude
829 3890 933 3948 Christi

134 3964 248 4022 occiden
272 3982 286 4018 a
316 3960 550 4027 introduceretur,
578 3978 607 4016 in
627 3977 679 4017 con
695 3963 801 4018 essione
820 3963 934 4018 Domini

135 4036 227 4091 emisit
242 4035 405 4090 Stiriiunm
425 4034 456 4088 ln
471 4028 591 4104 Eusebio
606 4038 632 4088 ei
648 4026 933 4105 Leutlredosaiispu-

135 4124 192 4174 rus,
208 4107 237 4187 ip
251 4052 305 4160 line
319 4103 414 4161 addit:
443 4129 452 4151 ·
467 4092 536 4160 item
550 4104 663 4160 Martini
678 4105 831 4178 episcopi»
854 4105 934 4160 Tuti-

154 4194 250 4234 rensis.

135 4195 365 4316 insectarer,
385 4248 414 4304 in
433 4247 523 4322 prima
542 4247 756 4303 annuntiatione
782 4264 877 4319 purus,
899 4248 933 4306 de

135 4321 255 4377 Eusebio
271 4320 404 4391 sulrjicit:
429 4347 437 4368 ι
452 4311 505 4387 Qui
517 4316 624 4375 tantum
641 4316 742 4374 dilexit
755 4318 890 4385 studium,
902 4329 933 4377 ut

134 4394 199 4449 nile
215 4391 398 4450 Eoristantino
409 4409 508 4464 magite
523 4395 615 4463 petere
631 4391 726 4458 vellet,
743 4392 796 4446 uisi
812 4399 930 4461 tantum,

133 4473 164 4519 ut
188 4473 262 4535 gesta
282 4461 440 4520 saiieiorum
462 4463 514 4519 sibi
540 4462 672 4528 tuitiensi,
688 4463 717 4517 in
733 4460 834 4535 quibus
850 4481 931 4519 suum

133 4535 274 4606 ingenium
284 4535 317 4590 ad
331 4536 480 4591 crinitorum
494 4530 642 4591 utilitatem
653 4550 781 4591 exercere
792 4536 903 4591 valeret.
917 4562 925 4584 »

133 4608 262 4677 Sequitur
276 4607 309 4661 tle
321 4607 469 4672 Dctnetria,
480 4606 621 4674 Quiriacc,
630 4604 933 4677 Apollinareacbeut-

132 4676 209 4732 fredo
221 4677 286 4732 satis
297 4694 372 4746 pure.
383 4678 413 4732 ln
425 4679 530 4746 firie,de
545 4677 652 4732 Albano
664 4674 838 4748 Mogontinc,
849 4679 932 4748 patilo

131 4748 270 4818 prolixius
284 4763 366 4817 quam
382 4765 464 4818 supra
474 4748 661 4804 retulerimus.

991 3534 1108 3602 dictum,
1128 3560 1137 3580 ‹
1153 3570 1162 3591 i
1182 3535 1289 3592 ursicine
1301 3535 1427 3607 uliginis.
1442 3550 1451 3582 s
1469 3533 1511 3589 An
1523 3547 1557 3590 eit
1573 3534 1792 3589 Ursulani'silie

990 3605 1116 3676 Eiipblo,
1132 3614 1163 3662 ut
1179 3624 1270 3677 atqua.
1287 3607 1355 3663 ltem
1379 3605 1413 3661 de
1439 3606 1600 3662 Cortsiautia
1612 3612 1646 3660 ex'
1662 3605 1791 3661 undecim

991 3677 1126 3746 millibus,
1138 3669 1281 3751 dequibus
1292 3682 1341 3733 att
1358 3677 1496 3733 iicicbris.
1521 3694 1530 3722 a
1542 3672 1723 3733 Conseerstio
1732 3688 1791 3732 san·

989 3748 1027 3874 qli
1046 3746 1146 3829 ¹Jaccbi
1170 3749 1287 3806 minoris
1312 3749 1468 3821 apostotus
1495 3747 1568 3816 Quid
1591 3747 1645 3804 boc
1671 3749 1719 3818 sit,
1736 3764 1790 3804 uon

1014 3836 1100 3875 iiiito,

1025 3890 1153 3948 biotam:
1177 3916 1185 3938 »
1202 3883 1305 3948 Eodem
1322 3893 1376 3960 die,
1393 3890 1480 3949 sancti
1495 3891 1607 3948 Martini
1623 3891 1790 4019 Tunqlrensls

989 3962 1141 4020 Ecclesiae
1162 3965 1218 4021 iseo
1241 3965 1247 4019 l
1260 3975 1285 4020 ci
1296 3964 1471 4032 corifcsscils,
1484 3964 1531 4037 qui
1542 3963 1681 4018 cobi'attit
1715 3964 1789 4019 asbe-

989 4036 1039 4088 bos
1053 4037 1080 4091 ct
1097 3974 1193 4091 miritis
1207 3980 1306 4091 ciaruit
1327 4036 1478 4091 rirltaculls.
1496 4056 1504 4084 ι
1531 4035 1564 4090 Se
1577 4041 1694 4115 'uuniur
1708 4035 1789 4090 verba

988 4104 1107 4162 Rabaiii:
1128 4106 1178 4162 »ln
1193 4105 1219 4162 Μ
1232 4107 1343 4180 »pittatia
1361 4107 1450 4163 natale
1463 4107 1553 4176 ¹saucii
1567 4050 1670 4161 Albani
1688 4112 1788 4162 inarti-

988 4177 1036 4244 rls,
1049 4177 1096 4249 qm
1107 4178 1159 4234 sub
1171 4170 1341 4234 Diocletiano
1353 4179 1518 4251 irnperaiore
1540 4176 1575 4232 de
1585 4177 1678 4232 insule
1688 4164 1789 4233 Nausia

988 4264 1112 4320 perperis,
1125 4259 1187 4305 curii
1203 4259 1298 4325 sancio
1312 4245 1467 4306 Titeonesic
1480 4257 1507 4305 et
1521 4221 1588 4305 t'rso
1599 4245 1786 4304 Mediolanum

987 4312 1789 4393 t=errit,litdequeexieris,auxiliantellomiituperteniiad

988 4390 1101 4461 Gallias,
1112 4384 1206 4465 ibique
1217 4394 1244 4449 in
1257 4391 1371 4450 servitio
1383 4386 1430 4448 liet
1442 4391 1609 4460 manens,ed
1622 4391 1788 4464 uiartyrium

987 4470 1036 4535 pro
1052 4464 1165 4520 nomine
1180 4458 1330 4538 Saltatoris
1345 4472 1487 4539 promptus
1502 4464 1564 4519 luit.
1581 4462 1732 4536 Postquam
1743 4468 1788 4519 sii·

986 4541 1041 4590 tem
1066 4534 1095 4592 ln
1118 4534 1248 4609 Augustae
1271 4536 1384 4593 civitate
1400 4535 1495 4592 beatus
1510 4536 1595 4590 Ursus
1621 4536 1786 4608 martyrium

986 4608 1102 4678 accepit,
1119 4599 1290 4664 Tbecnestus
1304 4616 1366 4663 curn
1384 4602 1491 4663 Albano
1506 4600 1676 4681 liloguntiem
1699 4614 1788 4662 'erie-

986 4678 1043 4733 nii:
1069 4678 1190 4752 duratque
1214 4680 1252 4735 ibi
1268 4679 1428 4751 predicaret
1442 4672 1557 4734 terbum
1582 4677 1643 4745 Dei,
1662 4622 1788 4733 Alienus

985 4748 1139 4820 discipulus
1153 4746 1212 4822 ejiis
1229 4752 1392 4822 martyrium
1409 4750 1547 4822 explerit;
1564 4757 1590 4804 et
1606 4751 1734 4820 sepultus
1749 4760 1788 4805 est

167 4822 340 4885 Aomcmcr,
355 4817 389 4873 de
405 4816 535 4884 Eusebio,
549 4817 631 4873 tertio
646 4818 718 4882 loco,
730 4826 760 4873 ut
771 4808 930 4888 Patrensis,
946 4825 970 4883 D
987 4818 1025 4874 ibi
1038 4818 1120 4891 juxta
1134 4821 1291 4892 praedictam
1308 4823 1460 4878 civitatem.
1478 4846 1487 4867 »
1511 4820 1540 4876 ln
1557 4819 1732 4876 editionibus
1744 4838 1787 4904 po·

131 4891 185 4947 uisi
200 4888 274 4963 quod
289 4888 380 4955 aridai,
405 4915 413 4937 ‹
430 4890 482 4944 viri
499 4888 686 4944 doctissmi.»
708 4886 799 4961 Atque
813 4891 841 4945 in
856 4891 930 4947 llne:

137 4987 146 5008 ι
162 4964 197 5018 Ει
215 4960 339 5018 Eusebii.
355 4986 364 5008 »
388 4961 439 5017 Sed
454 4950 537 5015 veiim
558 4958 627 5015 scire
642 4959 731 5032 cujus.

164 5036 323 5090 Anesiates.
351 5032 385 5088 de
408 5031 528 5101 Eusebio
542 5031 583 5087 sic
605 5028 702 5087 habet:
726 5032 855 5103 «Eodem
872 5034 927 5104 die,

130 5108 230 5161 tratetis
244 5106 331 5163 sancii
348 5104 462 5160 Eusebii
478 5101 654 5183 Caesariensis
677 5103 812 5176 episcopi,
833 5104 886 5162 lide
901 5114 928 5162 et

128 5176 256 5233 doctrina
271 5177 419 5234 clarissimi
435 5175 499 5231 viri.
516 5201 525 5223 »
547 5170 618 5230 Vide
633 5168 854 5233 Observationes.

164 5249 571 5306 Μιτιιιι.-Ειιιιιιι.-[Ιιιιιιι.ι
594 5236 784 5329 »Thoopnesii
806 5249 927 5321 episcopi

127 5324 155 5371 et
171 5320 301 5389 martyris
315 5339 377 5375 cum
390 5319 482 5377 sociis.
500 5345 508 5365 »
527 5316 600 5374 ldem
614 5319 926 5403 uerosrrnilileresi‚qui

127 5404 190 5443 curu
202 5389 345 5445 Albancet
357 5392 423 5448 i'rso
434 5392 546 5460 colitur,
560 5397 591 5445 ui
600 5385 683 5445 latius
695 5389 776 5447 inira.
793 5392 927 5448 «Martini

125 5458 301 5528 'l'ungrensis
321 5463 429 5518 Euseiiii
450 5460 571 5535 episcopi
586 5461 775 5533 Caesariensis,
792 5462 921 5519 Laittredi

125 5529 241 5609 abbatis,
254 5532 364 5610 exirniae
378 5536 543 5592 satientatis.
555 5533 655 5589 Albani
670 5536 809 5607 martyris.
822 5527 926 5590 Deute-

126 5607 187 5655 triae
203 5618 320 5671 tiigitiis
340 5610 365 5656 et
382 5610 546 5678 ritartpins...
620 5662 621 5667 η

158 5673 317 5739 Bracaris,
340 5673 389 5728 snb
413 5685 477 5730 rnna
491 5681 512 5733 D
528 5678 561 5734 e:
584 5702 593 5724 ι
615 5670 646 5733 Iu
661 5694 731 5750 pago
746 5676 923 5744 Ebrcicensi,

122 5744 211 5799 astricti
226 5743 366 5799 Leuilredi
383 5744 499 5803 abbatis.
518 5773 526 5794 »
629 5808 636 5816 ,

155 5815 224 5872 Rea.
254 5815 336 5871 Sese.
363 5813 488 5885 irenaeus
507 5833 586 5874 num.
610 5806 684 5875 lit:
712 5805 772 5874 «in
802 5810 925 5876 Cbtire'e

986 4891 1159 4955 sierioribus,
1176 4892 1213 4947 ita
1229 4893 1330 4949 babet:
1355 4918 1363 4939 ι
1382 4893 1484 4949 Eodem
1500 4892 1554 4956 die,
1566 4893 1655 4948 salicti
1672 4892 1785 4948 Martini

985 4962 1153 5034 Futigiensis
1163 4965 1305 5032 Ecclesiae,
1318 4975 1371 5021 eie.
1383 4963 1413 5020 ln
1429 4964 1581 5035 Mogontia,
1593 4963 1686 5018 natale
1697 4966 1785 5020 sancti

983 5034 1084 5090 Albani
1099 5037 1240 5108 martyris.
1256 5036 1306 5091 Die
1322 5034 1598 5108 vigesimasecunda,
1615 5036 1785 5092 sacrosancti

984 5104 1115 5178 martyris
1129 5104 1242 5175 Juliani,
1259 5103 1346 5162 Tarsi.
1363 5133 1371 5154 »
1393 5107 1492 5162 lliirum
1509 5122 1563 5161 non
1581 5104 1678 5160 baberi
1690 5129 1699 5151 ι
1712 5108 1785 5179 vige

983 5177 1053 5232 sima
1065 5178 1163 5249 prima.
1180 5205 1188 5227 ι
1212 5179 1312 5233 Verum
1329 5187 1427 5234 neutro
1442 5194 1477 5233 ex
1497 5175 1655 5233 hisdiebus
1670 5179 1785 5245 colitur,

982 5248 1028 5304 sed
1046 5264 1094 5305 xer
1108 5249 1211 5317 Martii,
1222 5258 1251 5304 ut
1261 5257 1301 5304 est
1316 5249 1344 5304 in
1356 5248 1562 5307 Praetermissis.
1573 5247 1691 5303 Notabis
1702 5251 1784 5305 eiiam

982 5318 1010 5375 in
1027 5319 1101 5376 bisce
1116 5319 1285 5377 editionibus
1304 5318 1454 5376 Eusebium
1480 5322 1540 5377 loce
1560 5336 1610 5376 suo
1624 5322 1783 5386 exclusum,

981 5393 1059 5464 quasi
1080 5393 1107 5447 in
1128 5392 1305 5465 appendicem
1329 5393 1461 5463 rejectum
1481 5399 1542 5465 posi
1561 5391 1618 5463 ipsa
1639 5392 1780 5448 Auctarie.

982 5464 1039 5518 lino
1056 5464 1083 5518 in
1095 5467 1221 5546 exeiiiplo
1233 5463 1326 5520 nostro
1337 5465 1400 5519 atriti
1413 5479 1563 5520 nricxaxnt
1575 5463 1649 5535 quod
1661 5465 1716 5520 luit
1729 5463 1781 5520 col·

981 5534 1043 5605 legii
1061 5536 1193 5602 littacem,
1209 5536 1264 5591 al'.
1280 5536 1384 5592 Ioanne
1400 5536 1512 5603 Gravis,
1529 5536 1576 5609 qui
1591 5543 1671 5590 nolas
1685 5536 1780 5606 urarqi·

981 5606 1056 5660 itales
1073 5609 1272 5687 manuscriptas
1288 5606 1352 5664 irinc
1364 5607 1588 5674 indeaddidit,ei
1603 5606 1779 5662 anutrriiiaiio

981 5692 1039 5802 lisa
1054 5685 1081 5730 et
1095 5683 1246 5748 annotatio,
1263 5682 1317 5755 qua
1332 5688 1406 5761 parte
1422 5680 1572 5736 Eusebium
1591 5677 1777 5749 historiogra-

980 5763 997 5820 p
1013 5755 1065 5803 'utri
1078 5758 1212 5818 spectant,
1233 5753 1313 5823 plane
1331 5748 1451 5807 tiidnetae
1470 5759 1544 5806 aunt.
