3840 6136
212 207 266 268 583
874 200 1028 260 USUAllDI
1046 199 1209 260 iioivsciii
1812 194 1868 262 Μ

214 336 277 393 aliis
287 349 399 391 occixv.
415 355 426 382 ι
444 330 516 392 Vide
529 330 655 389 notulam
668 330 817 392 Castellani
831 330 861 389 in
873 331 1016 404 hiartyro-
1028 333 1054 392 A
1067 332 1210 388 heremum
1225 329 1365 410 ingressus
1378 335 1431 396 est,
1445 328 1479 385 de
1493 343 1547 401 qua
1561 326 1591 385 iu
1606 325 1709 385 virtuto
1721 323 1772 383 Dei
1783 323 1865 381 mul-

213 408 241 464 lo
261 407 287 463 io
302 404 463 462 universali.
1067 413 1127 462 tum
1138 401 1293 474 praevaluit,
1309 401 1348 457 ita
1360 399 1434 456 utde
1448 399 1495 455 illa
1509 399 1614 472 lugeret
1635 397 1737 455 bestias
1756 401 1785 452 et
1810 393 1865 452 de-

279 493 398 534 unanir.
415 476 607 549 postiaterire,
637 474 734 533 inserit
763 493 769 533 :
802 475 934 533 «Eodem
958 472 1012 543 die,
1068 491 1172 533 mones.
1188 475 1224 530 Et
1239 473 1310 529 sicut
1327 482 1391 529 tunc
1401 471 1531 527 demones
1545 472 1631 527 eloco
1643 466 1817 536 solitudinis,
1826 466 1867 524 ita

215 557 372 609 sanctoruni
384 558 537 620 martyrum
546 546 870 615 Luciani,hlarimianiet
879 545 1007 603 loliani·
1068 549 1151 606 etiarn
1165 543 1340 618 postmodnm
1356 543 1419 599 illos
1432 541 1466 598 ab
1481 542 1641 598 hominihus
1655 539 1762 622 iugavit
1776 537 1868 620 obses·

215 623 284 679 'lum
300 637 366 677 vero
383 637 389 675 :
412 645 420 667 ·
435 621 516 675 Passa
530 619 674 688 estetiam,
689 644 699 667 ι
722 628 773 676 etc.
790 620 829 675 iis
844 617 1014 691 martyribus
1068 621 1116 678 sis.
1129 618 1198 674 Doni
1239 615 1359 671 emultis
1370 613 1530 687 perpetratis
1540 613 1692 694 miraculis,
1700 620 1729 668 et
1740 608 1870 691 pluribus

217 693 273 750 illis
288 690 541 760 bellovacensibus,
559 691 692 758 Lucieno,
708 690 837 747 blasiano
852 696 878 746 et
892 689 1014 756 iuliano,
1070 689 1186 762 receptis
1221 687 1354 760 iscipulis,
1371 693 1398 741 et
1412 685 1446 740 od
1460 685 1542 741 fidem
1567 683 1693 756 plumbus
1713 696 1868 765 conversis,

216 765 281 822 vide
296 762 488 820 viiilanuaiii.
503 762 535 817 ln
550 763 915 835 Divsaorvponitureorum
927 760 1014 815 iacea-
1070 771 1097 819 et
1112 759 1285 818 monasteriis
1297 757 1432 814 edificatis
1446 756 1516 813 obiit
1530 756 1558 811 iu
1573 771 1669 828 pace·
1689 753 1870 810 Ambrosium

218 837 264 893 tio.
279 835 342 891 Alia
356 839 489 890 memorat
514 833 709 894 'tillemontius
723 842 799 890 torno
818 833 867 901 lV,
888 849 947 906 pag.
963 829 1016 888 538
1070 833 1269 892 Bituricensem
1285 827 1427 886 transtulit
1442 828 1471 885 iri
1486 828 1560 884 diem
1574 833 1744 902 sequentem.

218 917 245 964 et
260 906 323 974 539,
338 923 399 980 quie
413 921 448 961 eii
462 904 595 961 Bollando
609 904 695 961 ferme
708 905 853 977 desumpta
869 911 944 961 sunt.
1106 907 1266 968 Acoicirvcr.
1278 901 1307 957 in
1322 901 1377 956 line
1394 920 1400 957 :
1416 901 1456 956 Ile
1475 898 1634 968 Saturnino,
1649 906 1715 980 etc,
1729 902 1868 968 utsupra.

253 979 351 1034 Bniiiv.
366 975 486 1034 secundo
500 977 562 1034 loco
576 984 638 1050 post
658 977 804 1035 Africanos
819 994 827 1032 ε
849 977 939 1031 «Item
963 972 1017 1029 Sa·
1079 972 1429 1060 .1psodie‚senetiAEgidii
1442 967 1870 1052 confessorigiyideisepcem·

218 1049 336 1119 turniui,
350 1048 428 1106 Nerei
445 1065 507 1107 cum
522 1048 584 1104 aliis
599 1064 714 1105 cccixv.
731 1048 836 1105 Eodem
859 1046 904 1103 die
928 1044 1016 1102 sancii
1070 1049 1138 1105 bris.
1156 1045 1306 1113 «Colonia,
1321 1042 1523 1116 sanotiEliphii
1538 1049 1677 1114 martyris.
1690 1038 1870 1105 Alamannia,

219 1121 289 1179 Galli
305 1121 446 1177 abbatis·
467 1119 538 1176 Vide
548 1118 770 1176 Observationes.
1072 1118 1157 1178 saneti
1173 1116 1246 1173 Galli
1255 1115 1409 1200 presbyteri
1426 1122 1454 1170 et
1467 1115 1649 1196 confessoris.
1671 1113 1704 1193 lii
1727 1110 1871 1196 territorio

255 1194 382 1250 Curvus.
397 1190 649 1248 deficitinnomine
663 1191 780 1263 virginis
792 1191 929 1250 namma.
938 1189 1016 1244 Prae-
1073 1189 1274 1257 lemovicensi,
1299 1195 1386 1244 sancti
1409 1185 1522 1242 luniani
1548 1185 1723 1242 confessoris.
1749 1181 1871 1241 Civitste

218 1273 293 1321 terea
318 1263 348 1319 in
364 1261 418 1318 line
442 1261 538 1333 adjicit
564 1281 570 1319 :
602 1286 612 1310 ‹
638 1263 777 1332 Cernetis,
804 1261 904 1318 natalis
928 1258 1017 1317 sancti
1072 1263 1219 1329 Novioma,
1249 1276 1264 1315 e
1301 1257 1625 1315 sitioheatiNummolini
1637 1253 1760 1329 episcopi
1769 1263 1870 1335 eleon·

219 1335 306 1393 Prisci
321 1333 462 1407 martyris,
475 1350 557 1407 super
570 1334 688 1390 lluvium
703 1334 835 1391 Andura.
855 1357 864 1380 ·
1074 1333 1194 1392 tesseris.
1216 1275 1320 1386 Eoiism
1348 1329 1404 1398 die,
1432 1329 1531 1411 patalis
1556 1336 1714 1410 sanctorum
1741 1325 1870 1393 Lucisni,

255 1407 496 1463 Annonam-Min.
508 1405 697 1463 ethovirvnrrr.
709 1423 758 1479 pro
777 1402 1019 1462 emunctoromha·
1073 1404 1194 1462 Masiani
1207 1410 1235 1460 et
1248 1401 1387 1459 iuliani.»
1407 1400 1478 1457 Vide
1504 1401 1577 1457 inira
1597 1399 1721 1458 codicem
1740 1397 1871 1454 Divino·

218 1478 286 1536 bont
299 1478 498 1534 decollatorum.
515 1479 642 1536 luserunt
660 1494 666 1533 :
692 1477 768 1546 «Qui
782 1485 907 1551 tempore
926 1476 1019 1533 Wau-
1073 1493 1191 1533 missu.

219 1549 315 1607 dalioae
330 1549 539 1622 persecutionis,
556 1549 607 1605 suh
622 1549 762 1606 Geiserico
781 1565 843 1621 rege
861 1548 1012 1605 Arriano·
1110 1549 1256 1605 Vioroiirv.
1270 1552 1298 1603 et
1311 1543 1477 1602 llice-Surio.
1493 1541 1658 1625 numslt'lli:
1673 1541 1728 1598 «lu
1740 1538 1871 1598 Aleman-

108 1624 110 1629 ’
220 1621 351 1749 &pxiiii
375 1619 652 1690 ³⁸1¹¹All⁰m³¹litb
680 1620 714 1677 de
766 1620 816 1676 itio
836 1620 924 1677 sancti
949 1616 1021 1675 Galli
1075 1621 1131 1688 nia,
1156 1619 1254 1675 natalis
1277 1617 1365 1673 sancti
1390 1616 1463 1672 Galli
1487 1613 1629 1672 abbatis·
1653 1613 1794 1671 Virroni,
1820 1608 1872 1669 suh

220 1693 254 1750 ab
291 1693 336 1749 tis.
352 1691 405 1760 Qui
417 1690 514 1749 Scottis
528 1699 619 1761 ustus,
635 1707 698 1750 cum
737 1691 815 1748 ueris
840 1690 1017 1747 collocatar—
1032 1699 1055 1758 Β
1073 1708 1150 1749 num.
1167 1690 1237 1747 ovis
1250 1688 1342 1756 hahet,
1356 1687 1493 1759 depositio,
1508 1695 1561 1745 etc.
1606 1757 1612 1768 ¹

221 1774 301 1822 tus.»
332 1761 480 1820 Ambrosio
503 1762 613 1818 nullum
636 1763 750 1820 titulum
775 1762 891 1830 addunt,
907 1761 949 1817 uti
967 1775 1019 1816 nec
1108 1765 1315 1818 hevaeorum:
1338 1760 1491 1827 «Belvaco,
1507 1758 1633 1815 inventio
1644 1763 1805 1815 momorum
1819 1756 1872 1813 Lu·

221 1839 364 1892 iturusne.
381 1842 408 1890 et
421 1833 614 1891 hicn-Luras.
627 1849 719 1906 supra⁴
735 1834 768 1890 ln
779 1833 852 1891 fine:
870 1833 957 1889 ‹ltem
973 1830 1018 1888 Sa·
1073 1834 1157 1902 ciani,
1173 1831 1293 1889 blasiani
1304 1838 1331 1887 st
1344 1830 1448 1887 luliani
1457 1838 1622 1902 martyrum.
1637 1830 1701 1902 lpse
1714 1827 1872 1899 die,saiicti

223 1906 329 1961 turnini
343 1912 370 1961 et
384 1904 464 1960 Nerei
477 1920 540 1962 cum
555 1904 618 1962 aliis
632 1921 746 1963 ocosxv.
761 1927 771 1951 ι
1073 1903 1230 1978 Magnihodi
1246 1901 1367 1984 episcopi
1380 1911 1408 1959 et
1420 1901 1594 1959 contessoris.
1606 1899 1873 1960 Cenomsuniscivi·

257 1977 426 2032 Uirnisaor.
440 1983 468 2032 et
481 1976 605 2033 harnes.
616 1984 689 2034 recte
704 1975 807 2033 habent
820 1980 1017 2031 coronatorum.
1074 1985 1139 2045 tate,
1153 1975 1291 2048 depositio
1303 1973 1392 2030 sancti
1407 1973 1511 2031 Berarii
1521 1971 1642 2056 episcopi
1654 1980 1682 2029 et
1693 1971 1872 2030 mommo.

221 2047 296 2104 Idem
315 2045 442 2102 inserunt
457 2046 491 2102 de
505 2047 705 2119 persecutione,
720 2055 748 2103 et
759 2054 859 2104 caeters
872 2046 975 2102 habent
988 2051 1021 2100 ut
1073 2048 1178 2105 Eodem
1190 2046 1245 2109 die.
1262 2046 1292 2103 in
1307 2061 1376 2118 pago
1390 2045 1551 2103 Caruotensi
1565 2059 1647 2118 super
1670 2042 1791 2101 fluvium
1813 2045 1872 2101 Au·

222 2119 277 2176 duo
299 2117 500 2191 precedentem
524 2117 572 2174 sed
593 2126 723 2191 praterea
737 2118 766 2175 in
790 2119 845 2176 fine
859 2116 995 2199 adjiciunt
1011 2133 1017 2171 :
1074 2120 1168 2187 diere,
1180 2118 1268 2174 sancii
1284 2117 1371 2173 Prisci
1386 2117 1526 2199 martyris,
1542 2139 1552 2165 s
1685 2121 1688 2126 ·

229 2214 239 2239 ι
253 2189 334 2262 Apud
348 2188 492 2247 Coloniam
510 2188 702 2263 Agrippinam,
715 2191 805 2246 natale
815 2197 902 2247 sancti
913 2188 957 2244 Eli
979 2186 1020 2242 hii
1111 2194 1268 2247 Appimp,
1281 2187 1420 2245 ;‹E0d0m
1434 2188 1491 2254 die,
1503 2186 1636 2261 repositio
1650 2186 1740 2246 „neci
1754 2185 1872 2244 pirmini

224 2261 363 2335 martyris.
378 2261 432 2328 Qui
455 2276 519 2318 cuin
542 2261 699 2335 frequenter
719 2277 751 2318 ea
771 2278 832 2335 quae
855 2269 920 2317 sunt
934 2205 1021 2317 cirt—
1075 2263 1196 2337 episcopi
1211 2267 1239 2317 et
1254 2260 1422 2332 martyris.»

224 2334 319 2390 stiones
333 2331 397 2388 tidei
417 2331 545 2404 gentihus
558 2333 741 2406 predicasset,
766 2332 875 2390 mndem
898 2330 949 2387 sub
967 2332 1021 2386 Ju-
1110 2329 1719 2403 hierarc:Canutius-Ummium.:«Eliphii
1731 2328 1872 2402 martyris.

224 2406 298 2461 liano
313 2405 445 2476 apostala,
460 2402 531 2476 apud
555 2403 696 2462 civitatem
720 2404 916 2471 Grandensem,
933 2401 1021 2473 capite
1076 2404 1161 2477 Cujus
1174 2411 1256 2476 caput
1267 2413 1308 2460 est
1322 2403 1351 2459 in
1365 2403 1481 2460 ecclesia
1494 2403 1582 2460 sancti
1596 2400 1707 2458 hiemini
1721 2401 1874 2475 'l'rsjectiii-

223 2483 377 2544 tiuncatus‚
393 2475 479 2547 gloria
496 2475 641 2533 ethonore
665 2476 788 2550 praecelsi
803 2473 929 2549 martyrii
944 2490 1020 2532 coro·
1075 2479 1123 2534 sis.
1140 2476 1212 2533 Galli
1226 2475 1332 2532 abbatis
1345 2482 1372 2530 et
1386 2475 1561 2532 contessoris.
1584 2474 1747 2532 Structorem
1763 2480 1874 2545 niarty-

223 2556 341 2604 natur.»
363 2547 433 2604 Vide
447 2547 569 2603 Surium.
1076 2565 1137 2605 rum
1153 2562 1253 2604 cccxx.
1276 2545 1417 2603 Barcharii
1438 2546 1545 2602 abbatis
1557 2553 1585 2602 et
1604 2545 1746 2619 martyris.
1766 2568 1776 2594 ι
1803 2543 1873 2604 Vide

259 2621 358 2676 Divis.
391 2618 499 2673 roxime
513 2618 605 2674 citatis
616 2617 717 2675 similis
725 2625 776 2686 est,
787 2617 835 2675 sed
844 2617 949 2676 omittit
963 2616 1022 2675 haeo
1075 2637 1135 2694 quar
1151 2619 1185 2676 de
1199 2619 1259 2693 ipso
1272 2617 1355 2675 hahet
1369 2617 1470 2674 Turius
1483 2617 1536 2674 hoc
1549 2617 1604 2676 dis.

225 2688 310 2746 verba
326 2705 332 2744 :
356 2633 462 2745 «isse
477 2692 612 2744 estetiam
625 2689 755 2758 Maxima,
771 2713 780 2738 ι
803 2697 855 2746 etc.
1111 2691 1203 2750 Codex
1226 2693 1260 2747 l).
1276 2690 1316 2746 hs
1338 2689 1431 2757 urii,
1448 2689 1571 2762 signatus
1593 2689 1618 2746 A
1634 2707 1640 2748 :
1661 2689 1717 2746 «ln
1731 2687 1873 2749 territorio

261 2762 385 2815 Aisunc.
401 2759 497 2814 eodem
513 2759 619 2815 laborat
633 2760 754 2829 delectu,
775 2768 855 2832 atquc
865 2760 932 2817 item
947 2756 1021 2831 quod
1076 2765 1184 2831 listins,
1199 2761 1286 2819 sancti
1298 2761 1399 2818 Vitalis
1413 2761 1588 2818 confessoris,
1599 2784 1608 2810 t
1618 2761 1700 2819 Hune
1711 2759 1784 2817 milii
1794 2760 1873 2833 plane

225 2846 275 2904 pro
289 2846 375 2885 ocixx
386 2830 487 2886 scribat
499 2846 578 2899 ccix,
591 2831 637 2887 sed
653 2847 748 2887 omnes
762 2832 872 2887 excedit
886 2830 939 2887 hoc
951 2846 1022 2902 aug·
1076 2836 1201 2908 ignotum
1217 2834 1314 2891 fateor.

226 2908 405 2981 mentepost
428 2900 560 2955 isaari:
584 2901 733 2974 «Cumque
761 2902 845 2958 ducta
865 2918 897 2958 ac
910 2900 1023 2958 reducta
1112 2909 1276 2963 Faenum:
1300 2903 1470 2985 ‹Apparitio
1483 2904 1603 2962 secunda
1626 2902 1716 2964 sancti
1733 2902 1877 2962 Michaelis

226 2973 350 3030 dumosis
366 2971 503 3043 lignorum
518 2971 620 3028 aculeis
642 2973 821 3029 innocentum
834 2988 949 3046 corpora
960 2980 1022 3027 tra·
1077 2976 1177 3036 archan
1197 2977 1245 3044 eli,
1256 2993 1316 3049 quas
1335 2991 1409 3032 circa
1422 2992 1527 3033 aunum
1541 2976 1652 3033 Domini
1667 2974 1876 3050 septingentesi-

226 3044 369 3125 dereptus,
385 3042 479 3124 vicino
502 3043 677 3100 currentibus
700 3044 844 3101 indomitis
858 3044 944 3117 equis,
960 3043 1021 3098 vale
1039 3055 1060 3115 c
1077 3065 1153 3105 mum
1175 2993 1314 3105 vissimum
1340 3047 1474 3104 accidisse
1501 3048 1612 3121 legitur.
1635 3048 1704 3105 Item
1716 3055 1876 3107 unctorum

226 3115 279 3173 sihi
290 3115 422 3184 invicem,
434 3115 706 3173 iisverhisdicehaut
719 3117 840 3182 :Frater,
851 3131 955 3188 orapro
966 3129 1021 3180 me,
1077 3128 1229 3192 martyrum
1253 3118 1394 3176 Saturnini
1408 3126 1435 3174 et
1448 3117 1529 3176 Nerei
1542 3118 1877 3178 sanctismonialis

227 3187 354 3259 implevit
368 3188 441 3243 Deus
456 3186 753 3244 desideriumnostrum
769 3206 775 3255 ;
790 3189 884 3244 taliter
897 3186 1022 3260 perveni·
1079 3192 1122 3248 his
1134 3189 1191 3263 jam
1206 3205 1288 3262 supra
1302 3205 1358 3246 non
1373 3191 1467 3248 semel.

227 3266 274 3316 tur
287 3258 323 3314 ad
339 3274 421 3330 regna
434 3259 579 3316 colorum.
595 3259 695 3332 Sisque
709 3259 813 3315 orando
827 3268 855 3316 et
868 3257 1021 3332 psallendo,
1112 3263 1311 3319 Bonnuciiusrv.
1325 3276 1430 3317 novum
1454 3270 1580 3321 mactum
1602 3261 1743 3336 producit,
1759 3262 1802 3320 sic
1813 3259 1878 3319 scri·

228 3329 409 3403 gaudentibus
423 3331 528 3404 angelis
542 3329 608 3399 suis,
624 3331 729 3388 animas
744 3330 905 3388 emiserunt.
921 3355 932 3378 ι
952 3329 1024 3389 Vide
1078 3336 1165 3392 bens:
1186 3357 1196 3383 ‹
1211 3333 1304 3390 Sancti
1318 3333 1463 3390 Bertrandi
1478 3335 1599 3407 episcopi
1612 3334 1838 3393 Convenarum·

227 3402 363 3460 Adonem.
1113 3408 1268 3463 Luxovircrv.
1287 3422 1293 3460 ι
1317 3407 1370 3461 «lu
1387 3413 1483 3462 monto
1498 3405 1634 3474 Falconis,
1649 3405 1805 3463 beatissirui
1818 3403 1877 3461 Bil-

264 3474 442 3532 Curtium:
462 3475 585 3532 «Octava
598 3474 670 3531 beati
686 3474 773 3532 Patris
786 3473 875 3532 nostri
888 3471 1023 3542 Richarii,
1078 3477 1149 3536 dtici
1163 3475 1339 3544 confessoris,
1356 3475 1436 3548 cujus
1452 3478 1552 3533 merita
1564 3477 1654 3535 crebis
1668 3477 1815 3535 miraculis
1826 3474 1879 3533 de-

227 3546 394 3603 coniessoris
407 3546 520 3602 Domini
536 3545 658 3617 gloriosi.
671 3546 753 3618 Apud
767 3546 902 3614 Airioom,
917 3552 1023 3602 santio
1078 3551 1228 3608 clarentur.
1240 3550 1271 3605 ln
1283 3547 1423 3605 territorio
1438 3548 1573 3618 Tullensi,
1589 3548 1678 3606 sancti
1690 3547 1800 3623 Eliphii
1812 3562 1880 3605 mar·

228 3634 288 3673 ruiu
314 3625 467 3688 martyrum
492 3632 591 3685 cccxx,
617 3624 644 3673 et
665 3617 778 3690 egregia
794 3617 898 3675 Christi
917 3616 1025 3673 ancille
1080 3622 1184 3695 tyris.
1208 3620 1278 3677 Vide
1295 3619 1369 3675 intra
1380 3621 1531 3691 longiorem
1548 3620 1701 3678 historiam.

228 3686 367 3754 blasima,
378 3685 507 3767 vipgipis,
522 3687 676 3744 abbatissas.
693 3688 813 3744 Ciuitate
821 3688 950 3754 Beluaoo,
965 3702 1024 3743 san·
1115 3693 1245 3748 Sicnvru.
1263 3708 1269 3747 :
1293 3692 1349 3748 «ln
1363 3691 1505 3749 territorio
1524 3690 1712 3749 bisunticensi
1726 3686 1791 3764 [pro
1804 3688 1880 3748 ilitu-

228 3767 337 3815 ctorum
351 3755 607 3825 Luciani,liariiani
617 3757 758 3814 etJulisni
772 3767 937 3830 martyrum.
948 3757 1025 3815 Bitu·
1079 3761 1204 3836 ricensi],
1219 3761 1308 3818 sancti
1322 3762 1461 3819 Ambrosii
1478 3763 1652 3821 confessoris,
1666 3786 1676 3811 i

229 3829 308 3896 ricae,
323 3827 412 3883 sancti
435 3827 575 3885 Ambrosii
601 3829 756 3902 presbyteri
769 3837 796 3885 et
818 3827 1018 3887 contessoris·
1115 3836 1238 3891 liunus.
1254 3831 1301 3890 SS.
1315 3833 1438 3890 Timoth.
1454 3841 1482 3890 et
1504 3834 1623 3908 Apoll.:
1646 3858 1656 3883 ι
1679 3834 1711 3892 lu
1737 3832 1880 3891 territorio

231 3899 303 3957 Vide
316 3898 544 3981 Observationes.¹
716 3969 721 3980 ι
1079 3904 1255 3974 Bituriceusi,
1271 3905 1359 3963 sancti
1373 3905 1513 3963 Ambrosii
1528 3904 1682 3980 presbyteri
1698 3912 1726 3963 et
1740 3905 1881 3964 musmo

264 3970 443 4026 Bsoxniniriv.
460 3970 638 4042 incipit:‹lii
652 3969 775 4042 partibus
782 3971 963 4039 Alamanniae,
974 3973 1024 4028 Ar·
1079 3979 1130 4034 ris,
1148 4001 1158 4024 i

229 4056 313 4123 moria
327 4040 719 4123 casirollctiarum,depositic
733 4041 807 4098 beati
820 4042 893 4098 Galli
906 4042 1023 4101 abbatis.
1114 4047 1438 4106 Editiohuirco·Cou.:
1462 4049 1776 4119 impraescientiam
1832 4045 1880 4104 du·

229 4113 282 4181 Qui
295 4111 466 4192 deAhernia
479 4128 528 4169 seu
542 4114 629 4169 scotia
642 4129 706 4170 cum
720 4112 980 4171 heatoColumhauo
994 4115 1025 4170 iu
1080 4137 1143 4178 men
1158 4117 1233 4189 quod
1248 4118 1320 4175 Vera
1334 4118 1769 4189 dicitnr,interGrandensemet
1825 4118 1881 4175 len·

228 4184 422 4265 Alamanniam
432 4184 556 4252 veniens,
565 4191 593 4266 et
604 4183 644 4266 ilii
659 4199 783 4266 manens,
799 4186 944 4265 transitum
954 4185 1025 4259 ejus·
1080 4208 1137 4249 sem
1151 4190 1288 4257 civitates,
1304 4191 1395 4247 natale
1414 4193 1502 4249 sancti
1526 4191 1633 4274 Eliphii
1659 4199 1733 4249 mart
1772 4190 1805 4248 '.
1828 4187 1881 4257 Qut

229 4255 293 4312 dem
308 4255 387 4336 'beati
412 4255 589 4325 Columhani,
614 4272 643 4312 in
664 4256 755 4313 Ytalia
773 4257 927 4326 morientis,
946 4258 1025 4314 nullo
1080 4279 1143 4320 cum
1163 4262 1301 4318 ferventer
1315 4277 1347 4318 ea
1360 4277 1420 4334 qua
1435 4272 1500 4319 sunt
1517 4262 1681 4321 Christiana
1699 4262 1719 4319 ti
1739 4262 1795 4321 eil
1860 4259 1867 4271 '

229 4342 334 4384 nuncio
358 4326 493 4384 referente
518 4327 714 4384 conovit.1n
739 4327 844 4397 Africa,
867 4337 1025 4386 sanctorum
1081 4342 1108 4391 et
1126 4333 1450 4407 gentihuspraedicasset,
1474 4334 1585 4392 tandem
1607 4334 1660 4392 sub
1681 4333 1795 4391 lulisoo
1816 4346 1881 4405 apo·

230 4406 385 4471 martyrum
396 4399 487 4457 Caere
502 4408 529 4456 et
538 4343 661 4482 pilorum
676 4414 764 4481 ccixx
777 4400 879 4482 pariter
905 4416 1026 4457 corono·
1041 4422 1065 4482 D
1079 4414 1150 4465 stata
1163 4413 1256 4487 tentus
1268 4413 1315 4487 .⁰⁸.
1332 4406 1481 4479 requisitus
1495 4416 1527 4464 ut
1540 4406 1683 4464 Christum
1701 4412 1826 4486 negaret,
1839 4417 1879 4461 re·

231 4478 333 4527 torum.
349 4471 418 4527 ltem
433 4470 577 4529 Saturnum
588 4478 617 4527 et
629 4470 709 4528 Nerei
723 4487 787 4527 cum
801 4472 864 4528 aliis
878 4472 1027 4529 occuxvln
1082 4477 1194 4552 spondit
1210 4495 1216 4532 ι
1232 4477 1348 4533 lnimice
1358 4477 1484 4534 veritatis
1497 4487 1525 4535 et
1537 4477 1694 4536 adversarie
1708 4490 1830 4550 proprias
1838 4489 1877 4532 ra·

230 4549 320 4598 castra
332 4542 469 4611 Sollcrcii,
485 4542 577 4598 natale
591 4542 679 4599 sancti
693 4542 800 4614 Eliphii
815 4544 956 4617 martyris.
972 4543 1026 4611 Qui
1082 4550 1160 4617 lutis,
1177 4547 1212 4604 ad
1237 4546 1289 4605 hac
1310 4556 1387 4604 utere
1411 4548 1538 4606 consulio
1562 4566 1634 4619 meo,
1652 4559 1682 4607 et
1705 4549 1842 4631 poeniteat
1854 4552 1881 4602 te

230 4629 293 4669 cuni
309 4613 448 4670 ferventer
462 4629 493 4669 ea
507 4629 567 4686 quae
581 4620 648 4669 sunt
663 4613 829 4671 Christiana
842 4614 908 4672 fidei
933 4615 1027 4689 genti·
1081 4635 1194 4688 errasse,
1209 4626 1241 4674 ut
1250 4628 1366 4676 mortem
1381 4627 1509 4676 aeternam
1525 4620 1640 4678 evadere
1648 4635 1748 4694 possis.
1757 4617 1881 4676 Audiens

230 4682 285 4765 luis
297 4684 481 4755 praedicasset,
492 4685 603 4741 tandem
618 4684 670 4767 suh
683 4685 794 4741 iuliano
807 4694 940 4758 apostata,
953 4686 1027 4759 apud
1080 4694 1208 4751 Julianus
1229 4690 1341 4746 tremuit
1364 4698 1392 4746 et
1409 4690 1493 4762 jussit
1512 4692 1653 4759 decollari,
1667 4690 1767 4749 diosus
1780 4707 1788 4750 :
1802 4689 1882 4749 Notio

231 4763 383 4823 civitatem,
397 4754 594 4837 Grandensem,
610 4763 698 4836 capite
720 4764 873 4825 truncatus,
889 4758 976 4830 gloria
1000 4764 1029 4814 et
1082 4763 1192 4829 videbo,
1209 4761 1238 4816 in
1253 4777 1307 4833 quo
1322 4762 1467 4820 Deustuus
1482 4765 1645 4836 prevaleat;
1660 4762 1784 4836 etcapite
1806 4768 1883 4819 ιῐιιι·

231 4825 337 4881 honore
351 4834 477 4899 martyrii
487 4826 731 4899 coronaturCuJus
739 4843 838 4908 corpus
852 4830 1026 4897 translatum,
1082 4842 1169 4901 meus,
1178 4847 1240 4889 cum
1252 4832 1372 4903 gloriaet
1384 4832 1488 4890 honore
1499 4837 1618 4907 pretiose
1628 4834 1797 4907 martyrium
1808 4846 1882 4891 oom-

231 4897 349 4979 nuncid
360 4897 502 4955 Coloniam
516 4898 602 4972 Agrip
621 4899 696 4954 inam
707 4898 832 4973 quiescit.
844 4922 854 4947 »
868 4900 900 4956 In
913 4898 1028 4956 Ambro-
1081 4905 1179 4978 plevis.
1204 4903 1264 4969 Quo
1278 4903 1351 4960 iacto
1363 4920 1464 4977 corpus
1477 4907 1604 4964 exanime
1617 4921 1647 4964 se
1660 4905 1696 4964 de
1709 4912 1785 4963 terra
1796 4912 1883 4963 snae

232 4986 274 5025 sio
302 4968 358 5052 iore
382 4985 467 5052 purus¹
491 4979 572 5051 ess·
611 4971 707 5051 ivitate
727 4969 868 5050 novioma,
893 4969 1029 5053 depositio
1082 4977 1187 5034 tulitet
1204 4983 1288 5046 caput
1311 4984 1483 5048 amputatum
1507 4978 1642 5035 ambabus
1664 4976 1798 5035 manibus
1820 4990 1884 5033 am-

232 5050 320 5099 sancti
330 5041 500 5098 Nommolini
513 5057 635 5114 episcopi
649 5039 860 5097 etconfessoris.
871 5042 902 5097 ln
916 5043 1028 5099 civitate
1083 5049 1215 5121 plectens,
1232 5055 1260 5103 et
1274 5046 1330 5103 lere
1344 5063 1393 5119 per
1408 5048 1515 5104 miliare
1527 5049 1686 5122 deportavit
1707 5047 1739 5105 iri
1762 5054 1885 5105 montom

233 5112 377 5181 Nazareth,
403 5112 536 5168 memoria
558 5111 630 5168 beati
653 5109 809 5184 archangeli
829 5111 964 5170 Gabrielis
978 5130 1030 5169 su·
1084 5120 1223 5177 excelsum
1237 5133 1319 5248 poem
1333 5126 1413 5174 autea
1435 5136 1491 5176 suae
1514 5122 1663 5193 sepulturae
1685 5120 1817 5192 elegant.
1832 5114 1886 5177 δή

232 5185 312 5311 perui
328 5183 634 5265 paranimphi.ltemin
650 5188 743 5264 monle
758 5183 913 5311 marispui
927 5184 1031 5241 dicitur
1085 5190 1211 5247 nuncin
1260 5190 1353 5247 clonia
1374 5190 1538 5263 Agrippina,
1553 5193 1584 5249 in
1606 5191 1777 5251 monasterio
1796 5195 1886 5247 arioli

256 5255 497 5325 umba,dedicatio
512 5253 634 5311 ecclesia
647 5253 866 5336 sanctilllichae
880 5272 902 5312 is
916 5255 1030 5313 archan·
1085 5261 1198 5320 Martini
1223 5261 1343 5332 episcopi
1364 5277 1413 5334 por
1440 5262 1648 5322 translationem
1672 5260 1835 5336 requiescit.
1855 5259 1887 5319 iii

234 5327 323 5398 geli.»
348 5327 425 5383 Nihil
448 5326 495 5383 hic
517 5325 599 5382 hahet
619 5325 654 5383 de
674 5326 852 5406 liastimono,
873 5335 938 5397 etc,
963 5344 1032 5401 quos
1086 5332 1227 5397 Almania,
1242 5331 1378 5403 depositio
1397 5334 1485 5391 sancti
1501 5335 1573 5391 Calli
1588 5334 1695 5393 obbatis
1707 5332 1887 5392 etconiesao·

233 5398 376 5454 transtulit
390 5398 424 5454 ad
439 5398 512 5480 diem
526 5414 595 5480 xiiiv
608 5396 745 5479 Octobris.
1086 5404 1172 5472 ris,in
1183 5402 1660 5480 monasterioAvernensi,discipuli
1675 5413 1766 5472 musti
1777 5404 1889 5465 Colun-

269 5468 452 5551 llaorrvovirrv.
468 5485 499 5525 in
513 5485 602 5541 prims
615 5471 716 5525 similis
734 5476 775 5525 est
796 5469 1031 5527 mosne-lilia.
1086 5475 1152 5532 bani
1165 5474 1283 5531 abbatis.
1297 5473 1352 5541 Qui
1364 5476 1463 5533 scotus
1477 5484 1556 5535 uatus
1569 5495 1634 5537 oum
1650 5477 1753 5535 Suavis
1767 5476 1889 5535 collocat

233 5536 273 5592 De
288 5537 436 5621 Saturriino
456 5550 483 5597 st
507 5541 591 5597 sociis
616 5550 648 5598 ut
661 5556 752 5613 supra.
770 5541 838 5596 vum
857 5559 862 5597 :
886 5543 940 5597 «In
955 5542 1032 5600 Con·
1086 5554 1172 5602 artus.
1194 5546 1246 5602 llic
1260 5546 1367 5601 obitum
1383 5549 1507 5620 magistri
1526 5550 1569 5605 sui
1590 5548 1770 5617 Columbini,
1790 5546 1890 5604 absono

234 5614 390 5691 stanciensr¹
404 5610 508 5694 diocesi
531 5612 688 5695 Alimaniae,
714 5611 849 5694 depositio
864 5612 1033 5695 'heatiCalli
1087 5616 1228 5691 cognovit,
1242 5624 1269 5674 et
1283 5616 1416 5674 iratribus
1428 5618 1486 5675 suis
1500 5619 1574 5677 hunc
1588 5619 1777 5677 denuntiavit.
1794 5618 1891 5687 Virta,

234 5677 353 5763 abbatis,
363 5681 494 5764 discipuli
502 5693 589 5740 rauco
597 5682 762 5742 Columhani
778 5683 896 5766 abbatis.
905 5688 958 5751 Qui
969 5700 1034 5740 mc·
1087 5688 1615 5771 tihusitaqueplenus,apudArhouam
1624 5699 1748 5749 castrum
1759 5688 1893 5774 migravit

235 5757 349 5809 ucetica
362 5750 504 5823 religionis
524 5763 631 5813 amator
651 5755 873 5825 ardentissimus,
886 5754 1033 5831 quamdam
1086 5760 1121 5819 od
1141 5760 1507 5822 Dominum.Tuncinventa
1517 5771 1558 5822 est
1572 5761 1894 5863 incellaejusoapsells'
