3834 6136
117 233 190 294 taut

602 231 651 290 DE
670 229 859 290 mudeuurt
877 231 905 288 S.
926 231 1097 291 Genuum.
1117 264 1153 278 -·
1173 235 1241 292 mn.
1262 237 1296 293 ll.

1704 236 1772 296 1266

114 387 197 445 licam
210 395 367 445 sanctorum
382 395 535 461 martyrum
550 386 675 444 Gervasii
689 394 717 443 ct
731 387 846 444 Protasii
861 403 910 461 per
923 387 949 446 Α
962 387 1131 458 solemniter,
1148 391 1216 446 utin
1232 391 1362 448 omnibus
1377 391 1594 465 Martyrologiis,
1603 399 1630 448 et
1646 390 1768 449 maxime

113 492 213 532 manus
228 476 327 532 blarini
344 476 474 534 diaconi·
489 475 533 533 sui
548 475 671 533 construi
686 473 781 548 jussit,
802 473 912 546 suisque

98 563 222 620 'dotavit
245 562 336 620 rebus.
357 563 432 620 ldem
447 564 569 621 Marinus
583 565 612 621 in
628 564 722 621 eadem
737 562 851 621 ecclesia
865 578 913 619 re-

111 651 239 725 quiescit.
263 653 380 709 Suorum
406 654 541 711 haeredem
563 653 701 710 honorum
723 652 865 712 Christum
886 660 913 708 et

111 745 255 803 ecclesiam
277 748 398 820 qualiter
419 747 603 815 substituerit,
623 745 809 818 antiquissimi
830 743 913 802 ethis

110 834 237 909 superius
246 838 390 894 memorati
402 838 560 895 testamenti
571 836 631 909 ejus
640 836 738 909 pandit
752 833 911 903 auctoritas,

110 927 240 1001 qnodque
264 926 294 983 in
317 929 420 986 nostris
444 928 536 988 adhuc
558 935 751 986 conservatum
777 925 911 995 amitinis,

109 1015 227 1072 multam
241 1016 295 1072 viri
310 1017 484 1089 dignitatem,
501 1017 656 1090 largitatem
674 1017 834 1090 plurimam,
851 1014 913 1072 dis·

110 1112 261 1186 positiones
283 1119 365 1168 cauta
389 1127 497 1185 semper
519 1113 664 1186 diligentia
687 1113 910 1184 circumspectas,

108 1201 248 1275 copiosius
262 1208 440 1258 contestatur.
460 1203 500 1258 De
519 1219 583 1274 quo,
603 1202 667 1275 quia
685 1202 763 1273 ptura
777 1199 912 1273 suppedi-

108 1295 179 1356 tant,
191 1303 273 1361 quam
284 1290 403 1361 suscepti
412 1288 755 1363 operisbrevitasufficiat
761 1287 910 1360 explicare,

107 1376 152 1432 bis
162 1376 283 1447 omissis,
297 1385 395 1435 cetera
410 1394 616 1452 prosequamur.
634 1379 706 1437 Vita
719 1383 830 1451 peracto
843 1392 912 1435 our-

108 1482 150 1534 su,
167 1473 245 1522 sexto
260 1466 449 1523 Kalendarum
463 1467 662 1525 Novembrium
677 1483 833 1539 supremam
848 1481 912 1521 sor-

109 1553 177 1611 titus
189 1553 274 1621 diem,
291 1554 321 1611 in
335 1555 479 1612 ecclesiam
494 1554 526 1613 B.
541 1556 671 1613 Germani
686 1553 780 1611 debita
792 1568 912 1610 senera-

107 1643 183 1702 tione
196 1646 346 1702 translatus
358 1654 409 1703 est.

144 1733 204 1791 ltt.
221 1735 362 1791 Romanus
374 1734 511 1792 mansura
526 1734 723 1802 substituitur;
738 1734 838 1807 dequo
852 1731 911 1788 ier·
926 1745 949 1804 Β

107 1830 153 1880 tur
176 1822 260 1896 quod,
284 1838 348 1880 cum
375 1830 446 1880 esset
473 1822 517 1879 vir
541 1822 744 1890 sanctissimus,
769 1818 910 1876 decisione

107 1910 205 1985 capitis
227 1911 393 1985 martyrium
414 1913 624 1981 consummarit,
653 1911 742 1984 pridie
770 1909 910 1965 Nonarum

106 2004 278 2072 Octobrinm,
288 2005 398 2076 expleto
408 2002 563 2060 functionis
574 2018 630 2059 suaa
640 2009 693 2057 tem
698 2015 763 2072 pore
772 1998 852 2053 annis
864 2012 907 2062 ιιι,

106 2090 272 2234 (11ῗέἰοὶἶο
283 2176 350 2232 Urso
360 2176 436 2233 lideli
447 2176 581 2233 relatione
591 2176 729 2247 vulgatur,
743 2171 818 2246 quod
828 2171 910 2244 juxta

104 2268 193 2325 sancti
213 2265 353 2323 Amatoris
373 2266 513 2324 basilicam
532 2267 665 2334 reclusus,
685 2262 907 2320 anachoreticam

104 2357 216 2414 duxerit
240 2357 347 2423 vitam3
371 2355 421 2412 ubi
445 2355 596 2412 oratorium
619 2354 757 2429 hodieque
778 2360 829 2423 est,
850 2350 909 2423 ejus

104 2445 226 2504 nominis
240 2445 373 2501 memoria
387 2461 506 2502 saemm.
520 2443 644 2518 Contigit
658 2460 690 2500 eo
706 2451 838 2515 tempore,
855 2457 909 2497 ur-

103 2533 166 2590 bem
188 2533 333 2606 repentino
355 2533 472 2590 adlatam
496 2532 628 2591 incendio
652 2531 843 2604 conflagrasse.
864 2528 908 2585 Ad

102 2622 195 2679 virum
218 2621 268 2678 Dei
292 2639 355 2679 cum
379 2623 505 2681 sublatus
529 2624 559 2681 in
583 2623 670 2680 altum
689 2624 794 2680 clamor
811 2618 907 2694 populi

104 2711 285 2785 pervenisset,
301 2713 517 2771 succurrendum
533 2713 657 2786 periculo
673 2720 760 2780 ratus,
779 2709 907 2767 familia-

102 2820 160 2859 rem
171 2802 239 2861 illuc
248 2803 379 2859 haculum
391 2801 556 2871 destinavit;
572 2802 629 2876 ipse
643 2802 770 2875 precibus
780 2799 904 2869 obnixis,

102 2909 184 2966 quam
198 2890 335 2948 instanter
347 2893 485 2950 incubuit.
500 2893 542 2949 Eo
555 2892 628 2949 inter
638 2892 758 2948 minaces
769 2891 905 2958 dammas,

102 2989 129 3039 et
149 2998 209 3055 quas
230 2980 320 3038 adhuc
339 2982 445 3055 integra
463 2990 634 3056 supererant,
650 2981 813 3048 constituto,
829 2979 904 3037 dicto

966 482 1092 552 vetustis,
1112 483 1171 541 dies
1182 486 1370 544 translationis
1384 503 1480 544 eorum
1493 486 1615 544 insertus
1633 486 1767 544 habeatur

966 578 1045 630 sexto
1057 571 1149 629 Nonas
1160 574 1235 630 tertii
1251 575 1353 632 mensis
1368 576 1400 649 (i.
1415 594 1437 633 a.
1453 576 1531 648 llaii)
1545 594 1551 632 ι
1567 577 1699 634 transitus
1714 592 1770 634 au-

967 663 1077 720 temvel
1096 663 1232 737 depositio
1248 665 1358 722 illorum
1379 666 1468 740 pridie
1488 667 1605 726 Kalend.
1625 667 1766 740 Septemb.

967 751 1122 809 adnotatur.
1147 754 1252 811 Eodem
1272 771 1337 811 sane
1358 757 1525 832 sarcophago
1548 775 1643 815 omues
1666 758 1770 832 pariter

967 843 1152 915 requiescunt.

1002 931 1042 988 lle
1056 948 1140 1005 puero
1160 933 1300 990 Moderato
1314 933 1368 991 boc
1382 933 1575 989 tantummodo
1598 943 1767 1006 compertum

967 1019 1095 1093 estquod
1110 1036 1187 1092 puer,
1202 1022 1338 1095 martyrio
1352 1030 1509 1091 coronatus,
1526 1022 1555 1078 in
1575 1023 1684 1095 propria
1697 1021 1767 1079 basi·

967 1107 1022 1165 lica
1035 1107 1083 1165 diu
1096 1109 1272 1181 requieverit.
1287 1110 1351 1166 Post
1367 1110 1581 1167 clarescentibus
1592 1110 1665 1168 cirea
1679 1111 1767 1183 sepul·

966 1214 1044 1254 crum
1069 1194 1127 1268 ejus
1153 1197 1303 1266 miraculis,
1326 1198 1354 1253 in
1377 1199 1520 1255 ecclesiam
1542 1197 1614 1255 beati
1638 1197 1767 1256 Germani

967 1285 1149 1356 transpositus
1159 1292 1209 1353 est,
1221 1286 1299 1342 cultu
1316 1285 1476 1342 Officiorum
1485 1293 1512 1342 et
1527 1285 1675 1358 impendiis
1687 1286 1768 1344 lumi·

967 1389 1033 1430 num
1053 1373 1191 1448 copiosius
1208 1375 1392 1432 venerandus.

1272 1521 1385 1580 CAPUT
1410 1523 1459 1580 lV.

965 1620 1091 1692 Eloqium
1106 1621 1218 1677 ecclesiae
1233 1621 1260 1678 S.
1275 1621 1401 1678 Germani
1411 1620 1661 1689 Autissiodorensis,
1678 1626 1703 1676 et
1719 1619 1765 1693 piu

1127 1693 1155 1749 S.
1171 1693 1261 1749 Herici
1278 1694 1314 1749 cd
1332 1693 1432 1764 fratrea
1446 1692 1603 1749 exhortatio.

1001 1807 1062 1864 123.
1083 1806 1194 1864 Talibus
1210 1816 1319 1882 tamque
1335 1808 1489 1881 magnificis
1504 1809 1581 1865 locus
1595 1794 1702 1865 illuster
1716 1804 1763 1861 ho·

964 1894 1089 1964 nuribus,
1105 1905 1211 1953 mactus
1220 1898 1310 1953 titulis
1320 1898 1473 1971 privilegiis
1483 1897 1628 1970 gloriosus,
1644 1894 1689 1952 cui
1704 1909 1762 1950 non

965 1983 1091 2039 videatur
1106 1984 1257 2056 majestatis
1271 2003 1327 2042 suae
1344 1988 1443 2043 merito
1458 1985 1653 2043 venerandus?
1666 1986 1765 2041 Sancta

964 2069 1103 2143 quondam
1127 2079 1284 2128 sanctorum
1307 2073 1472 2131 verebantur
1492 2073 1609 2141 Hebraei,
1629 2070 1703 2145 quod
1724 2069 1763 2126 ibi
1855 2124 1857 2128 ,

963 2174 1026 2215 arca
1040 2159 1219 2228 Testamenti,
1232 2161 1359 2233 intraque
1373 2177 1432 2217 eam
1452 2160 1529 2233 virga
1543 2162 1646 2229 Aaron,
1663 2167 1690 2217 et
1704 2175 1764 2216 οω-

963 2246 1030 2304 leste
1038 2263 1148 2316 manna,
1159 2248 1199 2304 ihi
1208 2249 1302 2317 altare,
1310 2249 1384 2321 quod
1394 2248 1537 2305 dicebatur
1551 2247 1761 2321 Thymlamatis,

962 2335 1002 2393 ibi
1028 2336 1165 2394 cherubin
1189 2353 1271 2394 aurea
1294 2354 1357 2396 eum
1382 2337 1588 2409 Propitiatorio,
1612 2346 1762 2409 casuraque

962 2426 1089 2499 symbola
1104 2427 1329 2484 intellectualiter
1344 2426 1437 2502 typica
1448 2434 1474 2483 et
1488 2427 1580 2499 typica
1592 2426 1761 2483 intellectua-

962 2515 1010 2584 lia,
1034 2531 1065 2572 ac
1080 2533 1128 2590 per
1151 2516 1203 2576 hoc
1220 2517 1320 2574 futurae
1346 2518 1413 2574 olim
1432 2517 1557 2575 ueritatis
1576 2516 1760 2589 conjecturam

961 2606 1145 2679 praeierentia,
1165 2607 1335 2679 tegebantur.
1350 2607 1447 2663 Nonne
1466 2607 1518 2664 tibi
1543 2608 1631 2664 multo
1649 2605 1761 2664 videtur

961 2697 1112 2770 impensius
1126 2698 1313 2755 venerandum
1324 2715 1438 2755 summae
1450 2698 1604 2755 sanctitatis
1618 2696 1759 2752 habitacu-

961 2787 1029 2856 lum,
1046 2794 1086 2843 tot
1104 2794 1263 2845 sanctorum
1279 2786 1454 2862 splendidum
1473 2786 1624 2855 mentoriis,
1640 2784 1760 2842 sublime

959 2875 1091 2949 tropaeis?
1102 2877 1143 2933 Ea
1157 2878 1240 2934 semel
1255 2894 1303 2948 per
1316 2892 1418 2933 aunum
1430 2885 1457 2932 et
1469 2875 1518 2932 uni
1530 2883 1558 2932 et
1571 2873 1623 2933 soli
1632 2871 1760 2948 pontiflci

958 2965 1147 3040 pandebantur
1166 2982 1216 3038 pro
1242 2967 1301 3023 suis
1326 2965 1466 3039 totiusque
1484 2964 1580 3039 populi
1602 2963 1760 3022 excessibus

100 3070 185 3128 citius
208 3070 369 3129 incendium
392 3088 474 3130 omne
494 3071 665 3145 deflagravit.
689 3072 744 3127 llao
759 3068 905 3127 occasione
957 3063 1085 3129 108²⁸¹110
1098 3074 1104 3123 ;
1117 3054 1176 3113 huo
1189 3065 1294 3122 umisa,
1307 3065 1334 3113 et
1346 3070 1374 3109 se
1385 3063 1412 3111 et
1425 3055 1653 3119 ¹¹⁰11¹i¹10⁸³¹10²³›
1666 3061 1759 3128 1³²tent

100 3160 188 3217 morti
203 3159 256 3216 uiri
272 3161 373 3218 merito
388 3159 537 3232 declarato,
555 3161 632 3218 urbis
645 3162 794 3219 decedente
808 3159 901 3232 ponti·
956 3149 1082 3223 singulis,
1092 3146 1334 3220 patentomnibus‚
1350 3145 1475 3220 quotidie
1489 3145 1592 3215 facilia,
1604 3145 1757 3219 facileque·

99 3250 159 3320 fiee,
174 3252 366 3309 viertractum
381 3252 539 3326 praesulatui
552 3252 693 3309 suffecere.
710 3250 786 3307 Cella
800 3249 860 3321 ejus
872 3249 901 3305 in
956 3239 1076 3306 lidiassut
1106 3245 1263 3312 quantusue
1286 3254 1315 3294 ὅθ
1338 3246 1464 3309 peccator
1492 3234 1656 3310 i⁰8⁶⁸80fi²2
1680 3242 1757 3293 1³1¹i⁰

97 3338 240 3397 ecclesiam
253 3340 344 3397 cessit.
361 3341 461 3413 Exegit
473 3339 659 3396 sacerdotium
673 3338 754 3393 annis
768 3356 807 3407 vr,
826 3355 902 3396 men·
956 3329 1089 3402 relissifflae
1104 3328 1324 3402 imllormnitatis
1336 3327 1456 3401 pretium
1467 3325 1579 3383 flbffl'ius
1595 3326 1754 3399 ῑθβθῐῑᾶῧῑῑ-

97 3427 174 3483 sibus
200 3445 239 3495 nv,
266 3428 447 3497 moribusque
469 3433 496 3481 et
516 3425 625 3480 meritis
649 3425 795 3496 pretiosus,
819 3425 901 3481 tertio
957 3419 999 3476 Ad
1013 3435 1045 3475 ea
1066 3419 1089 3474 si
1113 3418 1176 3492 quis
1195 3426 1372 3475 externorum
1397 3417 1548 3487 accederet,
1571 3416 1755 3475 temeritatem

97 3517 159 3572 Kal.
175 3516 293 3586 burgast.
310 3511 467 3583 fragilitatis
482 3512 599 3570 excessit
615 3514 727 3570 molem.
956 3515 1043 3562 morte
1058 3505 1162 3565 luebat:
1184 3508 1219 3565 ad
1235 3507 1293 3567 haee
1313 3506 1421 3563 externi
1436 3505 1520 3563 etiam
1534 3520 1629 3560 omnes
1643 3503 1756 3560 accedi-

132 3599 304 3657 Theodosius
327 3599 481 3673 episcopus,
509 3607 572 3674 post
600 3601 780 3674 gubernatam
808 3601 900 3658 sedem
956 3613 1026 3667 mus,
1049 3607 1081 3655 ut
1102 3599 1199 3655 mortis
1219 3598 1350 3654 meritum
1375 3595 1594 3653 immortalitatis
1616 3594 1755 3668 stipendio

97 3690 180 3746 annis
190 3696 263 3757 octo,
274 3687 479 3761 diebusviginti
491 3698 618 3763 quatuor,
630 3690 738 3751 decimo
748 3692 899 3750 sextollal.
953 3702 1170 3760 compensemus.
1186 3688 1227 3744 lhi
1242 3686 1386 3744 brutorum
1402 3702 1486 3744 cruor
1500 3685 1662 3761 animalium
1678 3684 1756 3742 inic-

96 3780 168 3852 Δις.
181 3780 253 3836 diem
269 3781 378 3854 excepit
391 3781 533 3849 ultimum,
548 3798 652 3855 proque
662 3801 718 3840 suae
729 3784 829 3842 merito
839 3801 899 3842 san.
954 3777 1065 3835 rebatur
1088 3778 1117 3834 in
1128 3787 1222 3836 sancta
1243 3794 1292 3850 per
1306 3777 1486 3851 pontificem:
1505 3775 1550 3833 hic
1564 3790 1671 3832 summe
1687 3774 1755 3832 boni

94 3866 200 3926 utitatis
213 3867 335 3923 nobilem
350 3868 380 3924 in
395 3870 426 3924 B.
442 3868 571 3925 Germani
592 3872 707 3928 ecclesia
727 3875 843 3931 sortitus
858 3881 899 3930 est
955 3867 1093 3940 pontificis
1116 3868 1202 3926 vitale
1226 3885 1335 3943 corpus,
1358 3866 1522 3940 sanguisque
1548 3865 1752 3935 sanctissimum

94 3956 276 4029 sepulturam.
953 3957 1072 4014 coelestis
1081 3974 1133 4017 usu
1143 3959 1278 4033 mysterii,
1291 3956 1460 4016 Christianis
1470 3954 1600 4013 omnibus
1607 3953 1755 4012 conficitur

131 4046 191 4103 lat.
208 4045 366 4117 Gregorius,
377 4050 403 4099 et
419 4044 477 4117 ipse
492 4052 604 4102 sanctus
618 4046 772 4118 episcopus,
787 4048 898 4122 praefuit
953 4044 982 4098 in
996 4045 1123 4101 minum.
1139 4047 1226 4102 Tanta
1246 4048 1318 4102 inest
1332 4047 1394 4103 loeo
1409 4045 1539 4118 dignitas,
1554 4050 1632 4101 tanta
1645 4041 1754 4118 princi-

94 4134 216 4192 seotesiae
232 4134 313 4190 annis
327 4133 484 4203 duodecim,
501 4134 643 4191 mensibus
657 4150 725 4205 ιω
746 4146 898 4212 exactoque
952 4134 1022 4206 palis
1045 4136 1206 4190 reverentie
1232 4134 1398 4190 sanctitudo·
1425 4134 1513 4200 Quem
1536 4135 1754 4207 quotiescunque

93 4239 149 4279 suae
164 4222 234 4278 vicis
249 4222 341 4278 officio
355 4239 405 4278 mv
420 4223 537 4280 Kalend.
550 4224 693 4281 lanuarias
707 4224 830 4283 humana
844 4226 897 4284 de·
952 4223 1069 4278 devotus
1089 4220 1247 4288 intraveris,
1273 4236 1384 4277 cernere
1408 4229 1449 4275 est
1463 4220 1606 4277 Christum
1620 4222 1753 4292 apostolis

93 4327 207 4387 ponens,
230 4311 259 4366 in
279 4311 393 4368 ecclesia
412 4311 485 4369 beati
506 4312 634 4369 Germani
651 4329 811 4387 supremum
828 4332 897 4389 prc-
951 4319 1174 4385 consequentem,
1192 4310 1359 4383 martyribus
1380 4317 1622 4382 compugnantem,
1638 4310 1753 4367 confes-

94 4399 196 4457 meruit
213 4416 323 4455 rrrunus.
951 4404 1059 4462 soribus
1072 4403 1286 4476 colloquentem,
1305 4400 1461 4473 virginibus
1472 4401 1667 4471 collaetantem,
1683 4416 1753 4457 san-

128 4486 221 4559 Lupus
247 4486 400 4560 episcopus,
425 4498 456 4545 ut
481 4488 510 4545 in
533 4490 729 4564 antiquissimo
757 4461 932 4550 marmoren
949 4495 1001 4553 ctis
1020 4500 1158 4567 postremo
1177 4491 1307 4548 omnibus
1329 4497 1552 4562 conregnantem.
1577 4490 1664 4548 'l'anta
1677 4506 1752 4564 pre-

92 4575 224 4649 spitaphii
245 4575 303 4647 ejus
325 4576 548 4636 animadversum
572 4588 624 4649 est,
645 4591 729 4656 utque
750 4584 895 4657 superiore
950 4592 1022 4641 terea
1032 4584 1072 4641 ihi
1086 4592 1151 4641 sunt
1163 4583 1321 4640 orationum
1337 4583 1406 4649 loca,
1418 4588 1474 4636 tam
1485 4580 1580 4638 crebra
1592 4588 1751 4639 sanctorum

91 4666 188 4723 libello
200 4665 388 4736 meminimus,
399 4684 463 4724 cum
475 4669 660 4741 Crotechilde‚
673 4673 768 4746 regina
781 4690 893 4730 venera·
948 4673 1057 4743 altaria,
1070 4681 1101 4728 ut
1111 4689 1174 4732 oum
1190 4672 1284 4728 omnia
1299 4669 1496 4745 peragraveris,
1513 4668 1629 4743 singulis
1641 4669 1750 4743 illacry-

90 4754 152 4823 bili,
169 4754 236 4811 illuc
246 4755 368 4824 devenit,
381 4771 436 4830 quo
446 4764 569 4832 tempore
579 4759 611 4816 B.
623 4760 753 4820 Germani
768 4762 893 4821 aedillca-
949 4765 1075 4832 moveris,
1094 4749 1236 4820 meliorem
1251 4762 1306 4819 diei
1323 4768 1428 4835 partem
1442 4760 1471 4816 in
1486 4760 1595 4817 lucrum
1616 4759 1667 4816 tibi
1685 4777 1750 4817 ces-

90 4838 136 4895 bat
146 4838 285 4897 basilicam
295 4858 302 4908 ;
314 4848 401 4897 etsuo
411 4851 568 4914 praeventus
578 4844 644 4915 fine,
654 4847 761 4904 ibidem
769 4850 893 4923 sepultus
947 4852 1013 4918 sisse
1029 4853 1139 4911 laeteris.

89 4935 139 4984 est.
162 4927 319 4999 Requiescit
339 4928 368 4984 in
392 4930 487 4987 eadem
509 4930 625 4991 basilica
643 4943 756 4994 sanctus
775 4937 892 5010 Optatus
982 4942 1043 5000 let.
1063 4943 1119 5000 Nec
1138 4958 1185 5000 eos
1208 4941 1343 5015 patienter
1365 4938 1540 5013 accipiendos
1561 4937 1679 5006 aestimo,
1700 4935 1747 5010 qui

87 5016 232 5090 episcopus
246 5034 310 5074 cum
324 5017 432 5075 duobus
448 5020 627 5095 presbyteris,
645 5024 776 5082 Sanctino
790 5034 816 5084 et
829 5028 891 5085 hle-
945 5038 1101 5090 sanctorum
1117 5031 1223 5088 animas
1241 5031 1285 5088 vel
1301 5031 1331 5087 in
1346 5030 1408 5084 sinn
1428 5026 1556 5094 Abrahae,
1574 5025 1618 5082 vel
1634 5025 1662 5080 in
1688 5025 1748 5083 loco

88 5105 196 5175 morio;
216 5123 279 5163 oum
298 5106 398 5181 quibus
416 5109 508 5182 primo
522 5113 647 5186 sepultus
662 5113 715 5171 luit
730 5115 760 5174 in
774 5118 888 5175 ecclesis
946 5120 1092 5193 refrigerii,
1108 5122 1153 5177 vel
1177 5135 1259 5193 super
1278 5134 1352 5175 aram
1372 5116 1422 5174 llei
1439 5115 1594 5172 consedisse
1609 5113 1745 5184 delirant;

86 5197 173 5255 sancti
182 5197 377 5271 Christophori
388 5202 530 5275 martyris,
539 5218 621 5276 quam
632 5203 689 5278 ipse
700 5212 887 5276 exstruxerat3
944 5224 994 5266 nce
1008 5225 1086 5282 posse
1100 5207 1158 5266 suis
1167 5208 1328 5277 tumulis,st
1337 5203 1546 5273 ubivoluerint,
1564 5204 1658 5260 adesse
1672 5220 1747 5276 pre-

87 5288 275 5362 postmodum,
290 5290 371 5362 annis
385 5291 551 5362 labentibus,
565 5296 699 5352 translata
714 5305 779 5354 sunt
793 5313 888 5354 eorum

86 5391 201 5448 corpora
215 5376 244 5432 in
258 5378 401 5436 ecclesiam
416 5380 444 5437 S.
461 5380 591 5438 Germani
606 5388 663 5440 tam
681 5384 813 5455 officiose,
832 5393 886 5442 tam

121 5510 132 5537 ¹
151 5500 276 5584 Marinus
293 5503 341 5559 ille
360 5511 456 5576 postea
473 5505 616 5633 presbyter
637 5509 701 5577 luit,
715 5525 780 5590 ¹quo
803 5511 887 5568 titulo

84 5570 157 5643 apud
172 5573 428 5633 antissiodorenses
442 5592 475 5634 oo
487 5584 545 5635 rtur
558 5578 603 5635 dre
617 5578 652 5637 20
666 5579 743 5637 Juhi.

943 5296 1217 5356 censentiendum
1232 5295 1346 5353 omniuo
1360 5300 1411 5362 est,
1426 5299 1458 5349 ut
1476 5307 1558 5348 sacrae
1575 5298 1691 5348 testatur
1704 5292 1744 5348 in·

943 5394 1047 5460 terpres
1061 5384 1185 5443 historiae
1196 5384 1217 5453 ⁸,
1234 5384 1336 5440 sanctis
1350 5381 1464 5454 injicere
1478 5379 1600 5448 vincula,
1618 5387 1744 5455 utusque

975 5509 986 5539 ⁵
1005 5510 1032 5567 S.
1054 5509 1256 5582 Hieronymum
1276 5506 1408 5577 intelligit
1429 5505 1459 5562 in
1476 5512 1593 5562 tractatu
1609 5502 1744 5562 adversus

942 5581 1135 5656 vigilantium,
1160 5579 1234 5637 unde
1258 5577 1304 5636 hic
1326 5576 1440 5636 Hericus
1454 5576 1587 5635 nonnulla
1608 5575 1744 5649 exscribit
