3834 6136
125 229 177 295 ⁸6¹1
650 225 778 282 canent
800 222 907 280 CALVl
928 221 1143 278 Elldb'COlthl
1163 220 1265 275 REGlS
1736 204 1788 263 868

126 390 207 448 debet
221 384 287 461 qnid
310 381 454 441 anathema
478 379 530 448 sit3
548 386 575 435 et
598 394 633 434 ne
657 375 811 449 desperent,
832 381 931 431 osten·
945 384 966 444 Α
984 371 1143 441 mandastis,
1160 371 1183 427 si
1198 370 1278 426 illum
1293 366 1328 424 ad
1344 382 1393 422 nos
1409 356 1650 421 trahereutvobis
1665 354 1789 414 obediret

126 481 190 538 dere
204 479 285 536 dehet
299 474 422 549 quandiu
436 472 517 528 duret
535 470 691 536 anathema,
708 468 736 522 id
752 475 792 522 est
808 466 932 539 mandiu
986 478 1041 517 uon
1057 463 1220 528 valeremus,
1236 457 1355 515 sollicite
1370 468 1529 512 caveremus
1544 466 1578 505 ne
1604 448 1663 521 ipse
1687 462 1738 503 nos
1756 446 1788 503 ad

127 568 242 642 quisque
256 578 375 621 errorem
394 577 449 617 non
466 558 589 631 corrigit,
605 566 632 614 et
646 557 729 628 digna
744 556 931 612 satisfactione

127 670 182 711 non
197 652 335 719 emendat,
355 659 387 707 ut
398 647 652 705 reconciliationem
677 653 704 700 et
729 643 930 714 indulgentiam

127 746 217 801 valeat
231 740 391 815 promereri.
412 738 440 794 Si
462 736 524 811 quis
543 742 690 792 vernante
714 731 930 789 satisfactionem

127 843 154 892 et
169 829 404 890 reconciliationis
419 826 620 898 indulgentiam
636 825 663 879 in
675 823 794 896 peccatis
805 821 862 877 suis
873 836 930 892 per·

128 939 256 981 severana
272 928 397 977 rnortuus
412 917 505 986 luerit,
524 916 581 988 jam
598 913 746 971 anathema
769 920 930 985 perpetuum

128 1014 170 1070 illi
195 1013 248 1069 erit
262 1021 288 1068 et.
302 1018 444 1083 peccatum
459 1007 492 1064 ad
510 1013 636 1072 mortem,
659 1020 708 1076 pro
723 1019 777 1076 quo
791 1019 845 1057 non
862 1001 931 1058 dicit

127 1106 268 1176 apostolus
282 1110 313 1157 ut
326 1108 420 1157 oretur
433 1101 462 1169 (l
476 1100 554 1153 loen.
569 1098 611 1165 v).
627 1096 719 1151 Sedet
734 1095 822 1167 plura,
839 1094 861 1150 si
877 1109 932 1149 ne-

128 1209 201 1250 cesse
215 1191 309 1258 inerit,
337 1188 480 1261 episcopus
499 1186 616 1259 quisque
638 1184 767 1257 colligere
790 1189 817 1238 et
840 1182 930 1239 dicere

128 1279 297 1353 procurabit.

417 1371 588 1428 EPISTOLA
603 1370 641 1426 lll

299 1478 399 1520 cauom
417 1479 453 1517 an
472 1474 612 1517 utnonacu
633 1473 722 1515 aaran
741 1473 761 1512 r.

131 1557 216 1614 Penio
229 1559 289 1610 nith
307 1552 434 1623 synodum
460 1549 668 1606 suessionensem
688 1545 797 1616 scripte,
822 1548 851 1597 ut
863 1543 931 1623 'Ec-

162 1628 270 1683 clesiam
295 1625 484 1681 Bituricmsem
507 1620 619 1692 calsano
643 1620 747 1674 interim
775 1620 933 1671 ccrnrmtterc

165 1699 249 1755 lucet.

277 1784 366 1858 [Apud
379 1783 530 1850 labbeum,
543 1780 620 1847 inte,
633 1794 695 1851 pag.
710 1778 785 1851 aliq

163 1885 343 1943 Sanctissinro
357 1891 384 1939 et
398 1878 628 1938 reverendissimo
648 1879 722 1934 Patri
741 1877 865 1944 Nicolao,
881 1892 932 1932 ca-

128 1978 239 2034 tholicas
253 1985 334 2048 atque
349 1974 506 2046 apostolicae
526 1970 599 2026 sedis
621 1985 731 2025 summo
752 1968 888 2040 pontifici,
905 1974 932 2022 et

128 2064 278 2122 universali
294 2079 380 2134 papae,
394 2062 522 2119 Canoncs
532 2058 619 2130 gratia
633 2057 682 2114 Dei
696 2073 746 2112 rex
757 2064 784 2112 et
798 2057 932 2128 spiritalis

127 2155 202 2210 illius
216 2161 317 2210 vester.

164 2243 341 2300 Sanctitatem
357 2239 530 2314 paternitatis
544 2246 642 2294 vestrae
656 2236 679 2292 si
696 2236 819 2309 qnotidie
835 2253 930 2309 corpo-

129 2335 180 2390 rali
195 2333 348 2407 presentiae,
365 2329 452 2385 veluti
468 2327 569 2384 mentis
583 2335 705 2399 aspectu,
722 2326 816 2383 videre
839 2343 931 2382 ntere-

128 2439 231 2491 remur,
250 2419 397 2491 multiplici
414 2418 471 2473 irno
492 2415 626 2471 inellabili
641 2414 740 2486 gaudio
765 2417 930 2481 laetaremur,

128 2522 156 2570 et
169 2528 250 2586 quem
267 2508 419 2565 visceribus
433 2505 520 2561 animi
536 2504 742 2576 amplectimur,
762 2503 862 2558 humili
879 2501 932 2558 tle-

128 2610 248 2672 votnque
260 2598 458 2672 stringeremus
470 2594 610 2664 amplexu.
627 2592 680 2648 Sed
690 2592 794 2664 quiaut
803 2590 931 2662 cupimus

128 2688 216 2760 spatia
230 2696 364 2742 terrarum
381 2683 410 2738 id
427 2683 516 2740 lacere
530 2683 675 2755 denegant,
692 2688 771 2737 nacta
788 2681 931 2736 occasione

128 2778 163 2833 ad
191 2774 390 2832 sublimitatem
419 2772 573 2828 sanctitatis
596 2779 694 2827 vestre
720 2784 790 2840 saepe
814 2767 932 2840 dirigere

129 2874 266 2938 optamus,
283 2869 313 2918 ut
328 2862 424 2917 saltem
439 2860 567 2915 allamine
579 2859 734 2915 litterarum
742 2857 931 2929 colloquentes

129 2953 276 3014 certificari
291 2952 324 3008 tle
338 2957 432 3007 sancta
452 2948 583 3021 sospitate
603 2956 695 3003 vestra
717 2961 881 3012 mereamur,
897 2945 932 3001 de

129 3063 181 3120 qua
198 3045 277 3100 multi
293 3043 356 3099 aliis
369 3058 404 3098 ex
416 3038 541 3113 partibus
556 3035 632 3091 varia
641 3035 801 3090 nuntiantes
816 3049 865 3088 nos
878 3039 930 3087 ter·

129 3152 187 3192 rere
201 3151 256 3192 non
270 3139 387 3191 cessant.
405 3129 465 3185 Non
483 3126 557 3182 enim
573 3124 683 3180 modico
698 3125 854 3179 laetaremur
868 3135 930 3193 gau-

986 566 1014 606 se
1036 549 1145 607 trahere
1166 547 1376 621 quibuscunque
1404 543 1508 598 valeret
1528 536 1714 612 argumentis,
1737 552 1788 605 quo

986 647 1033 693 ant
1050 655 1084 694 ne
1105 635 1185 693 vobis
1207 634 1331 692 obediret
1351 632 1487 688 lautorem
1511 644 1561 685 nos
1591 625 1720 695 haberet,
1745 634 1787 681 ant

986 739 1083 790 contra
1096 734 1260 785 memoratos
1274 726 1393 797 deiectos
1409 725 1533 779 animum
1559 730 1688 778 nostrum
1713 737 1788 776 com-

987 827 1110 877 moveret
1126 838 1132 876 :
1148 826 1259 876 econtra
1274 816 1376 872 obnixe
1398 829 1551 887 precamur,
1580 818 1610 867 ut
1631 810 1712 866 nullo
1726 827 1788 867 sna-

985 913 1067 967 dente
1080 909 1282 966 consentientes
1298 906 1371 975 quod
1387 921 1436 960 vos
1447 918 1526 976 agere
1549 918 1601 974 pro
1624 916 1721 956 amore
1743 900 1788 957 Dei

985 998 1107 1072 cupistis
1125 996 1285 1064 dimittatis,
1300 1002 1328 1050 et
1342 991 1416 1065 quod
1432 1007 1481 1047 nos
1496 1006 1546 1064 pro
1561 987 1690 1062 jussione
1703 996 1789 1046 vestra

986 1089 1111 1156 iacimus,
1122 1088 1156 1143 ad
1167 1084 1346 1158 opprobrium
1360 1091 1388 1139 et
1402 1080 1602 1139 contumeliam
1616 1078 1730 1136 evenire
1737 1096 1789 1136 nou

986 1177 1080 1250 possit.
1107 1175 1229 1240 Etenim,
1255 1172 1326 1228 sicut
1347 1170 1480 1242 jussistis,
1506 1165 1676 1223 celebraturi
1700 1182 1790 1223 sumus

985 1263 1123 1337 synodum
1144 1280 1180 1317 xv
1196 1261 1333 1318 Kalendas
1357 1256 1541 1331 Septembres,
1567 1256 1595 1311 in
1619 1271 1676 1329 qua
1696 1274 1787 1316 ornnes

985 1354 1105 1426 episcopi
1121 1360 1148 1408 et
1162 1351 1257 1407 fideles
1272 1349 1347 1421 regni
1364 1347 1450 1404 nostri
1466 1345 1554 1418 parati
1567 1351 1636 1400 sunt
1649 1344 1677 1400 in
1693 1356 1790 1403 restam

985 1443 1091 1498 ratione
1106 1439 1299 1511 praedictorum
1315 1435 1485 1507 dejectorum
1497 1433 1676 1489 unanimiter
1689 1434 1788 1506 adesse,

985 1540 1012 1587 et
1029 1529 1100 1602 quod
1117 1527 1268 1583 mandastis
1280 1526 1420 1598 perficere,
1436 1524 1578 1597 vestrique
1592 1523 1679 1579 etiam
1691 1536 1788 1596 partem

985 1621 1100 1675 salvare.
1117 1618 1152 1672 Et
1167 1633 1201 1672 ne
1216 1615 1354 1671 miremini
1372 1630 1456 1687 quare
1475 1629 1550 1669 nnnc
1574 1612 1719 1669 sanctitati
1742 1630 1788 1670 ve·

948 1716 1048 1801 Bstrre.
1063 1707 1139 1775 talia,
1155 1715 1182 1762 et
1196 1721 1243 1777 per
1257 1706 1325 1760 tales
1341 1703 1438 1759 missos
1457 1702 1648 1770 inculcamus,
1670 1701 1738 1757 dnm
1752 1704 1789 1759 si-

988 1797 1065 1854 milia
1075 1797 1163 1864 vobis,
1181 1803 1323 1868 postquam
1342 1792 1375 1849 ad
1391 1810 1441 1848 nos
1461 1791 1588 1859 misistis,
1608 1808 1659 1863 per
1683 1792 1788 1851 Ericum

987 1885 1128 1941 hominem
1143 1884 1298 1941 charissimi
1315 1881 1423 1954 nepotis
1441 1881 1528 1938 nostri
1547 1881 1689 1938 Ludovici
1706 1883 1789 1955 impe-

987 1977 1084 2031 ratoris
1098 1974 1309 2040 utandavimns3
1327 1990 1361 2028 ne
1376 1989 1425 2045 pro
1440 1972 1534 2044 aliqua
1550 1972 1668 2027 levitate
1691 1971 1786 2029 iactum

986 2075 1012 2122 et
1024 2065 1209 2121 inconstantia
1220 2065 1305 2119 atrinri
1321 2062 1471 2135 deputetis,
1486 2063 1613 2119 breviter
1627 2062 1710 2120 vobis
1726 2066 1789 2120 inti-

987 2155 1132 2210 mabimus.
1151 2154 1286 2210 ltttdolius
1296 2152 1478 2208 ltitnricensis
1492 2153 1628 2208 Ecclesiae
1641 2153 1788 2225 archiepis-

986 2260 1070 2314 copus
1085 2259 1173 2315 nuper
1186 2242 1333 2298 defunctus
1348 2250 1399 2307 est,
1421 2251 1447 2297 et
1462 2242 1520 2314 ipsa
1535 2242 1667 2299 Ecclesia
1682 2243 1788 2314 sapienti

986 2340 1012 2389 et
1027 2340 1138 2388 strenuo
1153 2332 1282 2403 virilique
1307 2341 1414 2402 pastore
1437 2330 1551 2402 indiget,
1582 2338 1700 2404 propter
1725 2348 1788 2405 qun-

986 2420 1111 2476 rumdam
1128 2420 1266 2477 leuitatem
1290 2436 1408 2487 morum,
1425 2427 1452 2475 et
1469 2420 1691 2476 inconstantiam
1713 2421 1789 2493 ipsius

986 2510 1082 2581 gentis.
1100 2509 1178 2565 Unde
1193 2508 1309 2564 corrsilio
1322 2514 1433 2579 accepto
1448 2524 1544 2563 omnes
1558 2509 1688 2581 episcopi
1712 2520 1738 2565 ct
1758 2510 1790 2564 ti-

986 2598 1148 2670 delesregni
1164 2598 1263 2661 nostri,
1285 2597 1396 2670 ipsaque
1419 2597 1502 2654 etiam
1525 2597 1670 2667 dioecesis,
1695 2601 1789 2654 unani·

987 2689 1068 2745 miter
1094 2687 1122 2742 in
1144 2688 1279 2744 electione
1304 2687 1427 2759 praedicti
1443 2686 1557 2742 h'nlladi
1584 2698 1787 2745 consenserunt.

985 2779 1052 2833 Nam
1068 2778 1091 2832 si
1106 2777 1185 2831 illum
1198 2778 1280 2832 talem
1292 2792 1346 2830 non
1360 2775 1522 2831 haberemus
1538 2777 1569 2831 in
1586 2793 1676 2848 regno
1691 2785 1786 2846 nostro,

986 2865 1136 2921 trahendus
1150 2872 1221 2921 esset
1239 2881 1274 2921 ex
1287 2864 1352 2931 alio,
1370 2872 1483 2937 propter
1498 2866 1655 2923 inanimam
1674 2868 1787 2925 necessi-

985 2962 1069 3010 tatem
1086 2954 1173 3026 ipsius
1193 2953 1255 3009 loci.
1282 2952 1401 3008 Maxime
1424 2961 1528 3021 tamen,
1556 2955 1624 3026 qnia
1650 2972 1788 3012 commen-

985 3043 1113 3099 davimus
1130 3044 1220 3114 ipsum
1237 3060 1363 3113 regnum,
1378 3043 1521 3115 ipsamque
1536 3043 1706 3114 Ecclesiam,
1720 3046 1788 3101 dile·

986 3133 1108 3189 ctissime
1127 3133 1185 3188 nno
1200 3140 1349 3205 nostroque
1370 3133 1522 3204 aeqtrivoco,
1542 3132 1626 3204 cujus
1651 3133 1787 3190 infantiam

127 3224 185 3293 dio,
201 3225 223 3280 δί
239 3223 358 3295 aliquem
374 3227 529 3275 Visiffllllffl
552 3216 588 3296 fle
609 3213 689 3270 V0bi⁸
710 3219 839 3286 Pfflslefa
861 3226 930 3267 ΗΠΒ·
986 3221 1241 3293 infirmitatemque,
1252 3239 1312 3295 quan
1328 3221 1353 3275 ei
1369 3222 1606 3294 peccatisnostris
1624 3224 1788 3279 merentibus

126 3314 242 3370 flantem
255 3312 412 3384 frequentes
423 3307 617 3378 reciperemus·
630 3305 666 3358 Εῐ
676 3304 741 3375 ‘1¹¹ia
751 3301 831 3358 ¹¹⁰¹)ss
841 3308 932 3355 ῑᾶῑὶῑὸὓ
986 3311 1097 3380 accidit,
1106 3311 1321 3379 considerantes,
1337 3326 1393 3366 nou
1405 3311 1546 3381 potuimus
1553 3314 1787 3384 recuperationem

127 3404 228 3476 lisinis
243 3402 276 3458 de
291 3401 446 3474 receptione
468 3397 552 3452 ¹¹¹¹i118
567 3394 686 3461 resellis,
712 3409 793 3466 ‘1⁰0¹ss
817 3407 873 3446 ¹¹⁰st
900 3396 931 3445 ¹¹²
986 3405 1104 3461 similem
1119 3404 1247 3476 reperire.
1260 3402 1312 3458 Sed
1328 3403 1392 3475 quia
1402 3401 1525 3458 nondum
1536 3402 1567 3459 in
1579 3404 1677 3461 lutura
1689 3405 1788 3478 synodo

127 3495 277 3561 l0¹⁰i¹1111b
297 3492 344 3549 sed
365 3499 396 3547 ui
414 3497 482 3544 ²⁰⁰⁰
497 3484 744 3558 ¹0¹¹¹l¹1¹³di⁰i³llb
763 3500 812 3555 pro
827 3482 932 3538 h0¹¹0f0
986 3510 1066 3550 caum
1081 3510 1136 3549 sure
1151 3492 1334 3549 restitutionis
1349 3491 1463 3548 delinita
1476 3499 1544 3559 erat,
1562 3494 1708 3551 noluimus
1719 3502 1788 3551 ante

126 3594 153 3640 et
167 3600 259 3641 autore
273 3588 366 3636 vestro
381 3576 565 3647 suscepimus,
582 3582 725 3646 appareret
739 3571 826 3642 major
839 3570 931 3625 devo·

126 3676 176 3741 tio,
191 3674 214 3729 si
236 3686 307 3742 sape
328 3668 381 3723 hoc
404 3681 482 3737 agere
501 3666 683 3735 contingeret.
708 3663 776 3717 h'am
802 3660 836 3728 si,
858 3659 931 3731 quod

126 3769 263 3832 optamus,
279 3764 306 3810 et
322 3755 395 3827 quod
406 3756 479 3809 Deus
488 3754 663 3824 omnipotens
678 3769 727 3808 sua
741 3749 931 3805 misericordia

126 3848 267 3915 concedat,
283 3846 476 3903 celsitudinem
493 3844 647 3900 sanctitatis
662 3850 760 3898 vestran
781 3841 930 3914 aliquando

125 3939 175 3995 has
195 3939 223 3993 in
243 3945 335 4009 partes
349 3934 478 4005 recipere,
493 3934 537 3987 vel
557 3932 616 3988 illic
638 3930 732 3986 videre
751 3946 929 4000 mereremur,

126 4035 193 4083 tnnc
207 4039 271 4079 vere
285 4021 487 4094 cognosceretis
506 4037 589 4094 quam
606 4019 699 4076 devoti
716 4027 742 4075 et
757 4019 851 4075 fideles
867 4036 930 4092 erga

125 4132 175 4171 vos
189 4112 395 4184 Ecclesiamque
410 4110 489 4166 vobis
513 4111 604 4166 aDeo
627 4109 802 4166 commissam
827 4109 930 4164 existi-

125 4220 196 4260 mus.
222 4201 343 4260 Omnino
358 4201 431 4257 enim
447 4200 520 4257 sicut
534 4199 681 4272 specialem
705 4205 809 4272 patrem
833 4197 930 4255 divina

986 3600 1067 3657 quam
1083 3600 1132 3639 ros
1147 3582 1362 3651 consuleremus,
1378 3582 1423 3638 cui
1441 3581 1536 3638 omnia
1551 3589 1651 3639 nostra
1668 3584 1786 3653 consilia,

985 3687 1112 3739 uxorem,
1129 3671 1288 3743 prolemque
1302 3678 1435 3738 nostram,
1453 3685 1580 3742 regnum,
1607 3673 1787 3746 universaque

986 3768 1077 3816 nostru
1092 3760 1303 3828 committimus,
1322 3767 1349 3815 et
1363 3774 1411 3831 per
1425 3775 1474 3815 vos
1488 3759 1592 3816 sanctis
1609 3761 1788 3835 principibus·

985 3868 1037 3924 qne
1058 3852 1199 3923 apostolis,
1229 3868 1346 3925 quorum
1375 3858 1498 3906 tutamen
1530 3850 1662 3923 quotidie
1689 3851 1788 3923 implo-

985 3956 1087 4003 ramus,
1113 3955 1285 4012 quorumque
1311 3938 1447 3994 atrxilium
1471 3938 1574 3994 humili
1598 3938 1788 4013 deprecatione

984 4028 1167 4103 deposcimus,
1197 4030 1256 4085 ullo
1281 4029 1362 4085 modo
1386 4029 1465 4083 illum
1491 4027 1634 4100 praedictae
1662 4027 1788 4086 Ecclesia

983 4136 1150 4192 praeponere.
1171 4118 1277 4175 Idcirco
1291 4125 1436 4174 nunctum
1450 4117 1506 4173 cito
1521 4116 1555 4174 ad
1569 4126 1697 4175 vestram
1713 4114 1788 4193 renti·

983 4209 1069 4264 simus
1083 4209 1267 4275 sanctitatem,
1287 4207 1353 4278 quia
1367 4222 1496 4262 ueremur
1509 4222 1544 4261 ne
1559 4205 1660 4279 aliquo
1684 4204 1789 4278 iugenio

124 4292 270 4365 ditpfflffliO
291 4307 338 4347 VOS
360 4290 511 4346 universali
534 4289 665 4346 Ewlefliffl
689 4304 745 4344 ⁸¹¹ae
767 4288 927 4360 PlaePOSUib
983 4298 1204 4354 ordinatioillius
1214 4296 1247 4350 ah
1258 4296 1350 4369 aliquo
1360 4295 1470 4351 dilatari
1481 4295 1577 4367 possit.
1588 4294 1787 4352 Penitnsenim

124 4381 161 4439 ita
177 4381 332 4454 specialiter
346 4380 376 4435 in
389 4380 523 4436 charitate
546 4377 649 4435 Christi
663 4385 785 4433 sanctam
801 4377 929 4449 paterni·
982 4386 1121 4442 numerere
1135 4402 1185 4442 nec
1199 4384 1286 4453 decet,
1303 4401 1354 4442 nec
1369 4385 1475 4456 justum
1499 4394 1540 4441 est
1556 4402 1562 4441 :
1580 4402 1673 4459 neque
1693 4401 1744 4441 nos
1763 4398 1787 4445 et

124 4479 207 4527 tatem
221 4479 339 4526 vestram
365 4468 517 4543 diligimus,
544 4474 626 4541 atque
648 4466 733 4524 sacris
753 4462 965 4537 jussionibusD
982 4476 1101 4549 episcopi
1119 4475 1206 4532 nostri
1224 4475 1284 4531 fieri
1307 4476 1445 4547 patiemur
1462 4480 1568 4529 tantam
1593 4475 1785 4531 auctoriam

124 4566 223 4622 vestris
250 4564 361 4622 obedire
389 4565 586 4622 desideramus.
614 4563 693 4630 Quod
716 4563 791 4620 enim
811 4579 825 4617 a
848 4562 927 4618 vohis
982 4566 1121 4622 habentes.
1138 4566 1175 4620 Et
1189 4565 1250 4621 ideo
1271 4580 1409 4638 rogamus,
1424 4571 1454 4619 ut
1469 4563 1639 4620 auctoritate
1653 4562 1785 4619 sanctita-

124 4654 293 4727 praecipitnr,
305 4654 441 4725 sapientia
452 4661 479 4708 et
494 4655 594 4725 pietate
608 4653 744 4709 munitur.
756 4652 928 4724 Quapropter
982 4655 1017 4711 tis
1029 4663 1136 4723 vestrae,
1158 4670 1193 4709 ne
1216 4653 1264 4709 diu
1289 4661 1384 4710 contra
1408 4652 1602 4710 anctoritatem
1627 4652 1782 4708 canonicam

124 4743 183 4800 hac
196 4744 401 4827 considerantes
416 4743 551 4816 quidquid
575 4760 663 4816 nuper
685 4754 777 4800 vestra
797 4742 928 4800 sanctitas
981 4742 1093 4799 viduata
1103 4742 1233 4816 praedicta
1247 4743 1369 4800 Ecclesia
1384 4748 1502 4810 maneat,
1516 4741 1606 4815 possit
1621 4739 1743 4797 ordinari
1755 4738 1781 4793 in

124 4831 205 4889 nohis
218 4848 297 4903 agere
313 4831 455 4888 mandavit
478 4833 511 4888 de
535 4848 617 4888 causa
631 4833 722 4889 fidelis
736 4832 927 4888 ministerialis
981 4833 1072 4889 cilicio
1087 4832 1289 4904 presbyteratus
1303 4848 1395 4888 mense
1409 4830 1575 4903 Septembri,
1595 4839 1629 4887 nt
1650 4844 1717 4886 mox
1736 4828 1781 4884 lu-

123 4921 210 4978 nostri
227 4919 351 4989 Vuliadi,
368 4922 561 4993 sociorumque
577 4921 647 4992 ejus,
669 4922 716 4993 qni
740 4920 837 4992 dejecti
862 4929 926 4978 sunt

123 5019 235 5086 propter
248 5010 452 5067 ordinationem
468 5010 593 5066 Ebbonis
608 5010 746 5083 quondam
764 5009 926 5067 {theanensis

123 5102 332 5174 archiepiscopi,
347 5109 429 5173 prout
439 5101 578 5156 valuimus
588 5101 709 5156 exsecuti
722 5117 828 5169 sumus,
844 5107 925 5172 atque

124 5192 272 5248 llincmaro
298 5190 450 5246 venerabili
479 5188 687 5261 archiepiscopo
714 5189 924 5262 quibuscunque

124 5280 213 5336 modis
228 5281 369 5352 potuimus
380 5278 493 5335 suadere
505 5277 701 5345 laboravimus,
714 5286 744 5333 nt
757 5279 925 5334 consentiret

122 5366 258 5438 justitiam
274 5376 494 5442 praeceptumque
511 5367 664 5423 sanctitatis
677 5378 773 5425 vestrm
788 5367 822 5424 de
837 5367 921 5439 ipsis:

125 5455 198 5526 quod
213 5465 239 5510 et
254 5458 300 5512 ille
315 5457 443 5513 dulcibus
458 5455 596 5528 prornittit
617 5455 718 5522 verbis,
741 5455 807 5527 quid
831 5463 923 5511 tamen

124 5548 175 5603 sub
192 5548 270 5603 tuelle
287 5551 366 5605 lateat
379 5553 469 5609 adlrnc
493 5553 660 5624 igriornmus.
685 5551 736 5607 Sed
758 5551 822 5623 quia
844 5551 924 5608 nohis

981 4931 1059 4978 turus
1072 4921 1216 4994 episeopus
1237 4929 1299 4995 agat
1325 4938 1385 4994 quaa
1407 4921 1474 4977 huie
1497 4919 1656 4977 ministerio
1680 4934 1780 4978 eonve-

980 5015 1069 5071 niunt.
1087 5013 1163 5070 Alias
1176 5022 1267 5070 antem
1282 5031 1337 5071 uon
1351 5013 1458 5070 modica
1471 5012 1683 5086 perturbatione
1696 5014 1777 5084 potest

979 5103 1100 5175 undique
1115 5110 1191 5159 tauta
1206 5110 1292 5157 mater
1303 5102 1429 5158 Ecclesia
1440 5100 1563 5169 concuti,
1586 5118 1636 5175 pro
1655 5117 1711 5176 qna
1725 5096 1775 5156 sola

979 5194 1139 5251 necessitate
1168 5195 1312 5250 accelerari
1347 5193 1502 5249 necessario
1534 5190 1720 5264 deposcimus.
1749 5184 1774 5243 Si

979 5299 1044 5339 vero
1058 5283 1111 5340 boo
1125 5283 1204 5340 vobis
1218 5282 1356 5355 displicet,
1369 5290 1515 5357 antequam
1530 5281 1613 5338 vobis
1626 5281 1661 5339 de
1670 5278 1726 5353 jam
1738 5275 1771 5333 di-

977 5380 1021 5428 cta
1035 5371 1142 5445 synodo
1156 5372 1338 5440 renuntietur,
1350 5371 1431 5428 liceat
1441 5369 1511 5427 milti
1526 5370 1571 5425 vel
1586 5369 1674 5441 ipsam
1689 5365 1770 5423 Eocle

977 5462 1045 5518 siam
1061 5470 1171 5534 propter
1182 5461 1355 5534 saepedictam
1375 5459 1566 5517 necessitatem
1581 5457 1625 5513 illi
1649 5452 1769 5513 commit·

977 5558 1045 5621 tere,
1059 5567 1094 5607 ne
1109 5550 1262 5625 undiquea
1285 5548 1379 5624 pravis
1400 5548 1578 5607 concutiatur
1604 5542 1767 5602 hominihus.
