3834 6136
130 220 183 284 907

627 220 837 281 acanthum
856 221 1109 283 tauniacensis
1128 215 1290 283 monachi

1730 215 1786 277 908

130 377 233 451 quique
247 382 329 449 atque
345 371 482 447 sapientes
496 370 541 429 his
560 369 752 428 contradixere
767 371 868 441 verbis,
880 371 971 455 ju-[A
986 374 1095 432 occulta
1107 374 1218 431 fuerant
1232 375 1293 432 luce
1306 374 1409 432 clarius
1429 373 1569 448 propalare
1585 371 1719 446 diguatus
1735 377 1787 433 est.

130 473 204 523 stum
220 480 276 520 nou
292 479 349 519 esse
360 461 495 529 diceutes,
507 467 538 516 ut
545 459 721 533 quosdiviua
734 461 862 518 voluntas
872 478 931 534 par-

130 554 229 628 ticipes
250 553 351 610 iecerat
370 550 473 608 oraculi
494 549 622 617 coelestis,
638 556 665 605 et
680 548 728 621 qui
742 549 826 606 simul
839 549 931 607 locum

132 654 288 702 sauctorum
304 642 389 700 thece
405 656 552 713 corporum
566 638 696 708 adissent,
711 640 813 712 quique
824 638 855 695 in
869 642 931 698 sub·

989 464 1133 521 Cenomani
1147 465 1176 522 S.
1193 465 1359 522 &holastiea
1375 464 1427 519 rel'
1445 464 1497 519 uiis
1506 461 1646 519 basilicans
1661 466 1687 517 et
1698 476 1783 517 caso

1280 537 1352 593 bium
1366 480 1492 592 condurat.

1022 615 1066 673 lt.
1084 615 1171 689 lgitur
1184 614 1374 674 sublstaomni
1384 614 1500 688 ancipiti
1515 615 1655 674 sententia
1670 628 1733 688 quae
1746 628 1789 670 su·

132 733 223 790 eundo
238 748 316 806 pares
331 730 423 788 labore
437 730 556 798 ineram,
572 743 628 784 uon
643 727 844 786 etiamiructus
858 728 932 786 labo·
986 719 1035 777 1³⁶¹
1062 703 1223 778 ⁰⁰¹P⁰¹ib¹¹⁸
1246 703 1436 762 dimmendss
1470 702 1519 761 (ΗΠ
1549 717 1648 760 ⁰⁰f¹¹¹¹¹
1681 701 1790 757 *Μῶα

133 829 171 885 ris
184 844 260 901 eque
271 828 450 900 partirentur.
466 825 587 882 llaaime
598 841 664 881 vero
680 840 736 881 nou
747 840 806 882 esse
816 825 931 896 dignum

133 916 272 985 dicebaut,
288 925 319 972 ut
337 914 393 972 duo
408 928 506 986 magna
521 912 670 969 luminaria
683 911 738 970 loci
752 912 837 970 unius
849 927 932 969 coar-

132 1015 220 1065 ctaret
238 1005 375 1079 angustia,
396 1021 459 1062 cum
476 1003 634 1059 sufficereut
651 1001 768 1074 singulis
787 1001 855 1058 lacis
868 1001 933 1058 sin-

134 1098 207 1168 gula.
223 1096 344 1152 Tandem
360 1094 445 1166 igitur
458 1091 621 1165 sepedictus
635 1091 804 1148 venerabilis
819 1091 862 1146 vir
876 1091 932 1147 Ai-

134 1185 226 1258 gullus
248 1181 373 1241 consiliis
395 1182 615 1240 venerandorum
640 1181 768 1237 vivorum
791 1195 931 1237 assensum

133 1275 210 1333 dedit
229 1275 415 1347 decrevitque,
432 1281 463 1330 ut
477 1274 535 1346 ipse
549 1289 612 1329 cum
629 1272 686 1328 suis
700 1278 807 1330 retento
819 1286 933 1344 corpore

133 1367 161 1424 S.
183 1363 335 1434 Benedicti,
360 1363 449 1421 socios
468 1380 533 1421 suos
547 1379 614 1422 cum
633 1377 748 1437 corpore
770 1359 932 1420 veneranda

133 1457 237 1515 sororis
251 1455 310 1529 eius
323 1454 478 1513 dimitteret
492 1461 513 1511 ¹.

134 1609 261 1682 Reliquias
275 1625 359 1666 sacra
372 1614 539 1665 mortuorum
553 1604 721 1663 suscitatione
734 1605 931 1661 discernuntur.

170 1743 212 1799 lt.
224 1743 276 1800 Sed
290 1742 354 1816 quia
364 1748 470 1798 certum
481 1748 602 1797 uouerat
611 1740 730 1813 qualiter
739 1737 860 1796 discerni
871 1753 933 1794 ossa
946 1734 970 1794 B

134 1828 288 1902 potuissent
304 1845 364 1903 qua
379 1828 493 1886 confuse
503 1826 586 1884 unius
596 1826 733 1899 sportella
743 1825 821 1883 sinus
833 1825 933 1882 retine·

132 1919 189 1987 bat,
205 1919 276 1977 iacta
291 1918 454 1975 difficultate
472 1917 647 1975 discernendi
667 1916 700 1973 ud
715 1915 768 1972 boc
783 1913 931 1972 consilium

133 2014 246 2063 ventum
261 2014 313 2074 est,
329 2014 361 2062 ut
374 2023 406 2063 ea
419 2023 480 2080 qun
496 2006 603 2063 minora
618 2005 779 2062 viderentur
788 2018 848 2060 ossa
858 2019 933 2075 sepa·

133 2099 215 2155 ratim
233 2107 411 2171 ponerentur,
433 2097 538 2171 majora
551 2114 617 2155 uero
631 2096 795 2154 altrinsecus
814 2111 933 2168 congre-

133 2194 273 2259 garentur.
293 2189 364 2245 Dum
381 2188 465 2261 igitur
479 2187 607 2244 dividens
625 2185 765 2243 hesitaret
784 2191 932 2241 etcertum

134 2278 201 2351 quid
217 2279 337 2352 judicari
360 2296 415 2336 nou
434 2288 536 2352 posset,
555 2279 704 2335 Biviuitati
728 2276 795 2334 huic
817 2273 932 2348 ancipiti

133 2369 277 2426 sententias
292 2369 385 2426 taliter
398 2368 482 2425 sruem
497 2369 640 2440 imponere
652 2366 766 2440 placuit.
782 2365 849 2421 Nam
869 2381 931 2421 eum

133 2458 275 2515 continuis
288 2459 469 2515 Divinitatem
485 2455 710 2531 precibusuoctis
724 2453 843 2527 spatium
858 2452 933 2510 utri-

133 2562 187 2618 que
201 2547 296 2616 populi
311 2562 361 2617 pro
373 2553 451 2603 tanto
465 2545 518 2601 sihi
536 2544 738 2602 manifestando
749 2542 859 2614 negotio
874 2545 933 2615 pul-

133 2633 278 2699 savissent,
294 2632 367 2690 iacto
383 2650 462 2690 mane
475 2635 686 2707 conspiciuntur
695 2633 804 2689 eminus
814 2631 932 2688 duorum

133 2722 313 2794 parvulorum
335 2723 473 2795 exsequia
496 2723 672 2792 cadaverum,
702 2738 820 2795 quorum
845 2738 932 2778 uuum

133 2820 191 2867 erat
205 2809 351 2866 masculini
365 2825 456 2879 sexus,
468 2811 584 2868 alterum
596 2812 718 2868 feminei.
733 2813 819 2883 igitur
827 2812 932 2868 salubri

50 2925 53 2931 ·
133 2906 245 2970 accepto
265 2897 382 2954 consilio
404 2895 439 2952 ad
462 2914 490 2952 se
513 2898 671 2954 exanimata
695 2915 810 2969 corpora
829 2899 932 2956 deterri

989 799 1177 866 occupaverat,
1194 792 1286 867 plebes
1296 791 1487 850 Cenomauicae
1500 791 1535 848 ad
1545 806 1647 864 corpus
1658 789 1692 846 B.
1708 787 1789 846 Scho-

987 882 1089 941 tassice
1100 882 1248 940 salubriter
1260 889 1413 939 verterunt.
1429 881 1508 949 Quod
1523 895 1635 937 summa
1645 879 1789 938 eeleritate

987 970 1106 1027 levatum
1129 969 1304 1043 imponentes
1320 969 1450 1043 scapulis,
1464 985 1528 1025 cum
1545 966 1649 1042 gaudio
1665 966 1702 1024 ad
1721 983 1789 1041 pro-

986 1058 1077 1132 prium
1092 1059 1182 1116 lcaum
1197 1058 1429 1132 deportaverunt:
1447 1057 1541 1131 ibique
1556 1057 1788 1132 magnissumpti·

986 1147 1038 1205 bus
1051 1148 1185 1206 aedificata
1199 1156 1239 1205 est
1253 1148 1377 1216 eeclesia,
1388 1155 1416 1204 et
1430 1147 1566 1203 ordinatis
1580 1161 1700 1220 quaeque
1714 1154 1789 1204 eraut

987 1239 1138 1298 necessaria
1162 1237 1275 1295 leminis
1302 1240 1359 1295 Deo
1386 1236 1572 1295 servientibus
1601 1236 1680 1294 inira
1708 1236 1788 1296 broce

987 1329 1106 1402 spatium
1130 1328 1262 1402 temporis
1276 1327 1403 1402 plurimae
1421 1326 1558 1384 nobilium
1575 1325 1747 1384 feminarum
1761 1327 1787 1385 in

987 1417 1082 1474 eodem
1106 1417 1271 1475 monasterio
1294 1423 1443 1488 aggregatae
1462 1423 1537 1484 suut,
1556 1431 1621 1487 qure
1642 1431 1673 1472 se
1696 1416 1787 1474 relicto

988 1510 1087 1566 saeculo
1101 1509 1214 1566 Domini
1231 1508 1345 1566 servitio
1360 1505 1564 1580 mancipamnt.
1581 1506 1636 1563 Sed
1657 1515 1686 1563 et
1701 1507 1786 1581 ipsum

988 1601 1183 1657 monasterium
1194 1615 1280 1673 usque
1294 1615 1369 1656 nuuc
1381 1598 1488 1671 maguis
1500 1597 1706 1655 miraculorum
1720 1599 1786 1655 illu-

987 1688 1192 1746 strationibusa
1206 1688 1326 1746 Domino
1342 1687 1506 1744 honoratur.

990 1778 1093 1849 Corpus
1116 1777 1200 1832 sancti
1223 1776 1357 1833 Benedicti
1373 1777 1402 1831 iu
1420 1776 1526 1833 emlesia
1547 1777 1576 1834 S.
1595 1775 1675 1834 Petss'
1695 1776 1787 1850 deposi-

1024 1855 1094 1976 {gtht‘}
1109 1846 1268 1976 gadeneia?
1289 1849 1316 1905 S.
1343 1850 1441 1904 diaria
1459 1848 1627 1906 reconditur.
1653 1848 1788 1927 elimatis

1023 2000 1067 2056 lb.
1080 2003 1117 2058 At
1131 2015 1197 2056 vero
1206 2001 1375 2058 hlummolus
1388 1998 1471 2056 abbas
1481 2007 1509 2056 et
1516 1998 1692 2057 uenerabilis
1700 1997 1786 2071 Aigul·

987 2087 1032 2144 ius
1046 2087 1208 2144 levaverunt
1221 2104 1322 2161 corpus
1337 2087 1365 2144 S.
1386 2087 1528 2145 Benedicti
1544 2087 1623 2162 quod
1637 2104 1656 2144 a
1669 2089 1727 2145 Deo
1739 2086 1784 2144 sibi

987 2174 1118 2232 collatum
1133 2175 1217 2232 certis
1232 2175 1344 2234 iudiciis
1358 2176 1556 2251 apparentibus
1568 2176 1717 2246 tenebant,
1726 2176 1785 2233 etin

987 2265 1105 2321 Basilica
1125 2264 1157 2320 B.
1175 2265 1249 2320 Petri
1272 2275 1283 2301 ⁸
1301 2265 1335 2321 ad
1353 2264 1567 2322 custodiendum
1591 2263 1784 2338 deposuerunt

987 2354 1067 2422 Quod
1078 2370 1141 2411 cum
1156 2352 1260 2410 eximia
1272 2369 1339 2411 cura
1358 2362 1507 2422 servames,
1521 2352 1709 2410 conferebant
1721 2353 1786 2410 iuter

987 2459 1015 2499 se
1029 2458 1084 2515 quo
1098 2442 1128 2499 iu
1142 2443 1203 2500 loco
1218 2442 1340 2516 ejusdem
1355 2443 1515 2500 monasterii
1531 2443 1561 2498 iu
1574 2443 1685 2501 divinae
1696 2443 1786 2500 voluu-

986 2533 1037 2588 tati
1056 2532 1254 2590 concordantes
1271 2533 1428 2590 humarent.
1445 2533 1605 2608 Superque
1619 2550 1651 2591 re
1664 2549 1721 2591 non
1735 2533 1785 2589 mi·

988 2624 1063 2681 nima
1076 2641 1171 2681 eorum
1187 2625 1296 2682 animos
1307 2624 1435 2682 dubietas
1448 2634 1647 2699 occupaverat.
1658 2626 1786 2684 SedBeus

987 2717 1033 2789 qui
1061 2716 1179 2789 bcuigna
1200 2717 1301 2790 pietate
1320 2733 1370 2773 sua
1384 2717 1473 2774 sancti
1489 2717 1546 2774 -uiri
1566 2733 1673 2790 corpus
1686 2717 1721 2774 de
1732 2717 1785 2773 laco

986 2806 1072 2879 priori
1093 2808 1314 2865 transferendum
1331 2807 1467 2874 decrevit,
1490 2807 1520 2863 in
1544 2808 1677 2881 sequenti
1699 2816 1782 2882 aptum

987 2897 1077 2952 locum
1090 2897 1237 2969 sepultura
1252 2897 1387 2970 providit.
1402 2897 1470 2953 Nam
1490 2913 1554 2953 oum
1571 2897 1635 2967 diu,
1650 2897 1725 2956 sicut
1733 2897 1782 2970 J'sm

130 2987 239 3060 jubent.
263 2985 343 3054 Quod
366 3003 429 3043 cum
453 2985 556 3043 facturn
585 2995 664 3055 esset,
689 2987 806 3043 masculi
832 3004 932 3060 corpus
986 2984 1161 3054 dictumest,
1181 2985 1267 3041 beata
1291 2985 1430 3041 memoria
1448 2984 1724 3060 Mummolussuper
1739 2985 1784 3041 bac

133 3092 217 3150 prope
231 3092 293 3132 ossa
307 3076 372 3147 poni
387 3075 512 3132 iecerunt
527 3091 587 3148 quae
602 3075 791 3148 magnitudine
801 3085 929 3148 prestare
944 3089 965 3150 ρ
980 3089 1010 3146 r⁰
1022 3075 1155 3146 cogitaret
1162 3075 1366 3148 consiliumque
1380 3075 1449 3132 utile
1462 3083 1612 3149 quareret,
1627 3076 1784 3151 intempesta

133 3165 310 3232 videbantur,
334 3163 460 3237 miroque
479 3162 561 3219 modo
575 3179 641 3218 mox
656 3169 687 3218 ut
705 3164 806 3219 mortui
823 3171 931 3220 mortua
985 3169 1066 3220 nocte
1094 3171 1225 3220 consucta
1250 3164 1385 3220 orationis
1410 3164 1484 3221 iusta
1510 3165 1671 3237 requirens,
1699 3167 1784 3224 mistis

133 3255 246 3328 tetigere
260 3270 321 3311 ossa
333 3253 462 3327 jacentis,
478 3267 527 3324 per
542 3260 682 3309 mortuum
697 3261 807 3310 mortuo
826 3262 853 3311 et
873 3255 930 3310 vita
985 3255 1090 3312 relictis
1104 3254 1184 3334 sicut
1192 3262 1373 3310 consueverat
1381 3251 1580 3310 dormitorium
1594 3255 1784 3328 egressus,eub

132 3345 240 3402 reddita
262 3350 314 3400 est.
338 3342 473 3399 Similiter
495 3349 587 3399 autem
612 3341 653 3398 eis
670 3341 774 3414 placuit
797 3350 828 3399 ut
848 3358 931 3415 penes

135 3433 242 3489 minora
261 3439 377 3489 mortua
396 3431 496 3503 pueltae
515 3447 615 3504 corpus
632 3430 699 3503 poni
717 3430 837 3490 deberet.
857 3434 932 3490 Deus

134 3529 226 3577 antem
245 3528 277 3576 ut
293 3520 493 3575 demonstraret
512 3534 655 3590 germanos
670 3535 727 3576 esse
740 3520 787 3592 qui
801 3520 932 3578 fereban-

134 3624 180 3671 tur
193 3614 304 3680 merito,
314 3612 548 3685 quemadmodum
562 3613 653 3669 caruis
663 3628 718 3668 una
730 3616 929 3685 procreatione,

133 3718 190 3757 uuo
205 3699 356 3772 eodemque
371 3709 495 3773 tempore
510 3715 588 3771 pares
603 3699 702 3755 merito
713 3715 790 3771 pares
804 3717 861 3758 esse
875 3720 931 3761 ro-

133 3791 186 3846 luit
209 3789 239 3845 in
262 3789 397 3846 miraculo
420 3789 449 3856 ι’;
472 3788 510 3843 ita
529 3795 560 3844 ut
579 3788 670 3859 puella
689 3787 783 3844 eadem
807 3789 875 3846 hora
898 3792 931 3848 ab

132 3878 224 3936 officio
247 3876 352 3932 funeris
375 3882 518 3947 surgeret:
539 3883 566 3931 et
580 3890 640 3947 qua
654 3890 670 3930 a
684 3874 815 3934 dentibus
833 3879 931 3936 amicis

132 3964 292 4038 portabatur
305 3962 339 4019 ad
355 3962 506 4030 tumulum,
522 3960 620 4018 iisdem
632 3962 814 4034 gaudentibus
829 3967 931 4025 rediret

131 4055 255 4110 domum.
272 4053 426 4127 Antiquum
443 4067 562 4125 namque
574 4051 792 4128 inusitatumque
802 4065 863 4129 post
872 4059 930 4116 Eli.

130 4142 169 4198 sei
186 4150 277 4199 actum
294 4141 324 4213 (l
327 4141 350 4199 V
359 4142 422 4212 neg.
439 4141 489 4214 xv)
505 4148 663 4199 revocatum
683 4141 737 4200 hoc
750 4152 859 4202 constat
873 4147 930 4203 mi-

129 4232 264 4301 raculum,
280 4233 345 4305 quia
357 4231 556 4304 omnipotentis
573 4232 622 4288 Bei
638 4247 736 4289 manus
755 4240 788 4289 ut
810 4233 931 4290 demon-

985 3344 1060 3402 nudo
1075 3344 1144 3402 coelo
1159 3343 1243 3415 caepit
1257 3343 1330 3399 iuter
1341 3343 1394 3400 alia
1409 3343 1526 3416 precari,
1541 3352 1577 3400 ut
1590 3343 1693 3402 diviua
1705 3346 1783 3420 pisus

985 3437 1010 3495 ei
1033 3433 1142 3492 salubre
1165 3433 1313 3491 consilium
1336 3440 1502 3506 suggereret,
1525 3448 1654 3505 quanam
1681 3436 1713 3494 iu
1732 3436 1783 3493 locu

984 3525 1157 3584 sanctissima
1176 3520 1299 3579 membra
1320 3522 1431 3579 locaret.
1459 3521 1561 3579 Adfuit
1589 3522 1637 3582 his
1668 3525 1783 3599 precihus

985 3615 1106 3672 clemens
1119 3613 1195 3668 auris
1208 3611 1418 3683 omnipotentis,
1442 3627 1504 3684 quae
1522 3627 1622 3670 servm
1641 3630 1709 3672 suos
1720 3612 1783 3687 juste

985 3709 1107 3776 petentes
1125 3699 1221 3757 audire
1239 3700 1393 3757 consuevit.
1412 3698 1481 3755 Nam
1502 3699 1552 3756 lux
1573 3701 1674 3772 subito
1685 3702 1782 3761 calita

986 3796 1084 3854 emissa
1102 3805 1165 3853 ante
1182 3795 1303 3854 basilicas
1322 3796 1440 3853 frontem
1462 3796 1549 3854 beatae
1570 3798 1624 3856 Dei
1643 3799 1782 3859 &niuei
1815 3798 1821 3820 ⁸

984 3883 1077 3941 blaciae
1087 3883 1116 3940 in
1129 3884 1240 3939 modum
1249 3884 1423 3941 iacissrdeus
1432 3885 1462 3940 iu
1474 3901 1538 3941 eum
1548 3886 1646 3946 locum
1659 3888 1710 3947 ubi
1720 3905 1780 3947 usae

985 3982 1026 4031 est
1039 3971 1183 4031 conditum
1198 3989 1298 4046 corpus
1313 3972 1440 4045 pretendi
1455 3973 1517 4030 visa
1534 3984 1589 4033 est.
1604 3977 1691 4045 Quod
1703 3978 1778 4036 mssa

984 4060 1029 4118 vir
1042 4060 1152 4118 Bomiui
1164 4060 1331 4119 hlummolus
1341 4071 1371 4118 ut
1381 4061 1463 4131 vidit,
1475 4062 1777 4142 omnidubietstepcst·

985 4152 1074 4226 posita
1099 4150 1251 4208 certissime
1276 4149 1395 4207 credidit
1408 4185 1410 4188 <
1423 4151 1496 4224 quad
1520 4152 1572 4213 hie
1600 4157 1684 4216 loeus
1709 4165 1776 4232 spus

984 4248 1055 4297 esset
1067 4239 1154 4297 macti
1168 4238 1222 4294 viri
1239 4238 1371 4295 membris
1385 4238 1519 4298 locandis.
1534 4243 1629 4316 lgitur
1643 4247 1774 4321 posthabi-

128 4329 227 4377 straret
239 4321 271 4376 B.
287 4318 470 4377 Benedictnm
485 4335 536 4377 uec
550 4321 631 4377 novis
645 4337 696 4379 uec
707 4321 830 4395 antiquis
844 4322 930 4378 Patri·
985 4327 1022 4383 tie
1040 4326 1215 4384 mordacibus
1237 4325 1311 4384 curis
1332 4335 1361 4384 et
1382 4329 1484 4388 visioni
1507 4333 1687 4394 omnimodis
1706 4336 1773 4395 ddeu

127 4408 178 4466 bus
196 4410 340 4482 imparem,
360 4410 459 4467 merito
478 4426 569 4483 parem
591 4411 670 4467 illum
690 4412 792 4468 extulit
807 4412 929 4486 prophe·
945 4440 968 4499 D
983 4416 1061 4485 daus,
1076 4415 1107 4473 iu
1122 4415 1219 4473 eodem
1232 4417 1292 4473 loca
1309 4433 1364 4491 quc
1382 4417 1437 4474 sibi
1457 4419 1685 4482 demonstratum
1699 4425 1773 4482 luent

127 4504 217 4554 tarum
228 4498 356 4570 operibus
369 4517 375 4556 :
386 4499 595 4572 completurque
605 4498 926 4559 veridicavcxlleritatis
979 4522 1041 4562 cum
1058 4520 1156 4577 magno
1170 4504 1262 4562 studio
1276 4505 1307 4561 in
1320 4505 1421 4563 melius
1435 4516 1535 4566 ornato
1547 4511 1603 4568 snb
1620 4512 1709 4586 pridie
1723 4512 1772 4570 llo-

126 4586 332 4658 prcmittentis:
360 4587 412 4653 Qui
431 4586 575 4643 crediderit
594 4589 623 4643 ia
641 4605 691 4658 me,
712 4606 793 4661 opera
812 4606 870 4660 qua
883 4608 927 4662 ego
981 4608 1030 4649 nas
1044 4593 1204 4650 Decembris
1218 4610 1281 4650 cum
1296 4593 1400 4667 ingenti
1412 4594 1519 4653 houore
1532 4608 1561 4657 et
1574 4601 1704 4660 laudibus
1712 4602 1770 4660 diri·

126 4674 197 4755 [acio
210 4674 291 4746 faciet
305 4675 395 4746 (Joaa.
411 4692 439 4745 x,
456 4676 513 4747 lt).
528 4678 630 4734 Omnes
645 4679 730 4751 igitur
744 4680 815 4737 laetis
826 4681 927 4737 animis
981 4681 1025 4738 uis
1036 4687 1116 4739 terrae
1129 4681 1229 4738 humili
1243 4688 1343 4738 terram
1358 4682 1439 4741 multi
1450 4686 1532 4756 pretii
1542 4687 1659 4748 reddere
1665 4691 1769 4757 studuit,

126 4761 925 4841 magnisquevocibusBeuedicuutDominamquiquaesibj
980 4771 1085 4846 vilique
1103 4786 1173 4827 urus
1189 4770 1202 4806 ‘¹
1220 4769 1344 4828 mutarit
1360 4773 1498 4831 coelesmm
1518 4775 1692 4836 thesaurum.
1711 4779 1768 4836 Nau

161 4857 245 4939 .Bcc
261 4858 364 4939 ¹facttum
385 4858 521 4931 improbat
535 4858 690 4918 Notlrems:
711 4863 753 4921 Va
765 4860 926 4916 miserorum
979 4862 1038 4919 sola
1056 4860 1171 4917 basilica
1192 4861 1225 4917 B.
1249 4861 1341 4919 illaria
1355 4879 1440 4930 sacra,
1461 4879 1522 4936 qua
1538 4866 1579 4922 uti
1599 4875 1629 4926 et
1649 4868 1767 4943 oppidum

124 4934 237 4997 meretis,
259 4931 351 5002 mquit
375 4931 435 4986 loco
457 4930 552 4997 citato,
574 4948 624 5002 per
644 4948 710 5002 quos
733 4934 925 5004 separationem
979 4932 1147 4989 monasterio
1164 4932 1390 5004 circumpositum
1406 4934 1434 4991 S.
1452 4935 1598 4996 Benedicti
1614 4956 1714 4997 nomeu
1726 4955 1768 4995 se-

122 5017 205 5074 passa
223 5004 295 5070 suut,
323 5017 382 5073 qua
408 5000 578 5073 dispositione
600 5003 628 5059 S.
654 5003 772 5074 Spiritus
801 5003 926 5076 conjungi
978 5003 1061 5076 cepit,
1076 5003 1199 5086 vulgoS.
1213 5005 1479 5062 emotas-sarmata.

124 5079 287 5128 maereant.
458 5142 464 5154 ι
1014 5075 1027 5111 ¹¹
1042 5075 1100 5131 lloc
1112 5074 1157 5131 dre
1171 5077 1305 5132 Tummtio
1317 5076 1345 5133 S.
1360 5077 1504 5136 Benedicti
1519 5079 1550 5137 iu
1561 5080 1700 5157 plerisque
1709 5082 1766 5141 ltu·

142 5144 271 5224 ‘lPrope
283 5143 376 5200 vicum
391 5144 546 5200 Blariacum
562 5143 623 5216 (qui
638 5154 718 5202 vetus
730 5145 872 5205 Blariacus
883 5147 923 5204 di·
978 5147 1113 5219 tyrologis
1136 5162 1200 5203 mss.
1226 5146 1407 5205 inscribitur:
1429 5157 1457 5206 et
1474 5149 1502 5207 S.
1520 5150 1582 5208 Odo
1601 5153 1634 5210 iu
1654 5167 1765 5213 emmone

123 5222 206 5294 citur,
222 5231 278 5296 uuo
293 5216 318 5271 la
338 5215 383 5271 ide
392 5214 426 5271 ab
440 5213 542 5288 oppida
555 5223 582 5271 et
596 5216 762 5273 munasterio
778 5217 806 5274 S.
832 5217 923 5274 Bene·
977 5219 1113 5291 sequenti,
1129 5232 1207 5272 num.
1223 5217 1250 5286 2,
1260 5218 1398 5290 duplicem
1413 5219 1442 5276 S.
1459 5220 1606 5281 Benedicti
1620 5225 1765 5284 solemnita-
1823 5232 1825 5240 '

124 5283 193 5341 dicti
212 5231 336 5357 dremne?
345 5293 435 5342 exstat
454 5286 584 5343 sacellum
599 5285 628 5344 S.
644 5287 820 5345 Scholastica
839 5304 872 5344 eo
893 5289 922 5345 in
977 5295 1043 5356 tem,
1077 5289 1288 5344 lraastatiaaem
1315 5295 1339 5344 et
1367 5291 1590 5361 Tamutotiausm,
1620 5302 1763 5356 memorat:
1823 5296 1825 5313 '

125 5352 186 5409 loco
200 5355 247 5411 ubi
262 5356 317 5413 duo
332 5357 390 5415 haec
403 5357 536 5414 miracula
551 5365 656 5430 patrata
670 5367 735 5416 sunt
745 5359 920 5416 dedicatum:
976 5358 1151 5416 Adrevaldus
1163 5359 1193 5415 iu
1207 5357 1256 5415 lib.
1270 5360 1377 5430 blisac,
1391 5378 1416 5419 c.
1432 5361 1477 5446 22ε
1494 5367 1709 5425 tumulationem
1720 5383 1764 5447 rof
1823 5397 1825 5409 =

124 5436 179 5547 {¹3¹⁰
197 5425 299 5552 Emis
323 5428 479 5486 obtiueudae
499 5433 587 5501 gratia
604 5432 741 5487 solemnes
760 5445 831 5502 sape
850 5430 922 5492 liunt
976 5436 1021 5487 cat
1033 5431 1146 5487 sotrum
1162 5430 1259 5513 testeam
1281 5431 1309 5488 S.
1331 5431 1489 5514 confessores
1509 5435 1764 5522 ChristiBensdiett,

158 5507 393 5626 ppHaeergnegbtri
411 5571 525 5629 ecclesia
544 5573 664 5645 amplius
683 5589 739 5631 non
759 5577 858 5642 exstat,
874 5571 921 5631 sed
975 5502 1765 5652 33ιῖιάὓθῗοεξηιὲΐιῖιιξιοᾞὲῗιξῗιιὸιοᾳὲῗὲαἷὲἷξὲῗῑκοιῖιᾞ
