3834 6136
126 167 181 233 sio

126 309 198 369 rato,
213 300 264 373 qui
280 299 376 382 posuit¹
388 300 487 382 Zeia...
504 299 585 357 Pauci
594 300 714 382 ¹babent,
728 304 764 358 od
786 304 933 375 consessio·

125 390 185 428 nera
200 377 290 427 sancti
301 371 387 435 Petri,
404 371 527 444 plerique
548 381 578 428 ut
592 388 621 427 in
636 380 724 430 textu.
742 375 815 431 Bene
838 377 933 448 legunt

124 444 204 502 citati
219 443 345 511 Praten.,
368 443 510 498 Herinien.
527 450 553 499 et
568 445 668 500 Nolon.
684 447 860 514 critolaum
875 466 933 504 ca-

123 517 179 572 teri
195 515 251 572 fere
272 530 372 599 ornnes
387 513 490 570 habent
512 521 612 571 artata
629 517 661 572 ln
682 519 933 592 Antnerp.·lllajore

661 174 980 250 nsnrtnounertnt.
1000 211 1034 225 -
1055 182 1160 240 MENS.
1182 182 1252 240 JUL.

1737 192 1791 250 230

989 313 1029 363 est
1045 308 1138 362 ocoltn
1151 314 1174 362 et
1188 306 1303 379 capillis,
1319 307 1348 364 in
1359 309 1506 382 Rosveyd.
1521 319 1549 368 et
1566 313 1700 375 Munerat.
1720 320 1790 378 cotto

987 378 1139 449 etcopillis,
1157 379 1205 434 alii
1225 377 1296 436 tone
1321 379 1420 436 melius
1438 397 1501 438 cuin
1519 391 1608 442 textu.
1633 387 1678 444 Sic
1703 390 1787 448 etiam

988 450 1186 506 recteodln'bito
1196 451 1283 506 sebur
1293 452 1413 520 horibili,
1426 461 1490 523 etc,
1503 470 1552 528 pro
1569 473 1624 530 qno
1640 459 1787 520 Pulsanen.

988 537 1129 594 perperam
1144 523 1265 594 scripsit,
1281 524 1318 579 ibi
1338 524 1435 580 subter.

785 647 1087 707 OBSERVATIONES.

159 746 200 802 De
215 742 389 815 martyribus
401 741 519 799 Domitio
532 750 560 800 et
569 746 636 813 Zea,
648 745 692 801 vel
703 747 765 814 Zoe,
779 748 826 819 qni
837 748 889 803 soli
902 748 930 803 in

124 826 203 874 textu
219 816 391 883 relernntnr,
407 816 479 870 nihil
495 815 545 872 bac
559 816 604 872 die
618 817 646 872 in
661 817 825 890 apographis
837 820 930 876 Hiero·

124 890 278 962 nymianis‚
300 887 371 943 nihil
396 887 425 942 in
449 887 568 959 genuino
583 888 666 957 Beda,
690 889 760 945 nihil
785 891 813 944 in
838 892 930 958 Floro,

127 961 248 1027 Nabum,
273 968 322 1014 aut
344 958 474 1014 Notkero.
501 961 655 1016 Romanum
670 978 796 1034 parvum,
818 963 930 1019 solitum

127 1034 231 1089 fontem
256 1031 351 1087 Adoni
376 1030 494 1102 apernit,
516 1031 582 1086 dnm
605 1034 643 1089 ita
667 1033 875 1104 pronuntiavit:
897 1035 931 1090 ln

125 1105 216 1175 Syrio,
242 1103 330 1158 suncti
355 1102 466 1157 Dcinitii
490 1104 626 1173 niiiitpris.
651 1105 735 1159 Porro
764 1105 930 1162 Viennensis

122 1175 291 1232 brevissimo
305 1174 396 1245 elogio
410 1175 496 1230 inulla
511 1175 672 1246 complexus
691 1183 750 1232 est:
773 1176 824 1244 Qui
839 1177 929 1231 cirtic-

124 1248 191 1302 noas
206 1247 265 1302 sais
280 1247 364 1301 inulla
380 1245 473 1301 incolis
497 1245 618 1316 beneficio
632 1254 759 1318 prastat;
783 1264 842 1320 qna
859 1249 930 1304 toti-

122 1318 184 1375 dem
201 1317 308 1385 verbis,
322 1324 354 1372 ut
367 1325 452 1388 patet,
469 1317 497 1372 in
518 1318 680 1374 laterculum
696 1335 807 1375 suumn
830 1319 929 1376 Nostro

122 1391 257 1446 translata
282 1397 356 1445 sunt.
382 1388 440 1444 Hoc
463 1389 596 1461 qualecun
617 1407 650 1445 ne
663 1391 782 1462 elogium
803 1408 838 1446 ex
857 1392 930 1447 Gre-

124 1460 200 1533 gorio
216 1459 374 1518 Turonensi
390 1468 531 1532 accepturu
547 1406 658 1528 estiib.
675 1461 708 1517 de
723 1462 817 1518 Gloria
827 1471 928 1535 marty·

125 1549 200 1602 runi,
215 1549 277 1604 cap.
292 1531 352 1587 tec.
373 1532 466 1603 lpsum
481 1539 571 1587 autem
588 1532 702 1589 Domitii
718 1533 803 1589 nostri
820 1542 929 1606 marty-

126 1605 203 1660 rium
219 1603 312 1676 paucis
325 1611 494 1659 memoratur
517 1604 546 1658 in
566 1603 704 1661 Chronico
727 1604 927 1675 Alexandrino,

127 1691 175 1730 seu
188 1674 314 1731 Pascbali
327 1674 360 1730 ad
372 1690 478 1730 annum
489 1691 618 1741 canuxia,
633 1675 765 1731 editionis
783 1676 928 1749 Cangiana

124 1761 184 1818 pag.
202 1745 266 1814 297,
290 1745 337 1802 nbi
355 1762 404 1818 pru
424 1746 551 1815 Domitio,
567 1747 698 1803 scribitur
712 1748 855 1802 Domitius.
875 1748 938 1807 lli-.

124 1817 238 1874 storiam
253 1818 436 1891 quantumvis
450 1818 561 1876 brevem
577 1834 633 1875 non
648 1818 792 1892 descripsit
809 1819 928 1877 llniiiar·

984 747 1057 812 tius;
1073 750 1106 804 de
1122 748 1244 806 Domitio
1259 760 1351 808 tamen
1361 751 1499 818 meminit,
1515 753 1562 810 ubi
1578 755 1611 812 de
1622 765 1691 815 mart
1713 761 1789 821 ribus

985 820 1036 902 snb
1047 820 1157 902 Juliano
1173 822 1269 893 passis,
1286 839 1345 895 pag.
1359 823 1420 880 645.
1438 825 1538 882 Probat
1562 829 1679 886 Domitii
1693 778 1789 890 histo-

986 907 1055 947 riam
1072 893 1266 949 Tilleinontius
1281 901 1348 950 tom.
1368 895 1428 964 Vll,
1470 913 1511 967 ag.
1533 896 1599 966 tan
1625 904 1777 978 quaeritque

984 979 1046 1089 flag.
1065 963 1127 1031 744,
1148 980 1182 1019 an
1196 964 1268 1021 idem
1284 966 1330 1034 sit,
1346 968 1394 1039 qni
1411 966 1439 1022 in
1452 913 1533 1025 item
1550 980 1591 1026 est
1604 989 1644 1027 vii
1657 951 1788 1046 Augusti:

995 1036 1028 1089 lx
1051 1036 1194 1106 praecitato
1218 1038 1334 1093 Romani
1360 1039 1437 1110 parii
1462 1039 1538 1097 iente
1566 1043 1648 1098 etiam
1676 1047 1789 1118 prolluit

984 1107 1159 1163 annuntiatio
1172 1109 1276 1165 altera:
1293 1111 1393 1178 Dentre,
1409 1113 1499 1167 natale
1518 1113 1580 1168 Zeia
1595 1116 1690 1171 naara
1702 1120 1788 1174 Nico-

984 1179 1072 1258 strati.
1096 1179 1164 1234 Eam
1185 1180 1275 1250 pridie
1293 1181 1441 1237 collocavit
1461 1184 1559 1239 Florus
1581 1202 1644 1242 cnm
1665 1189 1786 1262 longiori

984 1249 1085 1329 elogio,
1101 1266 1136 1304 ex
1150 1251 1232 1321 gestis
1242 1253 1329 1307 sancti
1341 1252 1494 1308 Sebastiani
1510 1263 1651 1326 contexto,
1669 1276 1788 1331 qnorum

985 1328 1067 1375 etiam
1084 1331 1197 1391 partem,
1213 1323 1260 1379 sed
1275 1323 1357 1380 solito
1374 1324 1486 1381 brevius
1501 1326 1561 1381 Ado
1577 1342 1786 1390 commemorat.

984 1390 1079 1446 Totius
1097 1393 1135 1447 rei
1151 1402 1249 1448 seriem
1268 1393 1351 1450 babes
1365 1395 1394 1450 in
1409 1397 1486 1453 Actis
1501 1399 1625 1469 pradicti
1640 1403 1728 1459 sancti
1751 1402 1786 1460 ad

983 1479 1023 1517 xx
1038 1461 1171 1531 ianuarii,
1187 1465 1216 1518 iu
1235 1481 1315 1536 opere
1339 1474 1433 1522 nostro
1448 1484 1509 1538 cap.
1526 1469 1570 1524 20.
1593 1471 1720 1529 Encomii
1743 1474 1788 1531 sui

983 1533 1120 1589 delectum
1136 1550 1172 1590 ex
1185 1534 1280 1591 Adone
1296 1535 1362 1592 lecit
1377 1538 1527 1606 Usuardus,
1542 1539 1582 1595 sic
1596 1549 1625 1597 ut
1641 1542 1687 1600 hic
1701 1544 1786 1602 etiam

983 1613 1076 1686 textus
1091 1612 1165 1661 totns
1175 1623 1210 1661 ex
1224 1624 1256 1662 eo
1268 1607 1408 1679 procedat;
1423 1608 1502 1680 cujus
1512 1612 1707 1684 compendium
1717 1617 1787 1674 satis

983 1676 1071 1733 nitide
1087 1677 1182 1733 metris
1198 1678 1326 1735 innexuit
1341 1679 1565 1738 wandalbertus.

1046 1766 1177 1817 Domitius
1193 1774 1278 1817 ternas
1296 1768 1376 1829 dicat;
1391 1778 1417 1817 et
1431 1771 1575 1819 clarissima
1588 1771 1640 1821 Zoe

1046 1831 1127 1879 Auxit
1144 1832 1266 1894 martyrio
1284 1840 1379 1882 catum
1397 1846 1456 1896 qua
1465 1832 1524 1897 jure
1537 1833 1651 1886 beatum.

861 1941 1053 2003 sacranti.

156 2042 278 2103 Codices
296 2043 396 2101 inediae
407 2049 480 2100 nota
497 2041 582 2101 terme
597 2059 692 2100 omnes
706 2059 803 2117 parum
817 2060 833 2100 a
847 2043 929 2118 puri·
943 2046 967 2107 B
982 2063 1059 2120 pure.
1092 2071 1101 2095 ι
1116 2046 1219 2116 Rome,
1244 2054 1345 2104 sancta
1359 2045 1413 2104 Zoe
1433 2046 1529 2105 uxoris
1543 2045 1693 2106 Nicostrati
1708 2065 1786 2107 mar-

125 2124 176 2173 tate
190 2115 348 2183 deficiunt;
364 2124 396 2171 nt
405 2116 549 2173 Αιιτιιιιιιι.
565 2123 592 2172 et
602 2116 864 2185 Nix-Lussomana,
876 2118 930 2174 Art·

127 2189 327 2255 iiiia-Nix,
342 2188 526 2257 Uinicianus,
541 2188 676 2253 Lernan,
696 2187 862 2257 Lemnian,
878 2188 931 2244 Aa·

128 2277 241 2316 muris.
263 2267 292 2315 et
306 2261 418 2327 Dinia,
433 2260 463 2315 in
477 2259 577 2341 quibus
590 2259 624 2315 de
636 2261 689 2316 Zoe
705 2261 746 2314 vel
760 2261 825 2326 Zoa,
840 2260 930 2316 solum

129 2331 259 2387 inseritur
272 2350 299 2387 :a
315 2331 417 2387 Uxoris
426 2331 518 2387 beati·
538 2329 610 2405 [olii]
623 2329 741 2413 saiictiJ·
752 2331 924 2388 Nicostrati.»

158 2403 259 2461 Baiis.
276 2402 351 2458 idem
376 2409 554 2473 augmentum
577 2403 659 2474 paulo
681 2404 763 2459 aliter
782 2405 929 2460 enuntiat:

134 2475 203 2531 «Zoe
218 2475 364 2546 martyris,
380 2475 478 2530 uxoris
499 2474 571 2530 beati
591 2473 739 2531 Nicostrati
759 2475 898 2546 martyris.
914 2499 924 2523 .

129 2544 174 2612 nui
189 2555 327 2629 praterea
341 2545 418 2602 solus
439 2545 479 2603 sic
495 2546 608 2602 scribit:
642 2546 709 2603 «Ad
729 2545 930 2603 confessionem

128 2615 198 2673 beati
215 2619 290 2675 Petri
303 2626 330 2673 et
346 2617 437 2673 Pauli.
451 2643 460 2666 ι

158 2689 321 2747 cisionis.
338 2689 366 2743 in
380 2689 471 2761 prima
486 2688 698 2746 annuntiatione
714 2689 748 2746 de
767 2689 899 2756 Domitio,
916 2705 932 2746 a

129 2761 246 2832 puritate
270 2778 327 2817 non
349 2760 463 2816 recedit.
488 2761 576 2817 Turn:
608 2762 722 2819 «Roma
744 2770 844 2819 sancta
866 2763 930 2831 Zoe,

130 2833 222 2889 uxoris
237 2833 387 2890 Nicostrati
402 2833 543 2904 martyris.
565 2833 631 2900 Ona
647 2849 697 2914 per
708 2833 823 2904 capillos
839 2834 866 2888 in
882 2849 931 2888 ar-

129 2901 189 2959 bore
204 2920 352 2976 suspensa,
370 2903 496 2959 adhibito
511 2903 562 2959 suh
578 2903 706 2960 horribili
721 2905 810 2974 iunio,
824 2904 853 2960 in
867 2922 930 2961 con-

130 2973 247 3032 fessione
262 2975 370 3032 Christi
382 2975 472 3031 emisit
486 2975 625 3048 spiritum.
648 3001 657 3024 i

157 3048 362 3113 Bnnxiiiuiin„
385 3045 470 3118 primo
486 3048 565 3103 loco:
595 3047 670 3102 «Per
693 3046 929 3118 anticipationem,

129 3127 227 3176 octava
242 3119 387 3174 beatorum
404 3116 474 3174 Petri
491 3126 517 3174 et
532 3118 611 3174 Pauli
632 3119 828 3191 apostolorum.
849 3143 858 3167 i
877 3120 931 3175 Se-

129 3191 225 3263 quitur
246 3188 282 3245 de
296 3188 426 3257 Domitio,
448 3190 476 3245 in
491 3206 545 3262 quo
566 3207 652 3263 purus
670 3199 720 3247 est.
736 3192 776 3246 De
790 3191 853 3259 Zoe,
871 3197 931 3262 post

130 3268 216 3319 oraret
232 3260 311 3334 legit,
326 3277 342 3316 a
359 3261 487 3342 «paganis
496 3262 715 3333 persecutoribus
730 3269 838 3319 tenta.»
858 3261 930 3319 Neli-

130 3351 176 3407 qua
189 3351 258 3391 curn
275 3341 356 3390 textu
369 3341 549 3390 conueniunt.

986 2119 1068 2190 ryris.
1084 2117 1237 2188 Quadam,
1253 2144 1263 2168 i
1284 2126 1348 2178 etc..
1370 2119 1436 2188 lere,
1448 2129 1479 2177 ut
1492 2127 1595 2177 textus.
1606 2121 1730 2195 Denique
1740 2121 1787 2179 bic

984 2191 1104 2262 reponit,
1126 2190 1200 2264 qnod
1235 2189 1280 2246 die
1304 2191 1469 2263 precedenti
1493 2192 1644 2248 omiserat:
1679 2192 1785 2263 «aad

985 2260 1128 2329 Sirmium,
1145 2269 1302 2318 sanctornm
1316 2271 1469 2335 martyrum
1484 2263 1639 2321 Innocentii
1658 2271 1685 2320 et
1696 2210 1787 2321 Seira-

985 2332 1056 2399 stia,
1072 2349 1135 2388 cuin
1150 2333 1212 2389 aliis
1222 2349 1291 2388 xxx.
1308 2334 1340 2388 ln
1355 2334 1495 2390 territorio
1507 2335 1637 2392 Biturica
1651 2335 1785 2406 civitatis,

985 2403 1073 2461 sancti
1089 2404 1218 2461 Lauriani
1234 2403 1375 2476 martyris,
1390 2404 1471 2478 cnjus
1481 2415 1563 2477 capnt
1574 2406 1609 2462 ad
1625 2406 1785 2479 Hispaniam

985 2473 1158 2546 deportatum
1173 2485 1223 2531 est.
1239 2500 1248 2524 ι

1020 2546 1180 2609 devictiaci.
1197 2547 1249 2602 Pro
1263 2546 1384 2615 Domitii,
1404 2546 1487 2603 habet
1500 2547 1662 2604 Doiniciani.

1020 2617 1459 2675 Marma-Cannas.·Uurninicr.
1476 2619 1576 2691 «Apud
1591 2619 1711 2692 Syriam,
1726 2622 1785 2677 Do·

985 2689 1057 2745 mitii
1086 2690 1226 2761 martyris,
1252 2690 1306 2745 Zoa
1334 2689 1474 2761 martyris,
1503 2690 1607 2762 deqna
1628 2690 1730 2762 legitur
1752 2691 1782 2747 in

985 2761 1067 2834 gestis
1089 2760 1176 2816 sancti
1200 2759 1386 2816 Sebastiam·
1417 2760 1520 2817 Locum
1546 2761 1636 2833 ipsum
1657 2777 1693 2818 ex
1707 2760 1785 2820 Actis

985 2832 1086 2888 nostris
1101 2832 1249 2888 citavimus
1263 2847 1345 2904 supra
1363 2830 1393 2887 in
1412 2831 1621 2889 observatione.

1020 2902 1194 2960 Causennis.
1204 2903 1435 2960 Conventualium
1447 2902 1475 2959 S.
1491 2904 1602 2960 Maria:
1624 2928 1633 2951 ‹
1647 2905 1715 2961 ltein
1725 2919 1785 2962 san·

984 2982 1091 3031 ctorum
1111 2974 1243 3031 Demetrii
1259 2982 1286 3030 et
1300 2974 1471 3030 Numeriani.
1488 3001 1497 3024 ι

1020 3047 1119 3103 Enirio
1135 3045 1323 3104 Lassae-Coi.
1339 3045 1459 3118 incipit:
1481 3069 1490 3094 ι
1506 3047 1608 3115 Roma,
1620 3047 1787 3105 sanctado-

984 3120 1080 3174 uxoris
1094 3118 1167 3174 beati
1192 3117 1340 3174 Nicostrati
1356 3117 1495 3190 martyris,
1516 3119 1562 3174 cni
1581 3119 1676 3176 beatus
1695 3120 1784 3175 Seba-

985 3191 1091 3245 stianus
1113 3189 1205 3246 adhue
1232 3198 1307 3245 muta
1331 3191 1439 3261 (muta)
1464 3190 1601 3315 loquelam
1625 3208 1641 3248 a
1666 3191 1787 3247 Domino

986 3260 1154 3333 impetravit.
1185 3261 1250 3329 Qua
1277 3261 1343 3317 duni
1370 3260 1406 3316 ad
1430 3275 1588 3331 sepucrnm
1615 3261 1688 3318 beati
1714 3261 1787 3318 Petri

986 3332 1099 3404 spostoli
1123 3339 1224 3401 oraret,
1245 3348 1261 3386 a
1279 3332 1500 3404 persecutoribus
1520 3340 1633 3400 arctata,
1654 3342 1681 3389 et
1702 3349 1786 3414 apa-

159 3408 347 3464 llnoanoiiin.
372 3406 411 3460 De
432 3404 511 3472 Osea,
545 3403 589 3460 die
608 3404 773 3477 precedenti
797 3420 832 3461 ex
854 3411 966 3472 sacrae
983 3414 1064 3461 trono
1078 3402 1198 3474 regionis
1212 3402 1383 3459 naumachia
1399 3419 1447 3473 per
1457 3401 1515 3458 dies
1525 3421 1573 3459 seii
1588 3403 1615 3458 in
1629 3403 1785 3459 custodiam

131 3477 248 3535 Historia
263 3477 385 3559 elogium
401 3475 589 3543 concinnavit,
610 3493 658 3549 pro
680 3493 733 3550 qno
749 3478 879 3533 lectorem
894 3475 928 3532 ad

130 3549 230 3607 louein
246 3549 418 3605 remisimus.
436 3548 496 3604 Nnc
509 3548 551 3618 Ag
569 3564 639 3604 auin
654 3547 774 3613 distulit,
790 3547 869 3619 cnjus
882 3564 928 3603 en-

130 3622 247 3678 comium
263 3621 312 3677 bic
326 3621 356 3676 in
369 3618 508 3691 specimen
521 3564 648 3676 exhibeo.
665 3620 705 3674 lta
716 3618 814 3675 babet:
834 3619 929 3690 ‹Aggei

144 3693 279 3766 rophetae
321 3691 349 3746 ni
364 3691 419 3747 luit
433 3690 467 3746 de
482 3689 558 3746 tribu
580 3691 660 3758 Juda,
675 3699 702 3746 et
718 3692 825 3747 locutus
840 3690 930 3746 estad

131 3708 281 3820 iurababel
300 3709 389 3820 fllium
414 3761 537 3826 Satauci,
560 3763 711 3834 principem
752 3762 828 3834 opuli
850 3769 878 3818 et
896 3761 930 3817 ad

132 3835 225 3891 lesuin
245 3851 381 3890 summum
406 3833 584 3901 sacerdotem,
608 3834 698 3889 filiurn
725 3779 867 3902 iiisedech
899 3840 932 3888 nt

134 3905 257 3963 redirent
269 3906 302 3962 de
314 3906 412 3964 Caldea
426 3906 456 3961 in
467 3905 614 3961 Jerusalem
629 3905 658 3959 in
673 3920 745 3960 anno
760 3904 849 3977 primo
863 3903 884 3961 C
905 3902 930 3959 ri

132 3978 203 4051 regis
226 3977 405 4046 desiderum,
432 3978 480 4050 qui
499 3977 562 4032 illos
585 3976 624 4032 ire
646 3976 808 4032 licentiavit.
830 3976 865 4031 Et
884 3921 931 4033 hic

130 4049 264 4123 propheta
278 4049 364 4132 magis
379 4048 483 4120 incepit
496 4049 599 4120 populo
613 4047 762 4121 predicare
772 4064 854 4121 quain
869 4064 929 4119 pro·

130 4122 250 4194 phetare,
275 4129 302 4178 et
323 4123 386 4178 ideo
403 4121 478 4176 tarde
493 4129 615 4209 egerunt.
640 4119 819 4191 Prophetavit
838 4127 930 4174 tamen

132 4195 221 4267 populi
235 4195 425 4251 reversionem
439 4191 489 4247 suli
502 4194 584 4263 cyro,
600 4190 696 4263 templi
707 4189 929 4256 aedificationem,

133 4266 250 4322 civitatis
279 4266 431 4322 Jerusalem
460 4263 673 4331 revocationem,
697 4259 929 4336 [renovationem]

134 4336 334 4394 observantiam
346 4334 553 4401 sacerdotalem,
575 4342 602 4391 et
622 4335 766 4390 interitum
783 4348 930 4404 regnorum

135 4417 299 4466 exterorum.
316 4406 510 4480 llicpropbeta
522 4423 578 4462 non
593 4405 689 4463 timuit
706 4406 776 4477 regis
795 4403 931 4462 Cainbisis

137 4480 262 4551 edictum,
276 4480 345 4553 quin
359 4479 526 4536 confortaret
541 4495 638 4533 manns
651 4476 849 4532 aedificantium
864 4483 931 4531 teni·

137 4552 203 4623 plain
219 4553 250 4609 in
266 4551 398 4608 Domino.
416 4552 475 4632 lpse
491 4549 573 4606 etiam
588 4549 654 4604 siliis
668 4548 739 4604 luda
757 4547 931 4604 sterilitatem

138 4630 209 4680 terra
223 4624 367 4697 predixit,
390 4638 456 4696 quia
478 4621 584 4678 desides
599 4628 676 4677 erant
701 4620 729 4675 in
749 4617 931 4675 aedificatione

140 4697 236 4768 templi,
251 4703 281 4751 et
295 4705 423 4752 mortuus
436 4701 476 4749 est
499 4695 606 4765 Aggens
624 4691 757 4765 propbeta
774 4689 886 4746 Domini
902 4689 931 4745 in

984 3474 1217 3538 obscurissimam,
1231 3481 1297 3541 etc,
1316 3496 1326 3523 i
1344 3482 1374 3529 ut
1396 3480 1497 3528 textus.
1514 3476 1545 3530 ln
1570 3474 1693 3530 Domitio
1717 3490 1786 3546 pura

983 3553 1034 3604 est.
1060 3544 1182 3600 Additur
1195 3543 1225 3599 in
1248 3544 1318 3601 line:
1352 3543 1510 3615 «Treveris,
1536 3544 1609 3602 beati
1623 3545 1786 3602 Numeriani

984 3616 1105 3690 episcopi
1120 3622 1147 3671 et
1160 3615 1334 3672 confessoris.
1348 3639 1357 3664 i

1020 3687 1146 3745 Giiiivsn.
1169 3712 1177 3734 ·
1194 3688 1225 3743 ln
1239 3686 1345 3755 Sicilia,
1360 3693 1518 3744 sanctornm
1529 3687 1682 3760 agathonis
1692 3690 1786 3747 et'lri·

985 3759 1057 3815 lina.
1073 3759 1193 3827 Nartini,
1210 3757 1357 3827 Theodori,
1381 3766 1409 3814 et
1424 3758 1499 3814 Gode
1520 3758 1572 3815 ba.
1593 3759 1778 3844 'raphonis-

984 3831 1056 3887 Vide
1070 3830 1296 3903 llieronymiana.
1318 3853 1327 3878 ι
1343 3830 1478 3912 Treveris,
1491 3775 1653 3888 iinmeriam
1664 3832 1787 3907 episcopi

985 3910 1012 3958 et
1024 3902 1198 3984 contessoris.
1218 3902 1472 3959 Translatiosancti
1492 3901 1652 3960 Wendelini
1674 3904 1789 3961 οοιιιιι-

986 3991 1092 4030 soris.»

1020 4045 1128 4101 Menan.
1140 4044 1211 4101 Aliis
1219 4045 1319 4101 litteris
1329 4052 1390 4116 post
1399 4053 1512 4114 arctata,
1523 4047 1614 4103 textui
1626 4046 1765 4105 immiscet
1777 4064 1783 4104 :

991 4115 1097 4172 «ducta
1118 4124 1159 4172 est
1180 4116 1215 4171 ad
1245 4124 1391 4188 patronum
1417 4118 1623 4175 naumachia.»
1653 4119 1685 4175 ln
1711 4118 1785 4176 line:

991 4187 1152 4252 «liabens,
1178 4187 1314 4267 depositio
1344 4188 1432 4244 sancti
1460 4190 1622 4246 Numeriani
1643 4189 1787 4264 archiepi-

984 4259 1098 4331 scopi.»
1125 4259 1194 4312 Tum
1214 4257 1369 4315 minoribus
1393 4259 1486 4332 typis:
1519 4262 1685 4333 ‹Depositio
1699 4262 1788 4318 sancti

986 4329 1089 4387 Valerii
1113 4329 1287 4397 contessoris,
1312 4329 1396 4400 primi
1430 4329 1581 4388 Conserani
1601 4331 1733 4403 episcopi,
1754 4333 1788 4388 de

985 4417 1040 4474 qno
1055 4401 1150 4457 beatus
1171 4400 1320 4473 Gregorius
1334 4400 1512 4470 Turonensis,
1527 4402 1561 4458 de
1580 4402 1668 4472 gloria
1683 4401 1788 4458 contes-

986 4488 1090 4540 sorum,
1105 4471 1241 4544 capili.»
1258 4471 1403 4527 Editiones
1415 4473 1476 4529 alia
1491 4473 1608 4528 intexta
1617 4472 1788 4528 conveniunt

986 4559 1048 4600 cum
1076 4542 1172 4614 priori.
1198 4542 1229 4596 ln
1250 4541 1304 4597 fine
1326 4549 1435 4598 autem:
1465 4543 1626 4610 «Treveris,
1653 4542 1788 4614 depositio

985 4613 1074 4671 sancti
1087 4611 1248 4670 Numeriani
1263 4612 1474 4685 archiepiscopi.
1491 4614 1541 4671 Die
1563 4613 1671 4696 quinta,
1686 4621 1789 4671 sancta

986 4684 1110 4752 Martha,
1124 4684 1220 4741 matris
1235 4684 1323 4742 sancti
1334 4685 1480 4756 Simeonis,
1497 4687 1526 4742 in
1546 4684 1667 4743 mirabili
1682 4693 1786 4743 moute.

142 4764 291 4836 ierusalem,
317 4777 345 4823 et
363 4765 472 4839 planxit
487 4764 567 4821 illuiii
581 4765 672 4820 omnis
691 4763 809 4836 populns
831 4769 859 4817 et
880 4771 967 4831 ise-1)
985 4759 1021 4813 Et
1030 4757 1120 4814 sancti
1136 4756 1234 4814 deiferi
1242 4757 1332 4888 gattis
1347 4755 1503 4830 Athanasii,
1520 4757 1568 4833 qui
1586 4757 1641 4817 tuit
1655 4758 1686 4816 in
1699 4757 1786 4816 Atho.
1872 4829 1874 4833 ,

145 4839 223 4906 pultis
237 4849 279 4896 est
294 4838 410 4895 ibidem.
427 4862 436 4885 .
456 4836 544 4893 Dein:
577 4836 683 4918 gdpnd
706 4834 826 4909 Syriam,
839 4834 930 4889 natale
988 4831 1024 4886 Et
1038 4829 1126 4888 sancti
1138 4830 1241 4907 Lampe

147 4911 218 4966 aion
230 4911 376 4984 Dyomicii
388 4908 528 4982 martyris,
541 4924 589 4983 qui
603 4907 765 4976 virtutibus,
780 4931 789 4953 ι
811 4913 864 4964 etc.
883 4931 892 4954 ι

145 5063 224 5123 nne
236 5069 308 5128 Noa.

1262 4829 1309 4889 i.»

1695 5057 1745 5114 Die
1760 5052 1787 5114 6.

174 5158 247 5231 hpud
260 5160 387 5228 Judeam,
404 5157 480 5216 Isaia
494 5156 645 5233 propheta,
661 5155 709 5232 qui
725 5161 815 5215 sectus
829 5155 859 5212 in
881 5156 949 5213 duas
964 5160 1055 5227 partes
1078 5153 1220 5223 occubuit,
1241 5155 1421 5227 sepultusque
1435 5160 1477 5210 est
1499 5149 1551 5208 suli
1574 5163 1678 5220 quercu
1693 5148 1788 5219 llogel,

142 5245 211 5317 juxta
225 5253 374 5309 transitum
398 5267 541 5324 aquarum.
558 5251 626 5307 Item
652 5248 762 5306 Octava
776 5247 964 5320 apostolorum
979 5252 1005 5301 et
1026 5242 1132 5314 primus
1148 5242 1222 5299 beati
1245 5243 1361 5314 apostoli
1388 5240 1466 5297 Pauli
1489 5241 1628 5311 ingressus
1644 5237 1674 5292 in
1689 5238 1788 5295 urbem

144 5337 257 5412 Romam,
277 5359 352 5398 anno
377 5341 499 5398 secundo
514 5341 630 5398 Neronis
654 5337 774 5412 imperii.
788 5339 893 5408 Roma,
911 5337 1011 5395 natalis
1025 5333 1114 5391 sancti
1140 5333 1326 5406 Tranquillini
1351 5331 1492 5402 martyris,
1522 5329 1569 5403 qui
1585 5328 1652 5385 dum
1667 5329 1701 5386 ad
1716 5329 1790 5388 beati

143 5426 210 5487 Pauli
224 5431 435 5490 confessionem
451 5438 552 5500 oraret,
567 5439 660 5488 tentus
674 5449 690 5489 a
704 5430 818 5503 paganis
832 5447 864 5488 ao
878 5429 1025 5503 lapidatus,
1053 5425 1218 5498 martyrium
1239 5421 1454 5482 consummavit.
1475 5422 1507 5478 lii
1530 5437 1599 5494 pago
1614 5419 1789 5512 Treverensi

141 5520 217 5578 sancti
236 5521 335 5578 Goaris
351 5519 507 5594 presbyteri
522 5515 549 5578 et
564 5520 740 5578 contessoris.

894 5632 1011 5694 NOTAE.

169 5748 209 5808 lta
226 5752 352 5822 Protea,
369 5748 520 5819 nestalas,
539 5748 859 5818 romacianensis,
875 5744 1195 5802 Belinieditiootteraet
1213 5743 1323 5802 Graves.
1375 5794 1377 5798 ,
