3834 6136
658 213 705 271 DE
725 212 811 272 VITA
830 212 860 272 S.
880 213 1051 274 annuant.
1071 248 1108 259 -
1124 214 1193 275 ΜΒ.
1215 217 1251 276 ll.

138 368 1779 404 mmm—*m

699 504 894 572 PRAEFACIO
917 507 1017 571 LIBRI
1040 509 1213 588 SECUNDI,

739 638 855 715 'rrtadlp
868 639 1048 716 sarperaao'pp
1064 635 1162 700 edila.

160 872 206 930 40.
227 871 336 929 Priscus
351 871 464 944 ingenui
478 890 543 932 cura
561 875 694 947 poematis

124 961 209 1019 Vates
221 976 286 1017 cunr
301 968 407 1033 raperet
422 961 536 1036 (qnippe
549 962 675 1030 facetius,

160 1052 276 1120 Pumm,
293 1051 387 1119 melle,
401 1068 545 1122 canorum,

196 1141 268 1199 Olim
284 1140 403 1197 scribere
419 1142 478 1197 iaus
494 1144 564 1214 erat)

124 1229 253 1288 Phoebeis
265 1229 369 1289 laribus
384 1240 448 1288 vota
462 1233 585 1304 potentia

125 1319 269 1388 ludebant,
284 1320 375 1376 solitis
390 1321 591 1395 relligionibus,

162 1409 253 1466 Musas
265 1409 326 1465 vela
342 1409 437 1466 tuturo

194 1496 344 1556 Credentes
362 1499 427 1556 dare
443 1499 570 1557 carmini.

125 1587 244 1645 Centum
258 1587 374 1645 vocibus
387 1588 434 1646 hic
447 1606 495 1646 ora
508 1589 660 1663 crepantia,

125 1678 178 1735 llic
193 1679 300 1751 linguas
312 1680 442 1751 totidem,
457 1690 552 1754 pectus
566 1681 714 1751 abencnm,

164 1768 227 1826 Oris
241 1769 329 1825 ferrea
342 1771 456 1841 plectra,

199 1861 301 1918 Exibat
316 1861 478 1919 studiosius.

124 1949 167 2007 bie
181 1952 292 2009 robusta
307 1953 384 2022 tides,
401 1971 479 2011 mens
492 1954 563 2010 bene
576 1953 697 2022 credula,

125 2040 272 2098 Diversum
287 2052 387 2116 petere,
402 2051 429 2100 et
443 2058 508 2099 sane
522 2039 580 2116 [R.,
597 2040 711 2116 quippe]
727 2040 880 2112 decentius,

160 2129 200 2186 Nc
216 2131 306 2186 dicam
320 2131 484 2200 officiosum,

198 2219 514 2291 mmmmmm.

126 2307 149 2365 0
165 2308 215 2364 lux
230 2307 398 2381 terrigenum
412 2308 551 2365 mentibus
564 2308 673 2368 addita!

126 2397 149 2455 0
169 2397 294 2454 mirande
311 2399 393 2456 nimis
407 2398 526 2472 Spiritus
544 2399 664 2457 artifex!

162 2486 185 2541 0
204 2485 317 2557 largitor
331 2486 468 2543 honorum
482 2489 488 2544 t

199 2577 221 2634 Ο
236 2576 366 2635 facundia
383 2578 501 2635 fertilis!

127 2664 202 2723 Olim
216 2666 369 2725 formifluos
384 2669 432 2742 qui
448 2667 542 2726 latices
558 2686 639 2742 super

127 2756 275 2813 Portabare
291 2757 398 2826 fervens,
415 2756 585 2815 formificans
598 2773 726 2832 quoque:

165 2846 271 2903 Cuncta
285 2846 415 2904 informia
430 2864 549 2921 namque

202 2936 319 2992 Exstant
334 2944 360 2993 te
376 2936 445 3006 sine,
462 2935 605 2995 Conditor.

940 881 964 941 A
1015 878 1059 935 44.
1080 878 1199 951 lnceptis
1211 878 1319 952 placido
1334 878 1446 937 flamine
1460 883 1588 948 cursibus

985 966 1094 1040 Aspim,
1105 975 1132 1025 et
1146 968 1241 1024 faciles
1250 985 1362 1041 suggere
1375 970 1512 1044 dactylos,

1020 1057 1214 1130 spondeosque
1228 1073 1350 1114 momsos
1366 1076 1372 1114 :

1055 1146 1179 1219 Namque
1190 1145 1249 1202 hac
1263 1146 1361 1218 copula
1374 1147 1488 1218 gratior.

984 1237 1021 1292 At
1035 1251 1091 1292 non
1104 1234 1246 1292 sufficiant
1256 1236 1341 1292 verba
1354 1236 1479 1307 fluentia,

1020 1323 1052 1380 Ni
1071 1321 1107 1379 sit
1122 1321 1248 1378 materies
1262 1323 1406 1396 splendida
1418 1324 1560 1397 carminis,

1022 1413 1174 1484 Utrumque
1184 1411 1317 1485 approbat
1331 1429 1408 1484 usus,

1056 1499 1091 1555 Et
1105 1514 1155 1554 nes
1169 1507 1285 1572 utraque
1297 1501 1453 1574 poscimus:

985 1589 1147 1664 Quanquam
1165 1597 1242 1647 tanta
1257 1590 1293 1647 sit
1304 1592 1371 1659 haec,
1383 1599 1493 1669 tamque
1505 1597 1635 1669 perelllua
1650 1616 1657 1666 ;

985 1679 1020 1734 Ut
1035 1688 1130 1735 sensus
1149 1679 1248 1736 merito
1262 1697 1393 1755 mensque
1406 1683 1567 1756 perhorreat

1021 1769 1114 1826 Tanta
1130 1787 1244 1844 scrupea
1259 1772 1350 1842 molis,

1055 1858 1146 1932 Atque
1159 1858 1263 1916 intacta
1276 1860 1420 1918 cacumina
1436 1881 1442 1920 :

984 1945 1137 2003 Nonnullas
1148 1963 1245 2019 operas
1257 1950 1376 2020 postulat
1390 1958 1523 2021 attamen,

984 2032 1015 2087 ln
1031 2032 1109 2089 littus
1124 2033 1242 2090 fluvium
1256 2052 1352 2107 cogere
1366 2037 1519 2110 turgidam,

1020 2122 1137 2197 Campos
1155 2142 1218 2183 cum
1234 2142 1284 2198 per
1299 2135 1409 2200 apertos

1055 2213 1118 2270 Sese
1135 2214 1217 2270 latias
1236 2215 1365 2287 explicat,

984 2304 1007 2361 Ο
1022 2304 1108 2361 nestri
1121 2305 1221 2362 validas
1235 2304 1375 2378 pontificis
1389 2308 1501 2365 cruces!

984 2395 1052 2463 Quis
1064 2412 1118 2452 non
1132 2395 1272 2452 sufficiunt
1287 2395 1380 2464 verba,
1398 2390 1610 2475 manasqaoquu
1624 2417 1630 2456 :

1020 2484 1127 2541 Nedum
1142 2484 1242 2557 cuique
1256 2484 1384 2543 ferendas

1056 2578 1119 2634 Ullo
1133 2577 1236 2634 foedere
1250 2577 1382 2635 dixerim.

986 2662 1035 2719 llis
1053 2662 1134 2736 sagam
1145 2665 1290 2734 calamum,
1305 2672 1331 2721 te
1346 2672 1436 2720 umen
1447 2665 1568 2738 auspice,

973 2752 1039 2817 ,Pro
1054 2768 1108 2826 quo
1122 2763 1222 2812 cuncta
1235 2754 1345 2828 quidem
1361 2755 1475 2828 pertulit
1489 2771 1594 2829 aspera,

1022 2844 1140 2915 Necbis,
1156 2861 1207 2903 nec
1221 2845 1305 2902 mmcl
1318 2845 1364 2902 ille
1380 2864 1388 2914 ;

1057 2935 1121 3006 Sed,
1136 2953 1218 3010 quam
1228 2936 1296 3007 vita,
1312 2937 1447 2994 morosior
1461 2947 1481 3007 ⁸,

167 3081 178 3107 ¹
194 3071 276 3140 Quasi
292 3072 383 3130 dicat:
400 3074 461 3133 Noa
474 3078 535 3130 cate
548 3071 670 3129 ararim
682 3087 708 3128 se
721 3076 826 3128 reactus
835 3068 914 3127 desiit
932 3086 1012 3142 qaam
1026 3070 1122 3137 viper-e.

747 3391 884 3468 LIBER
914 3391 1164 3470 SECUNDUS.

388 3690 502 3752 cautu
520 3690 666 3755 PRIMUM.

130 3794 159 3853 S.
175 3791 312 3849 Amatoris
325 3789 427 3873 obitam
443 3792 567 3856 sarmaria
583 3794 612 3850 S.
630 3794 774 3864 Germani;
790 3801 815 3852 et
826 3794 932 3852 iaitiem

397 3869 458 3919 vtloe
472 3865 668 3924 crebrissime.

166 3971 210 4028 ts.
227 3970 351 4029 lloribus
362 3978 389 4025 et
405 3969 510 4026 meritis
524 3977 662 4042 spectatus
673 3972 787 4028 Amator
796 3973 897 4044 opimis

129 4063 231 4122 Vivere
245 4063 290 4119 cui
306 4062 435 4121 Christus
449 4062 513 4131 luit,
529 4069 556 4119 et
571 4079 630 4120 sors
642 4063 742 4119 ultima
757 4063 878 4133 lucrum,

129 4153 275 4210 Virtutum
292 4153 390 4224 plenus
404 4152 503 4221 titulis,
520 4154 670 4226 plenusque
684 4151 802 4220 dierum,

131 4245 256 4318 Ceperat
271 4248 425 4315 emeritam,
440 4247 572 4305 sudorum
587 4246 709 4321 premia,
724 4246 853 4319 palmam,

131 4335 281 4394 Candentis
295 4338 385 4410 speeie
397 4339 552 4396 transfusus
562 4339 591 4394 in
604 4345 677 4396 astra
696 4337 842 4396 columba.

131 4426 201 4482 'lum
215 4442 282 4483 vero
297 4429 413 4500 populos
428 4428 457 4484 in
474 4444 595 4484 consona
607 4435 673 4484 vota
687 4433 798 4482 ruentes

131 4515 288 4588 Aspiceres,
302 4517 425 4589 spirante
439 4520 513 4575 Deo:
529 4533 648 4590 namque
663 4516 773 4588 agmina
787 4512 853 4571 cleri

131 4605 278 4663 Nobilibus
293 4617 418 4665 conserta
435 4617 537 4676 munt;
554 4607 631 4681 plebs
645 4605 748 4664 rustica
762 4603 835 4677 plebi

134 4695 264 4754 Concinit
278 4695 390 4754 urbana
405 4715 412 4765 ;
429 4714 478 4770 par
492 4685 533 4755 est
547 4697 684 4755 sententia
696 4695 815 4762 cunctis,

134 4784 197 4843 Vox
211 4785 326 4853 eadem,
343 4784 498 4857 studiisque
512 4784 610 4843 ardent
632 4785 826 4844 communibus
840 4796 935 4840 omues

133 4873 270 4931 Germano
285 4874 398 4932 titulum
413 4873 560 4932 decernere
574 4875 768 4948 pontificatus:

131 4965 213 5021 llunc
226 4965 308 5021 claris
323 4963 439 5032 meritis,
456 4964 531 5023 hunc
546 4965 693 5022 nobilitate
705 4964 862 5038 legendum,

131 5056 264 5127 Dogmate
279 5053 458 5128 precipuum,
472 5070 603 5127 generoso
617 5060 727 5126 pectere
742 5053 873 5125 primum,
949 5063 974 5121 1)

130 5142 307 5216 Principibus
321 5150 431 5212 notum,
446 5150 474 5201 et
487 5145 622 5200 nonnulla
636 5151 712 5217 parte
725 5141 887 5210 verendum,

130 5232 250 5292 Cautum
265 5236 393 5294 consiliis
408 5235 474 5291 divo
490 5236 524 5292 de
538 5236 616 5293 tonte
630 5234 733 5307 petitis.

129 5323 218 5380 Multa
233 5326 287 5382 viri
303 5333 406 5385 castam
420 5325 563 5385 cumulant
577 5324 714 5398 preconia
728 5322 836 5379 laudem
850 5338 856 5378 :

128 5414 276 5472 Materiem
291 5417 390 5476 merita
403 5418 458 5474 alta
472 5415 591 5484 dabant;
611 5429 712 5487 perque
724 5428 772 5469 ora
792 5414 936 5468 volentum

132 5502 230 5562 Libera
244 5514 343 5580 sponte
358 5507 447 5564 deurit
461 5505 596 5565 sermonis
610 5503 714 5560 famina
729 5501 797 5559 veri.

130 5591 237 5668 Cuique
252 5597 327 5653 aliud
344 5613 400 5653 raon
415 5605 465 5665 est,
479 5613 530 5655 nec
545 5602 655 5669 praestat
668 5593 745 5666 copia
760 5591 846 5660 tandi,

948 3698 970 3758 C
984 3696 1151 3754 Germanum
1168 3692 1328 3769 ingeminat,
1345 3693 1511 3752 Germanum
1525 3692 1658 3752 adsidere
1677 3692 1764 3768 jactat

987 3785 1100 3860 Quaque
1113 3788 1183 3843 teras
1196 3786 1301 3855 oculos,
1323 3801 1429 3859 quaque
1442 3799 1535 3842 aurem
1554 3783 1654 3842 ducere
1680 3790 1780 3854 tentes,

987 3876 1088 3934 Omnia
1097 3878 1273 3934 Germanum.
1294 3874 1380 3932 Tanta
1393 3883 1433 3932 est
1446 3872 1593 3931 concordia
1607 3889 1734 3948 vocum..
1832 3880 1834 3885 '

1025 3965 1070 4022 43.
1086 3967 1172 4022 Multa
1186 3965 1327 4034 renitenti,
1342 3980 1423 4039 seque
1436 3962 1562 4036 abjurare
1577 3963 1698 4036 paranti,

988 4053 1079 4112 Civile
1091 4054 1241 4111 instituunt
1256 4054 1370 4110 Primati
1385 4054 1486 4110 inferre
1500 4051 1627 4109 duellum
1644 4070 1651 4119 ;

988 4143 1100 4214 Statque
1114 4141 1214 4197 animis
1229 4142 1347 4213 incoepta
1359 4143 1446 4214 sequi,
1462 4156 1514 4197 nec
1524 4140 1623 4197 ducere
1636 4157 1772 4214 quoquam

987 4230 1131 4303 Proposita
1141 4228 1174 4285 de
1188 4237 1261 4287 sorte
1272 4227 1379 4300 pedem.
1391 4227 1464 4293 Quid
1478 4227 1553 4283 victa
1566 4235 1697 4297 potestas,

988 4319 1060 4388 Quid
1074 4326 1171 4377 contra
1187 4318 1240 4375 niti
1255 4319 1420 4392 populorum
1431 4315 1520 4372 millia
1530 4315 1641 4388 pessit?

988 4410 1060 4478 Quin
1075 4425 1233 4483 moremque
1248 4416 1331 4481 gerat,
1345 4421 1496 4480 superaque
1509 4403 1544 4462 ab
1552 4403 1615 4461 sede
1628 4403 1750 4477 prolecta

988 4500 1119 4559 Instantis
1134 4500 1208 4556 norit
1222 4514 1331 4556 causam
1345 4495 1469 4571 prodisse
1483 4495 1586 4566 negoti.

1024 4590 1068 4647 ll.
1084 4590 1112 4646 Si
1127 4605 1196 4662 quos
1209 4596 1341 4660 praeterea
1355 4602 1404 4660 pre
1413 4602 1442 4642 se
1457 4585 1571 4640 tortasse
1585 4590 1695 4656 pararat

989 4680 1122 4736 Patrenos
1138 4679 1230 4736 obices
1243 4695 1251 4747 ;
1263 4693 1355 4735 rerum
1372 4690 1437 4733 mox
1451 4673 1562 4733 cardine
1577 4688 1668 4744 verso,

989 4767 1080 4825 Sensit
1094 4769 1124 4826 in
1141 4767 1268 4825 adversas
1281 4766 1405 4823 animum
1418 4765 1553 4838 deponere
1565 4771 1655 4836 partes
1672 4779 1680 4831 ;

991 4859 1137 4932 Expertus,
1153 4874 1207 4931 qua
1216 4859 1287 4914 velle
1301 4857 1351 4914 Dei
1366 4864 1416 4927 est,
1432 4855 1487 4913 buc
1501 4861 1599 4913 catera
1612 4852 1696 4911 flecti.

1024 4947 1069 5006 ld.
1098 4948 1229 5022 Sumptus
1249 4947 1347 5017 henos,
1361 4962 1416 5003 non
1430 4953 1525 5020 sponte
1549 4945 1624 5013 licet,
1640 4944 1781 5013 tactusque

1601 5029 1748 5106 [sacerdos

990 5127 1018 5184 Si
1038 5125 1106 5200 quid
1122 5135 1180 5185 erat
1194 5126 1308 5196 luteam,
1326 5124 1445 5200 prudens
1457 5122 1594 5181 convertit
1613 5121 1643 5176 in
1658 5135 1776 5186 auram3

991 5221 1199 5292 augmentoque
1209 5217 1307 5291 gradus
1319 5217 1455 5272 virtutum
1469 5213 1549 5287 copia
1562 5211 1659 5269 derit.

991 5307 1120 5366 Labeatis
1134 5309 1300 5381 linquuntur
1312 5321 1378 5377 opes
1390 5313 1417 5364 et
1427 5303 1521 5361 munia
1534 5301 1623 5375 regni,
1698 5343 1706 5359 .

991 5397 1131 5471 Lucraque
1144 5414 1206 5455 cum
1225 5397 1342 5469 pompis,
1359 5403 1385 5451 et
1397 5393 1532 5468 quidquid
1555 5392 1648 5461 labile,
1667 5390 1787 5466 lapsum,

990 5499 1178 5573 lapsurumve
1192 5504 1279 5568 putes,
1295 5510 1372 5551 mens
1382 5502 1423 5552 est
1436 5507 1468 5547 ea
1482 5489 1598 5563 pendere
1613 5488 1703 5548 flocci.

991 5588 1064 5656 Quin
1074 5593 1101 5644 et
1114 5592 1258 5659 paupertas
1271 5581 1369 5656 opibus
1385 5581 1497 5656 prelata
1509 5579 1634 5648 caducis,
