3834 6136
156 261 209 325 463

842 249 994 312 USUARDI
1013 247 1173 310 MONACHI

1764 234 1821 296 Alii

1010 451 1153 521 praesulem
1170 446 1376 503 Coloniensinin
1392 441 1532 506 Ecclesiae,
1548 438 1708 493 haereticum
1725 437 1819 509 depo-

155 390 200 531 ssia
215 357 327 455 dicitur,
343 390 500 443 sanctornm
516 381 578 456 Syri
594 380 744 438 etEvencii
756 380 953 434 consessorum.
969 382 993 439 Α
1010 379 1096 433 verini
1114 375 1266 432 honorilice
1280 378 1422 443 susceptus
1434 377 1484 425 cst.
1497 363 1639 434 Quietiani
1656 364 1818 433 Eutratam,

181 462 209 518 ui
220 477 235 516 a
248 461 328 516 heato
344 461 503 526 Aruiagora,
519 455 656 526 discipulo
669 452 756 509 sancti
771 452 852 532 Marci
864 451 954 531 Evan-

156 534 269 607 gelista,
294 531 328 586 ad
352 530 492 601 praelatam
519 527 615 582 urbem
638 523 746 589 directi,
777 539 866 594 pruno
897 523 956 576 illic

156 604 260 663 Christi
274 601 455 673 Evangelium
471 598 662 670 predicantes,
676 605 702 652 ct
718 594 825 674 magnis
839 593 956 647 virtuti-

156 675 216 742 bus,
233 691 265 731 ac
279 672 419 729 miraculis
432 670 638 735 choruscantes,
658 668 739 722 etiam
757 666 862 720 vicinas
876 664 955 718 nrbes

156 747 261 804 divinis
276 745 405 818 operibus
428 743 602 798 illustrarunt
617 758 624 805 ;
640 740 734 810 sicque
758 737 785 791 iii
803 735 955 807 pontificati

156 817 272 883 honore,
288 825 341 873 etc.
358 818 388 871 lu
404 813 509 880 Sicilia,
524 812 614 894 passio
629 810 715 866 sancti
731 807 887 880 Serapionis
901 807 956 887 epi-

156 891 230 961 scopi
247 895 274 943 et
292 888 410 944 aliorum
430 885 572 940 tredecim.
590 884 619 938 ln
642 880 800 954 Aquitania,
820 879 956 951 depositio

156 961 246 1018 sancti
264 958 409 1016 Maximini
433 956 614 1011 Treverorum
638 951 845 1031 archicpiscopi..
870 949 957 1030 Cujus

157 1049 257 1104 corpus
270 1049 298 1087 iv
314 1028 430 1086 Kalend.
443 1025 519 1086 lunii
532 1024 672 1081 Treverim
689 1025 817 1088 relatum,
834 1038 863 1076 in
878 1037 956 1076 cimi-

158 1104 227 1160 terio
241 1102 328 1158 sancti
345 1099 474 1156 Eucherii
490 1098 630 1170 sepelitur.
643 1094 776 1166 Lugduno
791 1094 896 1160 Gallia,
912 1091 956 1147 de·

158 1174 260 1247 positio
273 1172 346 1228 beati
359 1169 513 1228 Sacerdotis
523 1167 654 1241 episcopi.
664 1165 746 1238 Apud
760 1165 956 1230 Andcrlacum,

158 1245 250 1302 vicum
274 1242 431 1298 Brabanciae
456 1241 535 1296 nobis
558 1238 691 1304 vicinum,
712 1236 847 1308 depositio
870 1238 958 1291 sancti

145 1314 294 1372 ‘Gnidonis
303 1313 476 1370 contessoris.
487 1312 539 1367 Ubi
551 1310 673 1381 reliquia
689 1308 730 1364 sui
745 1307 868 1379 corporis
877 1321 957 1361 vene·

158 1395 267 1453 rantur;
293 1387 352 1441 vita
374 1399 482 1458 quoqne
496 1381 555 1453 ejus
576 1389 657 1454 atque
675 1380 807 1436 miracula
820 1379 899 1450 plura
914 1378 958 1433 le-

176 1466 269 1514 untur.
294 1458 330 1513 Et
349 1463 451 1512 sanctae
480 1454 589 1526 Reginae
613 1451 738 1525 virginis.
766 1452 835 1507 lteni
857 1456 957 1505 sancta

158 1475 274 1602 bdippae
291 1527 417 1600 virginis.
434 1551 443 1575 ι

194 1601 373 1656 Haoenoven.
392 1598 421 1654 iu
441 1605 518 1654 textu
534 1596 588 1651 lere
603 1593 703 1650 similis
722 1599 763 1648 est
778 1592 956 1647 Bnuxuinnn.

157 1670 332 1744 Sequitur:.·
343 1672 405 1751 Ipso
420 1669 475 1736 die,
495 1668 610 1723 Veronae
624 1664 751 1736 virginis,
767 1662 840 1787 apud
850 1662 957 1718 Zurzia·

1010 521 1076 587 snit,
1094 527 1120 575 et
1142 519 1250 574 beatum
1270 517 1443 579 Severinum,
1460 513 1549 567 virum
1570 509 1816 575 discretissimum,

1010 591 1039 647 in
1051 592 1208 661 ejuslocuni
1224 586 1393 658 subrogavit.
1406 585 1540 655 Lugduno
1553 581 1659 648 Gallie,
1676 580 1818 653 depositio

1010 663 1081 717 beati
1095 659 1375 731 Sacerdotisepiscopi
1391 668 1417 713 et
1429 655 1602 713 contessoris.
1617 653 1698 725 Apud
1715 653 1817 708 urbem

1011 735 1148 801 Ticinum,
1163 741 1262 805 quaet
1278 732 1358 801 l’apia
1370 730 1483 794 elicitur,
1500 734 1659 781 sanctoruni
1674 725 1816 780 confesso·

1012 823 1072 860 rum
1086 815 1166 877 atque
1183 804 1346 858 Pontificum
1368 800 1422 855 Siri
1446 808 1472 854 et
1487 798 1612 865 Queiicii,
1632 798 1679 867 qui
1704 796 1818 851 abeato

1012 873 1353 965 llerinagoraApuilcieusi
1364 867 1638 944 pontihcc,discipuli
1649 865 1816 950 [discipulo]

1011 949 1096 1004 sancti
1108 947 1190 1002 Marci
1201 945 1396 1013 Lvangeliste,
1407 943 1441 998 ad
1453 941 1594 1013 praelatam
1605 940 1702 994 urbem
1714 939 1816 995 directi

1011 1020 1101 1091 primo
1115 1019 1174 1074 illic
1188 1018 1291 1074 Christi
1308 1015 1487 1085 Evangeliuin
1499 1010 1688 1092 praedicantes,
1707 1018 1736 1065 et
1752 1027 1817 1093 ωε·-

1012 1092 1072 1162 gnis
1087 1089 1237 1145 virtutibus
1250 1105 1282 1143 ac
1297 1086 1437 1143 miraculis
1452 1091 1637 1149 coruscantes,
1648 1091 1732 1138 etiam
1745 1099 1815 1138 vici·

1012 1178 1060 1218 iias
1072 1161 1163 1228 urbes,
1178 1161 1363 1215 Veronensem
1374 1158 1491 1224 scilicet,
1508 1155 1630 1210 Brixiam
1645 1162 1673 1209 et
1689 1153 1815 1209 Lauden-

1011 1250 1080 1298 sem,
1100 1231 1204 1287 divinis
1214 1231 1343 1301 operibus
1358 1229 1576 1293 illustraverunt,
1597 1225 1691 1298 sicque
1703 1227 1731 1281 in
1747 1241 1816 1298 pon·

1013 1304 1108 1360 tisicali
1123 1303 1227 1358 honore
1236 1301 1349 1357 lundata
1362 1308 1388 1356 et
1399 1299 1559 1356 confirmata
1573 1297 1627 1353 ude
1636 1297 1814 1353 credentium

1012 1375 1187 1448 populorum,
1202 1373 1321 1454 glorioso
1336 1373 1390 1427 line
1404 1373 1579 1445 quieverunt.
1598 1367 1814 1440 Augustoduuo,

1011 1447 1099 1504 sancti
1112 1445 1229 1502 Evaucii
1243 1444 1361 1516 episcopi
1376 1451 1403 1499 et
1415 1440 1589 1499 contessoris.
1602 1465 1612 1488 ι

1048 1519 1155 1584 Betim,
1172 1524 1233 1589 post
1246 1525 1368 1572 textum:
1393 1515 1545 1586 ‹Lngdnno
1556 1511 1663 1581 Gallia,
1673 1510 1815 1585 depositio

1012 1589 1099 1645 sancti
1113 1587 1269 1644 Sacerdotis
1279 1586 1409 1660 episcopi.
1422 1610 1431 1632 ·

1048 1660 1198 1716 Gnaeum:
1228 1684 1237 1707 ι
1261 1660 1330 1714 ltem
1352 1657 1516 1726 Antiochia,
1541 1656 1628 1714 sancti
1652 1654 1814 1712 Timothei.

158 1759 221 1799 cum
237 1740 459 1799 constanciensis
470 1738 607 1809 dyocesis,
622 1753 682 1808 quea
705 1741 762 1790 erat
790 1734 893 1813 'hebrea
908 1748 958 1814 ge·
972 1737 994 1796 B
1009 1731 1091 1814 Apud
1103 1730 1321 1797 Michomediaui,
1346 1730 1433 1787 sancti
1457 1728 1545 1784 Niceti
1567 1728 1708 1800 martyris,
1722 1728 1774 1800 qui
1788 1736 1817 1784 et

159 1828 223 1868 nere
238 1820 265 1868 et
285 1828 348 1869 cum
364 1812 443 1866 beato
466 1809 598 1866 Mauricio
613 1816 639 1863 et
662 1806 719 1861 suis
735 1804 818 1860 sociis
832 1814 909 1859 venit
928 1820 957 1859 in

159 1883 277 1939 Vtaliam
295 1898 376 1938 causa
397 1879 634 1953 peregrinationis,
655 1887 681 1934 et
700 1877 806 1932 intrans
820 1875 957 1930 Mediola-

158 1970 237 2021 num,
252 1968 374 2010 carceres
388 1961 546 2008 sanctorum
570 1951 621 2006 suh
632 1948 812 2020 byocletiana
826 1963 958 2020 persecu-

158 2023 233 2079 tione
248 2023 372 2079 iisitavit
385 2031 412 2079 et
425 2022 464 2078 eis
482 2022 578 2078 desua
593 2019 756 2085 substantia,
775 2018 804 2072 in
824 2027 956 2091 quantum

176 2095 258 2163 otuit,
274 2093 454 2162 ministravit,
469 2103 496 2150 et
509 2093 583 2167 quo‘l
599 2108 653 2147 non
669 2090 776 2157 hahuit,
797 2105 851 2144 non
867 2090 958 2160 potuit

157 2110 247 2223 facere
261 2165 389 2238 pecunia,
401 2164 453 2220 hoo
467 2165 532 2220 lecit
542 2163 684 2219 voluntate
697 2171 724 2217 et
734 2160 848 2216 servitio
862 2176 957 2232 corpo·

158 2237 196 2293 ris
210 2237 263 2292 sui.
279 2238 367 2308 Igitur
381 2252 458 2307 passo
479 2234 611 2291 Mauricio
625 2242 653 2290 et
670 2233 752 2289 sociis
765 2232 832 2299 suis,
851 2231 958 2288 Vereua

157 2309 240 2381 Alpes
255 2318 421 2377 transgressa
436 2315 486 2374 est,
500 2314 526 2362 et
537 2315 640 2361 morata
652 2321 714 2360 cnm
725 2319 781 2358 uuo
795 2303 841 2375 qui
859 2318 957 2358 evase-

157 2387 199 2435 rat
217 2379 250 2435 de
268 2378 402 2447 Thebaeis,
418 2377 465 2451 qui
485 2378 584 2433 timore
599 2375 696 2431 mortis
710 2391 764 2429 non
782 2374 896 2445 ingerat,
910 2373 957 2429 sed

156 2450 284 2523 exemplo
308 2450 430 2505 homiui.
454 2451 548 2522 ltaque
573 2448 679 2504 Verona
702 2455 788 2501 mater
807 2446 956 2500 multarum

156 2521 296 2593 virginum
308 2522 404 2577 allecte
414 2528 440 2576 el
451 2537 537 2577 cacos
548 2518 727 2584 illuminavit,
740 2524 766 2572 et
775 2517 913 2572 demones
923 2517 957 2573 ds

156 2591 273 2648 obsessis
288 2592 424 2662 ejiciebat,
435 2599 461 2646 ct
472 2593 549 2662 plura
559 2590 613 2645 alia
623 2589 754 2644 miracula
764 2588 898 2643 Dominus
910 2605 956 2659 pei

156 2663 232 2718 illam
244 2662 417 2734 operabatur,
428 2663 521 2718 etideo
533 2678 581 2733 per
591 2660 735 2733 quemdam
749 2661 899 2714 llomanum
911 2675 955 2714 ve·

156 2734 206 2789 riis
217 2733 426 2804 injuriisallecta
437 2733 630 2800 incarceratur,
639 2732 685 2786 ubi
696 2737 812 2785 asaiicto
823 2730 955 2786 Mauricio

155 2805 285 2860 visitatur
297 2813 324 2860 et
338 2804 518 2859 confortatur.
532 2829 540 2850 ι
562 2801 780 2868 Caeteraoniith,
791 2818 851 2872 quae
862 2810 954 2857 utrum

155 2874 285 2944 majorem
309 2874 391 2930 fidem
418 2883 574 2930 mercantur
595 2891 644 2928 suo
660 2875 719 2929 loco
733 2872 867 2927 dicemus.
884 2873 954 2929 Vide

152 2945 293 3014 Auctaria,
310 2963 318 3001 1
333 2946 509 3017 Septembris.
537 2947 634 3012 ·ltem,
655 2942 741 2999 sancti
761 2942 874 2998 Maximi
891 2944 953 3000 Tre·

152 3033 281 3073 verorum
305 3017 425 3089 episcopi
448 3025 476 3073 et
494 3015 667 3073 contessoris.
690 3013 769 3085 Apud
789 3014 951 3085 Lugdunum

152 3088 259 3157 Galliae,
279 3088 313 3145 de

150 3159 270 3216 sessoris.
286 3184 295 3207 ι
316 3106 388 3217 hide
403 3176 484 3231 supra
499 3163 652 3226 Aaronem,
668 3167 720 3215 etc.

186 3233 346 3294 Aouicmer.
362 3232 390 3285 in
402 3229 475 3287 sine:
499 3230 674 3303 ‹Lugdunis,
690 3229 777 3287 sancti
796 3230 951 3287 Sacerdotis

151 3303 283 3375 episcopi.
300 3328 308 3349 ·
329 3302 400 3359 Vide
415 3302 489 3358 dicta
502 3304 638 3375 superius.

185 3375 332 3431 Vicroiiiri.
359 3384 386 3430 et
411 3375 480 3431 Rae.
503 3374 585 3430 Snuc.
611 3373 662 3430 sub
687 3382 752 3429 nota
778 3391 855 3429 num.
877 3373 948 3430 130:

155 3469 164 3491 ι
181 3448 242 3518 lpse
261 3445 316 3513 die,
332 3446 419 3501 sancti
436 3445 569 3502 Patientis
583 3447 703 3518 episcopi
719 3446 942 3517 Lugdunensis·

148 3516 193 3572 Ex
206 3517 291 3572 variis
300 3516 442 3571 codicibus
455 3533 517 3572 eum
529 3517 674 3572 retulimus
686 3516 912 3587 diepraecedeuti.

183 3586 656 3644 Mareic.-Canrus.-Ucrniiucr.:
686 3587 729 3643 «C
754 3589 774 3642 ri
793 3595 820 3642 et
839 3587 948 3643 Urencii

147 3659 351 3730 episcoporum,
362 3657 408 3728 qui
419 3673 435 3711 a
450 3656 528 3712 beato
544 3657 709 3728 Hermagora
745 3657 849 3713 iciuum
860 3658 947 3722 missi,

147 3729 266 3784 multum
283 3727 414 3799 populum
430 3733 635 3783 converterunt.
652 3752 660 3773 ·
680 3729 762 3784 Recte
777 3727 904 3782 hortatur
919 3729 947 3784 in

146 3799 289 3871 margine:
309 3798 387 3853 Alius
403 3798 466 3869 Syri
479 3805 503 3854 el
518 3799 627 3863 l'veiici;
646 3798 675 3852 ia
689 3799 881 3870 Martyrologio
897 3801 948 3856 llo·

145 3886 237 3939 mairo,
252 3869 379 3926 lucentii.

182 3943 368 3998 Fauianum:
392 3962 401 3985 ι
416 3938 550 4066 Lugduno
565 3937 671 4009 Galliae,
686 3940 775 3994 natale
790 3941 876 3996 sancti
892 3941 947 3997 Pa-

147 4011 255 4069 tientis.
271 4013 339 4068 ltern
350 4010 437 4066 sancti
470 4009 617 4082 erapionis.
634 4035 644 4059 ι

180 4081 276 4138 Editio
291 4081 487 4139 Lucieno-Coi.
502 4081 600 4154 incipit
617 4099 623 4136 :
646 4082 699 4138 «ln
717 4081 876 4154 Aquitania,
892 4099 947 4139 na-

145 4154 200 4210 tale
214 4153 288 4211 beati
311 4153 466 4222 Maximini,
492 4154 671 4209 Treverorum
696 4152 896 4236 archiepiscopi
919 4163 947 4211 et

144 4226 319 4294 confessoris,
330 4225 594 4299 aqqunasthasius
606 4225 719 4283 antistes
729 4225 945 4297 Alexandrinus,

144 4298 361 4373 persecutionem
377 4297 537 4357 Constancii
553 4297 727 4371 imperatoris
741 4297 859 4370 lugiens,
875 4298 946 4355 Tre-

1012 1800 1108 1860 Vrctor
1122 1801 1213 1858 dictus
1223 1809 1272 1857 est.
1288 1801 1340 1857 Hic
1353 1818 1401 1873 pro
1416 1800 1469 1856 lide
1484 1800 1586 1858 Christi
1602 1800 1738 1871 superatis
1751 1800 1816 1871 gla-

1012 1874 1066 1930 diis
1080 1874 1177 1941 acutis,
1194 1874 1266 1945 igne,
1280 1873 1366 1941 lunio,
1384 1888 1514 1929 manuum
1529 1887 1561 1928 ac
1576 1871 1676 1943 pedum
1696 1870 1815 1927 obtrun-

1011 1946 1129 2010 catione,
1138 1962 1200 2001 cum
1216 1944 1352 2001 divinitus
1363 1944 1403 2000 illi
1413 1944 1533 2000 membra
1545 1943 1672 1999 restituta
1683 1942 1813 2010 luissent,

1012 2017 1111 2073 iteruin
1127 2016 1247 2072 fustibus
1261 2033 1346 2073 cursus
1359 2025 1409 2082 est,
1424 2032 1456 2071 ac
1471 2022 1564 2088 postea
1577 2014 1695 2071 leliciter
1709 2014 1813 2086 migra·

1012 2090 1062 2144 vit.
1076 2090 1105 2143 ln
1115 2088 1275 2160 Aquitania,
1284 2087 1420 2159 depositio
1430 2087 1518 2143 sancti
1528 2085 1675 2142 Maximini
1690 2084 1814 2159 episcopi

1012 2159 1186 2216 Treverensis
1204 2167 1232 2214 et
1244 2158 1418 2214 confessuris.
1435 2159 1488 2226 Qui
1503 2158 1536 2214 de
1551 2157 1702 2230 Aquitania
1715 2158 1815 2213 oriun-

1011 2232 1072 2297 dus,
1088 2231 1160 2286 lama
1174 2231 1327 2286 sanctitatis
1341 2231 1412 2286 beati
1432 2229 1535 2302 Agricii
1551 2229 1734 2285 Treverorum
1751 2229 1816 2301 epi-

1012 2303 1086 2375 scopi
1097 2303 1224 2370 allectus,
1234 2302 1268 2356 ad
1283 2318 1344 2356 eum
1360 2302 1455 2368 venit;
1473 2317 1556 2373 aquo
1571 2300 1689 2355 inomni
1704 2301 1816 2356 sancti-
1855 2354 1860 2365 ,

1011 2382 1067 2429 tate
1077 2373 1219 2440 educatus,
1235 2372 1324 2428 eidem
1337 2390 1372 2428 ex
1383 2374 1478 2428 divina
1493 2372 1813 2441 revelationesuccessit,

1030 2446 1126 2501 atriam
1143 2445 1251 2501 tandem
1266 2445 1482 2513 suaminvisens,
1492 2444 1530 2499 ibi
1542 2444 1657 2517 quievit.
1671 2443 1813 2516 Lugduni,

1010 2462 1083 2573 beati
1108 2516 1260 2572 Sacerdotis
1283 2515 1373 2586 episco
1393 2517 1401 2571 i
1422 2525 1449 2572 et
1473 2515 1647 2573 contessoris.
1666 2514 1737 2570 lteiii
1761 2515 1815 2571 Se-

1011 2587 1131 2659 rapionis
1143 2587 1274 2669 episcopi.
1291 2534 1442 2644 hlarceblini
1458 2587 1589 2659 episcopi.
1609 2584 1812 2712 Augustudini,

1010 2660 1098 2715 sancti
1128 2659 1242 2715 Evancii
1266 2659 1385 2731 episcopi
1407 2669 1434 2716 et
1456 2659 1629 2716 confessoris.
1679 2658 1814 2714 rauslatio

1009 2731 1096 2787 sancti
1113 2731 1283 2802 llermagorrc
1306 2731 1426 2813 episcopi
1450 2730 1663 2804 Aquilegiensis.
1684 2731 1716 2786 ln
1738 2729 1814 2786 Nor-

1010 2802 1120 2857 mannia
1143 2803 1254 2858 civitate
1269 2800 1421 2872 bajocensi,
1437 2803 1508 2858 beati
1525 2801 1683 2858 lleverentii
1699 2802 1813 2874 presby·

1010 2874 1059 2928 tcri
1084 2882 1111 2930 et
1133 2874 1305 2930 contessoris.
1331 2875 1354 2929 A
1376 2874 1411 2929 nd
1433 2875 1596 2947 AEgyptum,
1612 2880 1715 2929 sanctae
1731 2874 1813 2930 bonae

1009 2944 1134 3017 virginis,
1157 2962 1218 3018 quae
1233 2952 1260 3000 et
1281 2891 1462 3001 Munibcorda
1477 2946 1550 3002 dicta
1565 2943 1607 3017 [i'n
1628 2946 1722 3016 primo
1737 2946 1811 3012 edit,

1008 3024 1058 3082 est,
1083 3015 1155 3089 qne]
1180 3018 1209 3073 in
1229 3017 1316 3072 multa
1335 3017 1480 3074 sanctitate
1499 3016 1610 3076 Christo
1633 3032 1737 3089 sponso
1758 3033 1811 3073 ser-

333 3088 415 3145 csitio
438 3088 509 3144 beati
532 3086 686 3145 Sacerdotis
707 3084 827 3157 episcopi
842 3093 869 3141 et
883 3104 955 3143 con-
970 3099 991 3157 (2
1009 3087 1088 3142 vivit.
1105 3113 1113 3134 ·

1041 3159 1149 3214 Monm.
1170 3175 1176 3213 τ
1199 3184 1208 3206 ι
1224 3160 1350 3231 Lugduni
1364 3159 1470 3224 Gallias,
1486 3157 1573 3215 sancti
1588 3158 1746 3217 Sacerdotis
1756 3159 1811 3233 epi·

1005 3247 1050 3287 sco
1072 3230 1089 3285 i.
1107 3230 1187 3302 Apud
1199 3248 1247 3287 nos
1262 3231 1330 3302 luntt
1343 3233 1427 3287 dicere
1442 3230 1589 3287 Anderlaci
1597 3248 1681 3302 prope
1695 3231 1809 3288 Bruxel-

1006 3248 1209 3375 lasfdepositio
1223 3304 1309 3360 sancti
1326 3303 1461 3359 Gnidouis
1478 3302 1659 3368 consessoris;
1677 3304 1727 3376 qui
1747 3313 1810 3376 post

1004 3383 1162 3446 septennem
1192 3390 1223 3430 ac
1256 3374 1420 3430 laboriosam
1446 3374 1706 3446 peregrinationem,
1735 3374 1810 3431 hunc

1005 3444 1096 3501 locum
1112 3462 1167 3500 suae
1181 3446 1281 3517 quictis
1295 3447 1377 3517 elegit
1392 3446 1438 3502 ubi
1453 3445 1495 3500 sni
1511 3446 1581 3500 sacri
1593 3446 1718 3518 corporis
1738 3447 1809 3502 ieli-

1004 3516 1075 3642 rpuiai
1090 3517 1141 3573 suh
1154 3517 1309 3589 frequentia
1325 3517 1521 3573 miraculorum
1538 3517 1761 3590 frequentantur.
1778 3519 1808 3574 ln

1004 3589 1162 3659 aquitania,
1179 3591 1268 3644 natale
1284 3590 1311 3645 S.
1324 3588 1468 3645 Maximini
1478 3588 1661 3644 Treverorum
1671 3588 1809 3660 archiepi-

1002 3659 1088 3730 scopi,
1099 3659 1145 3731 qui
1160 3677 1188 3714 iv
1199 3661 1259 3715 lial.
1276 3661 1351 3715 lunii
1365 3659 1505 3716 Treverim
1520 3660 1625 3715 relatus
1636 3666 1685 3715 est.
1699 3660 1809 3715 Eodem

1003 3728 1057 3796 die,
1081 3730 1154 3784 beati
1183 3731 1339 3787 Reverentii
1367 3731 1520 3804 presbyteri
1547 3739 1575 3786 et
1598 3730 1801 3787 confessoris.-

1002 3801 1070 3856 Dein
1088 3801 1161 3872 typis
1172 3801 1335 3869 minorihus,
1357 3803 1402 3858 ‹in
1418 3802 1587 3859 Normanuia
1601 3802 1716 3859 civitate
1731 3802 1808 3874 bajo·

1001 3873 1086 3927 censi.
1102 3897 1111 3917 ·
1127 3872 1271 3929 Editiones
1282 3874 1444 3944 posteriores
1459 3875 1492 3931 de
1506 3874 1661 3942 Sacerdote,
1679 3875 1808 3931 Gnidouc

1001 3950 1028 3997 et
1042 3943 1204 4013 Maximino,
1217 3953 1247 3999 ut
1259 3947 1446 4017 supraTum:
1469 3945 1590 4001 «Eodem
1606 3945 1663 4013 die,
1676 3944 1800 4033 Baiocas,

1001 4013 1072 4071 beati
1088 4016 1245 4073 Reverentii
1265 4018 1416 4089 presbyteri
1434 4017 1693 4074 etconlessoris.1n
1709 4018 1806 4074 lialliis

1000 4085 1113 4143 civitate
1122 4088 1331 4158 augustoduno,
1347 4089 1483 4160 depositio
1493 4087 1563 4145 beati
1580 4089 1683 4145 Evanti
1694 4089 1806 4162 episco-

1000 4157 1038 4238 pi.
1062 4158 1111 4213 llie
1134 4157 1307 4226 duodecima,
1330 4161 1509 4218 sacrosancti
1532 4161 1665 4233 martyris
1682 4164 1805 4218 Autono-

1001 4244 1049 4283 mi.
1066 4253 1074 4274 ·
1090 4229 1160 4285 Vide
1175 4230 1402 4304 Martyrologium
1415 4232 1568 4289 Romanum
1583 4238 1611 4288 et
1625 4230 1722 4290 Sancti
1738 4233 1805 4291 Acta

1001 4301 1074 4372 apud
1090 4300 1212 4358 Surium.

864 4449 1083 4469 *-

142 4517 247 4580 ldtlai.

1695 4517 1747 4576 Die
1763 4515 1805 4575 tt.

176 4607 258 4682 Apud
274 4607 425 4681 AEgyptnm
436 4605 550 4666 civitate
565 4605 745 4677 Alexandria,
760 4607 833 4664 beati
847 4606 979 4679 Philippi
990 4604 1124 4679 episcopi,
1140 4606 1225 4680 patris
1238 4617 1337 4665 sancta
1352 4608 1481 4682 Eugenia
1491 4605 1617 4681 virginis.
1627 4607 1808 4682 Hicdiguita·

141 4704 196 4754 tem
212 4697 382 4769 protectura
402 4698 540 4765 deserens,
562 4706 589 4754 et
613 4697 744 4770 baptismi
764 4698 883 4770 gratiam
900 4697 1067 4769 adipiscens,
1089 4696 1222 4769 episcopii
1238 4696 1371 4754 honoiem
1387 4698 1562 4770 postmodum
1583 4703 1626 4752 est
1639 4707 1806 4764 assecutui;

140 4801 222 4861 quem
237 4784 266 4841 in
281 4784 607 4854 orationeconstitutum,
620 4786 704 4857 jussit
716 4785 871 4842 Perenuius
887 4785 1032 4857 prefectus
1047 4784 1138 4857 gladio
1149 4784 1281 4857 jugulari,
1295 4793 1416 4858 tempore
1432 4784 1577 4843 Volusiani
1592 4793 1620 4841 et
1634 4783 1748 4841 Galieni
1759 4785 1808 4842 im·

139 4882 307 4950 paratorum.
324 4873 429 4930 Eodem
443 4872 499 4941 uie,
517 4873 606 4928 sancti
620 4871 713 4928 Amati
728 4871 882 4945 presbyteri
912 4882 940 4929 et
955 4873 1063 4930 abbatis
1078 4875 1239 4932 monasterii
1255 4876 1402 4945 Homerici,
1419 4877 1478 4950 qui,
1495 4877 1571 4932 mire
1586 4875 1766 4933 abstinentiae
1780 4881 1807 4933 et

139 4963 333 5022 anachoriticae
348 4962 413 5019 vita
439 4968 566 5030 sectator,
582 4961 718 5019 virtutum
738 4970 765 5018 et
789 4961 987 5019 miraculorum
1007 4963 1093 5034 gratia
1108 4963 1245 5023 illustrem
1264 4967 1506 5024 conversationem
1521 4965 1613 5023 duxit.
1632 4961 1806 5040 Andegavis,

140 5055 227 5114 sancti
240 5054 413 5114 Mauriliouis
423 5051 544 5127 episcopi
559 5058 586 5109 et
601 5049 781 5109 confessoris.

906 5175 1026 5237 ΝΟΜ).

175 5294 215 5351 lta
227 5294 351 5365 Protea,
366 5289 516 5361 Heriaieii„
533 5288 757 5364 interp-liat,
774 5289 919 5361 Munerat,
938 5293 1048 5348 Grencn.
1067 5299 1093 5347 et
1111 5293 1215 5350 Melan.

740 5434 943 5493 veniamus
963 5434 1169 5493 LECTlONES.

175 5550 214 5607 Ile
235 5550 343 5622 AEpipto
362 5551 467 5610 dictum
490 5559 531 5608 cst
549 5552 611 5624 plus
631 5566 713 5624 quam
742 5551 818 5619 satis,
846 5550 876 5605 in
904 5567 936 5606 eo
955 5556 979 5615 D
995 5568 1063 5608 reni.
1087 5553 1145 5624 Ego
1160 5552 1290 5608 ultimum
1307 5550 1418 5609 modum
1438 5561 1548 5610 secutus
1564 5567 1624 5607 sum
1641 5568 1678 5609 ex
1694 5552 1806 5608 Praten.

138 5628 238 5694 praeter
257 5629 368 5679 caeteros
385 5624 494 5680 excedit
514 5624 648 5679 Munerat.
691 5622 745 5677 uod
762 5623 842 5694 legat,
864 5623 937 5693 opiid
994 5624 1170 5695 potissimum
1184 5634 1212 5681 et
1236 5624 1410 5681 Herinicnsi:
1437 5622 1660 5696 Antuerp.-Maj.
1681 5623 1808 5681 secundo

137 5693 277 5775 AEpiptnm
299 5693 482 5763 Alexandria,
506 5693 642 5775 addetque
668 5639 795 5766 fluitippo
822 5693 936 5749 titulum
992 5696 1074 5752 inodo
1090 5696 1197 5762 scribit,
1215 5697 1348 5752 Munerat.
1363 5703 1391 5752 et
1411 5695 1808 5767 Molan.primo.1norotio-

138 5767 251 5839 eps'acopi
263 5769 288 5819 et
298 5766 434 5835 martyrii.
447 5765 578 5836 Superius
592 5765 676 5821 etiarn
690 5772 784 5821 notata
802 5772 844 5821 est
858 5764 935 5821 dille·
990 5783 1046 5821 nem
1062 5767 1227 5835 constitutus,
1245 5768 1326 5823 habet
1341 5769 1416 5824 solus
1429 5765 1680 5840 antuerp-udor,
1698 5765 1810 5827 caeteris

122 5835 305 5896 rentiaci’rca
321 5835 446 5910 priapi,
459 5835 625 5908 episcopatui
640 5837 683 5894 vel
702 5835 828 5910 episcopii
840 5835 936 5895 liono-
989 5846 1021 5895 ut
1034 5845 1074 5895 cst
1095 5839 1123 5894 in
1141 5847 1228 5898 testu.
1251 5840 1321 5896 Malo
1337 5839 1370 5897 ab
1390 5837 1488 5897 Adone
1501 5838 1631 5899 scribitur
1657 5838 1810 5905 Paeonias
