3840 6136
67 215 117 275 tii
595 227 913 293 MAlll'YllOLOGlUll.
933 266 968 282 -·
987 240 1090 301 MENS.
1112 247 1189 306 oei.
1662 267 1716 326 618

66 347 150 398 tatem
165 339 274 423 sagittis
287 340 437 423 interiecti.
453 344 504 429 llic
519 350 646 434 precihus
661 353 864 442 heatiSeveiini
879 367 903 425 A
922 365 1056 424 Flaviani.
1085 371 1147 443 lpso
1170 373 1225 443 die,
1248 377 1305 447 vel,
1319 378 1470 439 emendum
1484 387 1563 458 alios,
1578 397 1713 466 sequenti,

63 409 236 484 archiepisco
269 455 277 487 ,
316 428 397 489 cupis
429 430 539 499 primns
564 422 773 484 archidiaconus
799 430 862 502 fuit,
919 434 1060 497 Boneiacii
1074 456 1149 515 papa
1162 445 1256 517 primi,
1272 449 1319 521 qui
1330 451 1402 508 sedit
1413 454 1506 515 Roma
1520 461 1600 519 annis
1613 465 1712 537 tribus,

62 482 167 547 meruit
193 498 229 540 sn
249 484 290 540 ire
315 483 346 540 iri
363 486 476 544 suhlrnri
491 504 573 549 voces
587 494 762 567 psallentium
777 517 865 574 ange-
918 509 1096 585 sepultusque
1113 524 1154 572 est
1168 517 1213 575 via
1228 518 1332 580 Salaria
1343 521 1426 595 juxta
1437 543 1536 612 corpus
1549 531 1635 592 licata
1658 538 1714 594 l'e-

63 555 165 613 loruin.
183 554 252 612 ltein
275 554 401 626 Colonia,
422 560 513 641 passio
536 562 608 621 heati
630 566 724 626 Jacohi
743 572 863 648 episcopi
919 579 1042 638 licitatis.
1059 584 1111 642 llic
1124 589 1280 660 constituit,
1297 610 1408 652 servum
1425 599 1557 659 clericum
1571 621 1626 663 non
1641 604 1712 678 sieri,

61 626 129 685 luti
166 625 233 684 heni
257 633 285 684 et
312 636 453 702 martyris,
480 633 514 690 ile
542 646 681 695 conventu
705 652 863 702 sanctarum
917 665 969 707 neo
982 651 1134 713 obnoxium
1150 660 1244 730 curias,
1261 664 1304 719 vel
1318 665 1401 724 alicui
1413 669 1548 731 rei.·llaec
1562 676 1592 733 in
1606 676 1714 737 llosan·

60 698 193 757 uuilecm
209 698 330 755 millium
351 701 530 774 virginum.»
560 709 592 764 ln
617 709 707 768 Felice
731 721 757 770 et
781 718 864 775 sociis
917 720 1198 788 drieditionehiloni
1216 735 1422 809 ascriptasunt.
1436 741 1470 797 Se
1490 745 1589 804 uitur:
1615 748 1713 808 ‹Era-

60 768 189 829 irionem
218 770 305 827 terme
330 771 473 832 describit.
489 777 575 835 luni:
599 781 758 852 «Treveris,
774 789 863 846 sancti
917 792 1001 850 cliani
1022 797 1153 873 episcopi.
1172 802 1309 873 Treveris,
1334 811 1421 869 sancti
1436 760 1536 873 Felicis
1551 819 1634 900 primi
1648 822 1713 906 epi7

60 915 152 973 uncti
176 914 279 971 isiieis
300 915 384 988 primi
412 918 573 1049 episcopi.»
600 924 631 980 in
655 924 774 1006 hiartino
796 931 864 988 satis
917 935 1042 1008 llaglorii
1058 942 1150 1014 episco
1170 945 1319 1007 iliplensis
1338 893 1712 1031 etwnrmtgasssnggisggacttg

59 1000 129 1059 pura
157 992 208 1043 est.
229 984 301 1069 liein
315 1003 327 1069 εΙ
356 987 498 1074 «Nicoma
519 1008 563 1063 iae,
591 1010 687 1079 passio·
704 1008 861 1084 sanctornm
916 1006 1043 1067 Samsoni
1059 1028 1125 1073 succ
1160 1032 1219 1089 ens,
1235 1036 1299 1077 cum
1314 1022 1372 1081 vita
1383 1031 1411 1082 et
1426 1027 1512 1101 signis
1526 1032 1617 1091 clarus
1630 1035 1711 1095 hahe-

59 1062 215 1131 martyrum
241 1056 353 1126 Vitalis,
382 1057 485 1143 Papirii
509 1072 535 1120 et
562 1066 698 1124 Flaviani.
731 1070 860 1142 Parisiis,
916 1084 1002 1147 retur,
1021 1091 1149 1143 monetur
1161 1104 1209 1160 per
1221 1093 1358 1163 angelum,
1371 1097 1523 1157 solitariam
1534 1104 1621 1162 vitam
1630 1123 1665 1163 ex
1701 1140 1710 1151 ·

58 1128 133 1187 herii
150 1128 278 1207 iisgiorii
302 1130 424 1205 episcopi
440 1141 467 1190 et
481 1135 656 1218 contessoris.
673 1140 705 1195 lii
720 1144 862 1200 territorio
915 1155 982 1219 tera,
995 1169 1113 1229 cumque
1120 1174 1239 1229 superno
1250 1178 1348 1236 parens
1357 1168 1450 1237 nutui,
1461 1170 1489 1226 in
1502 1172 1556 1230 hoc
1569 1186 1711 1249 proposito

59 1198 210 1271 lunoniuo,
227 1209 330 1270 castro,
343 1202 417 1277 qnod
433 1204 519 1265 Lucas
534 1206 647 1280 duntur,
663 1210 736 1268 beati
751 1214 859 1286 Enoch,
916 1223 1018 1280 multos
1032 1240 1120 1283 annos
1134 1230 1281 1290 miraculos
1296 1234 1419 1310 inclytus
1433 1242 1577 1316 exegisset,
1589 1245 1620 1303 in
1636 1248 1711 1322 rigi-

59 1268 197 1329 inians·
211 1272 294 1346 Apud
308 1272 380 1330 alios
395 1275 502 1334 Senoch.
519 1303 528 1328 ι
562 1278 667 1338 Eodem
693 1281 748 1353 die,
775 1285 861 1345 heatae
915 1291 952 1347 lia
967 1292 1078 1353 Poscha
1092 1298 1199 1359 obitum
1209 1319 1289 1362 suum
1303 1306 1489 1369 imminerean
1508 1316 1552 1372 elo
1564 1319 1709 1378 nuntiante

59 1340 304 1427 odevidnae...
403 1417 433 1429 ..
914 1361 1163 1448 didicitatquaah
1175 1373 1271 1432 erdem
1286 1377 1418 1439 viaticum
1435 1330 1708 1465 visissiliteiaceepit.

92 1413 195 1473 Burin.
210 1417 242 1473 ln
262 1430 353 1488 prims
366 1416 488 1475 editione
503 1423 603 1478 similis
617 1432 657 1480 est
672 1428 815 1484 Anrurnr.
833 1438 861 1487 et
913 1432 957 1489 Ah
967 1435 1017 1492 iilo
1027 1444 1120 1520 itaque
1129 1440 1173 1500 ilia
1183 1461 1270 1518 usque
1282 1447 1312 1504 in
1323 1448 1397 1508 ilicin
1408 1455 1562 1515 vocationis
1576 1477 1643 1530 sua,
1654 1464 1709 1523 nisi

58 1485 125 1542 aliis
149 1485 293 1545 wdicihua
314 1501 407 1561 supra.
435 1490 468 1546 ln
491 1494 611 1551 secunda
637 1502 744 1554 textum
759 1514 859 1572 purum
913 1520 995 1562 cansa
1009 1508 1178 1572 inevitabilis
1192 1516 1395 1593 interpolasset,
1411 1524 1486 1583 hunc
1501 1544 1607 1603 semper
1619 1532 1648 1589 in
1660 1552 1709 1593 ore

59 842 189 901 Severini
202 842 287 917 primi
302 842 425 927 episcopi
439 856 467 903 et
482 852 622 923 martyris.
638 854 705 910 item
726 856 862 930 Treveris,
917 866 992 937 scopi
1017 874 1044 924 et
1065 871 1240 932 coniessoris.
1256 878 1288 934 ln
1301 879 1456 952 Britannia,

59 1554 241 1614 hebetudilit
260 1558 340 1616 etium
359 1560 463 1631 Vitulis,
486 1570 513 1619 et
527 1573 675 1637 praeterea:
701 1570 755 1625 ‹lri
775 1572 860 1628 terri-
912 1590 1023 1634 versum
1038 1584 1165 1709 repetiit:
1189 1588 1272 1645 Uirum
1282 1591 1348 1663 potii
1362 1611 1381 1649 u
1401 1595 1523 1666 Dominio,
1537 1602 1605 1659 hurso
1662 1607 1710 1663 ai-

1085 1670 1103 1709 n
1118 1654 1259 1729 llihernia,
1271 1662 1390 1723 Daluath
1414 1667 1535 1798 episcopi
1554 1682 1581 1743 et
1596 1691 1648 1734 con
1661 1694 1709 1736 es·

95 1770 238 1827 Gnarum:
257 1793 268 1821 r
290 1773 373 1845 Apud
395 1774 537 1838 Coloniam
562 1780 753 1862 Agrippinam,
768 1785 857 1842 sancti
912 1788 1009 1848 Enoch
1032 1792 1148 1854 uhhatis.
1174 1798 1339 1862 Columbani
1366 1810 1506 1869 monachi.
1526 1757 1708 1890 ffimngiet:

57 1840 200 1968 Euergisli
222 1841 342 1927 episcopi
363 1851 392 1901 et
405 1849 545 1920 martyris,
561 1852 608 1923 qui
625 1852 689 1909 licet
704 1868 775 1911 xviri
794 1857 855 1913 llal.
912 1860 1013 1918 testum
1028 1864 1112 1924 beata
1127 1867 1193 1927 (iila
1206 1872 1333 1932 vidum.»

61 1627 303 1700 torio,'lurouiei,
325 1632 412 1688 uncti
441 1633 527 1691 Senec
553 1637 727 1696 confessoris.
752 1640 858 1700 Eodem
911 1664 983 1718 rom,
998 1657 1052 1707 etc.

62 1698 119 1767 ilie,
136 1699 226 1757 sancti
240 1698 361 1772 llugimii
376 1703 497 1777 episcopi
514 1714 541 1763 et
554 1710 728 1767 confessoris.
746 1735 755 1761 ι
871 1719 992 1795 Bsoris.
1007 1721 1039 1779 ln
1058 1726 1199 1789 territorio
1223 1731 1370 1804 Turonico,
1394 1749 1484 1799 castro

58 1911 128 1969 Octo
151 1913 191 1970 iis
264 1915 521 1984 ussit,e'nstamen
536 1924 700 1995 martyrium
715 1924 762 1981 hic
776 1927 857 1983 iesti-
947 1932 1056 1992 llotiri.
1081 1936 1112 1995 in
1137 1938 1269 2016 Maglorio
1291 1946 1424 2008 deicnbit
1443 1952 1593 2016 llinrunir.
1613 1960 1706 2029 Tum:

55 1983 118 2040 iius
133 2000 201 2042 reco
212 1985 279 2041 itur.
296 1932 379 2068 Apud
402 1990 524 2047 eamdem
549 1993 656 2062 urbem,
680 1997 857 2078 passioflheoti
919 2026 928 2051 ‹
947 2003 1014 2060 ltem
1026 2010 1115 2064 sancti
1133 2012 1241 2071 Vitalis.
1256 2017 1288 2072 ln
1303 2020 1442 2079 territorio
1464 2026 1602 2087 Turonico
1621 2034 1708 2090 sancti

55 2054 149 2112 lacohi
165 2054 334 2113 Antiocheni
350 2059 469 2141 episcopi
485 2070 511 2118 et
526 2065 666 2137 martyris,
682 2083 715 2122 ex
727 2077 857 2127 societate
911 2072 1018 2133 Senoch
1032 2080 1214 2151 confessoris;
1232 2086 1261 2141 iri
1282 2097 1373 2147 castro
1387 2096 1461 2166 quoil
1475 2097 1583 2156 Luchas
1594 2102 1707 2161 dicitur.

59 2127 189 2183 undecim
205 2128 326 2184 millium
342 2132 492 2203 virginum.
507 2135 642 2204 Treveris,
654 2137 727 2193 beati
742 2140 857 2196 Severi·
911 2144 992 2213 ltom,
1008 2152 1096 2206 sancti
1115 2153 1251 2236 Everpisli
1263 2160 1383 2235 episcopi
1400 2164 1572 2228 Coloniensis
1588 2181 1615 2229 et
1630 2191 1709 2231 mar-

57 2198 84 2253 ni
100 2198 200 2271 primi,
214 2199 336 2272 qiiseopi
349 2209 378 2257 et
395 2205 534 2277 martyris.
551 2206 749 2278 Nichomeilia‚
762 2212 855 2268 Severi
911 2218 991 2288 tyris,
1011 2221 1198 2280 archidiaconi
1229 2236 1256 2284 et
1279 2236 1445 2293 successoris
1472 2242 1559 2297 sancti
1583 2242 1708 2303 Severini

58 2270 198 2344 martyris.
210 2270 342 2340 lullicca,
353 2276 444 2331 natale
454 2287 611 2334 sanctornm
624 2280 734 2348 Vitalis,
746 2282 855 2352 Felicis,
911 2288 1043 2361 episcopi.
1064 2292 1115 2349 llic
1130 2295 1247 2369 l'unpir's
1262 2308 1352 2368 natus,
1369 2315 1476 2381 martyr
1498 2308 1552 2367 init
1566 2322 1593 2371 et
1616 2323 1707 2374 tumu-

57 2340 165 2415 liogati,
184 2342 322 2412 Flauiani,
338 2345 733 2424 Pipiii,Victoiiae.llierapoli
746 2353 855 2426 Friglas,
911 2358 992 2415 latus.
1008 2387 1017 2408 »
1039 2362 1183 2423 Editiones
1194 2369 1256 2425 aliae
1271 2376 1476 2446 superaddunt:
1497 2382 1564 2439 «Die
1578 2386 1710 2457 vigesima

56 2420 219 2471 unctum
230 2413 387 2486 cumiani,
412 2416 555 2489 Eucherii,
582 2422 665 2492 lusti,
694 2424 815 2482 Victoris
828 2432 856 2482 et
909 2437 1017 2502 quarta,
1028 2442 1188 2494 sanctorum
1198 2449 1353 2516 martyrum
1365 2446 1476 2508 Arethae
1490 2459 1517 2509 et
1531 2455 1703 2516 sociorum.»

195 2648 203 2692 ·,
1599 2666 1650 2728 Dt’e
1663 2672 1708 2731 23.

58 2631 197 2796 Ἤιιξιζι,
213 2727 314 2785 natalis
328 2726 508 2803 quadrapnta
518 2738 567 2787 sex
578 2730 713 2802 militum,
728 2734 776 2809 qni
791 2734 874 2791 simul
890 2734 1020 2809 baptizati
1035 2741 1191 2801 allionisio
1203 2762 1282 2821 papa,
1297 2766 1363 2808 mox
1369 2750 1486 2824 jubente
1495 2757 1612 2817 Claudio
1620 2762 1708 2836 impe·

55 2819 146 2870 istoru
160 2812 303 2886 decollati,
326 2832 359 2875 ac
382 2816 428 2873 xia
448 2816 552 2876 Salaria
573 2821 684 2892 sepulti,
701 2821 749 2878 uhi
769 2822 854 2878 etalii
871 2834 1131 2899 martyrescentum
1147 2835 1332 2907 uigintiuiros
1348 2843 1430 2913 positi
1446 2856 1529 2904 sunt:
1548 2849 1623 2906 inter
1639 2868 1709 2925 quos

53 2902 170 2965 inarum
183 2916 303 2982 quotuor
317 2911 420 2969 milites
437 2911 551 2981 Christi,
578 2913 760 2986 Tlieoilosins,
776 2917 886 2987 Lucius,
908 2917 1017 2977 Marcus
1030 2929 1057 2978 et
1072 2923 1178 2982 l‘etrns.
1195 2927 1298 2984 Eodem
1312 2929 1357 2986 ilie
1380 2933 1567 3008 Petregoncas
1583 2939 1707 3011 civitate,

51 2997 141 3055 arieti
156 2998 318 3072 Frontonis,
334 3002 381 3076 qui
395 3003 489 3060 Roman
503 3019 519 3058 a
533 3003 612 3060 heuto
630 3004 711 3061 Potio
726 3005 871 3079 episcopus
895 3008 1048 3081 ordinatus,
1075 3030 1139 3070 cuin
1163 3016 1281 3090 Georgio
1297 3021 1460 3092 presbitero,
1477 3041 1559 3098 quem
1574 3044 1624 3100 per
1637 3047 1709 3103 apo-

44 3085 118 3144 stoli
131 3086 265 3146 Mutilum
278 3091 308 3148 in
322 3090 420 3148 itinere
432 3092 539 3151 socium
554 3092 588 3150 ile
603 3101 690 3151 morte
705 3095 818 3168 recepit,
839 3093 874 3151 ad
893 3095 1054 3168 praedictam
1077 3102 1220 3161 civitatem
1234 3108 1360 3176 veniens,
1380 3127 1506 3183 inagiinui
1522 3117 1612 3186 gentis
1631 3118 1709 3175 illins

43 3179 264 3239 multitudinem
277 3182 312 3241 sd
327 3183 468 3243 Christum
484 3186 632 3255 convertit,
646 3193 673 3242 et
687 3187 783 3243 multis
796 3187 939 3244 miraculis
955 3188 1057 3258 clarus,
1071 3192 1100 3246 in
1115 3206 1181 3264 pace
1193 3194 1310 3266 quievit.
1321 3197 1402 3269 Apud
1414 3200 1508 3257 urbem
1519 3202 1706 3277 Suessionem,

31 3280 213 3329 anctorum
226 3271 348 3345 Crispini
361 3282 390 3330 et
403 3274 582 3347 cuspiniani,
596 3277 643 3349 qui
662 3277 851 3348 persecutione
861 3275 1038 3347 Diocletiani,
1054 3288 1115 3350 post
1130 3281 1261 3337 immania
1276 3291 1412 3342 tormenta
1431 3288 1484 3344 sihi
1500 3290 1587 3361 illata,
1603 3293 1704 3366 gladio.

27 3360 196 3432 trucidui,
209 3378 342 3422 eoronam
360 3366 488 3441 martyrii
507 3369 647 3425 mnsecuti
663 3378 738 3426 sunt.
761 3368 882 3428 Ciuitate
896 3367 1048 3438 Florentia,
1066 3369 1156 3443 passio
1170 3369 1243 3427 boati
1259 3371 1391 3443 hliniatis,
1407 3376 1458 3433 suh
1474 3378 1558 3435 Decio
1572 3381 1707 3456 principe.

23 3450 121 3511 ltein
133 3452 252 3513 urinae
269 3454 391 3526 Caralis,
402 3456 489 3516 sancti
505 3456 604 3515 lliiarii
619 3457 741 3532 episcopi
755 3465 782 3515 et
795 3457 985 3519 centenarias

822 3602 942 3660 NOTAE.

88 3720 156 3781 Puri
168 3730 237 3780 mut
249 3720 372 3794 ircim,
387 3724 529 3798 Anhrerp,
544 3724 728 3785 llam-Liber.
746 3734 773 3782 et
788 3722 1124 3796 Airtucrpien.·iluuinius.

94 3870 105 3892 ⁸
121 3862 273 3925 Articulum
284 3867 390 3927 claudit
403 3867 432 3925 in
447 3869 581 3927 lirinensi
595 3869 707 3927 codice:
725 3870 812 3928 licitis
826 3867 974 3940 metropoli,
990 3866 1074 3922 sumti
1090 3865 1190 3924 celsini
1203 3864 1371 3938 confessoris.
1388 3869 1559 3931 llourirtinr.

664 4006 867 4064 vihiiiiiiis
886 4004 1091 4063 LECTlONES.

90 4112 119 4171 ln
134 4114 274 4188 Autuerp.
286 4123 314 4172 et
331 4114 521 4173 llam-thec.
537 4114 614 4173 deest
629 4114 658 4171 in
672 4112 811 4187 principio
822 4121 852 4175 si
869 4117 891 4176 C
908 4122 1085 4202 Antuerpnet
1103 4121 1300 4205 linx-hulten.
1318 4124 1423 4196 legunt,
1439 4143 1563 4184 coronarii
1578 4134 1707 4215 conuerti

18 4193 164 4251 min·
186 4194 264 4277 ier
285 4211 336 4277 iro
349 4202 450 4278 sunu
463 4194 639 4266 „nasim
652 4194 741 4250 ⁵⁰¹⁰⁰¹
757 4194 851 4320 'tili‘
906 4195 1705 4329 ‘stultit-iiiiiiiiiitiisiissiiii'i

19 4271 316 4337 oentmnsptnhfln
349 4266 771 4349 uoipsisconionatilntnerp.-
792 4281 850 4347 lex.
906 4281 966 4346 cius
1035 4279 1132 4334 e,pc
1151 4281 1177 4318 io
1331 4306 1339 4345 3
1416 4336 1421 4346 Ι
1595 4341 1600 4350 ,
1635 4342 1640 4352 ,
1683 4344 1689 4354 ,

29 4330 142 4410 Atqu
177 4335 226 4395 hic
257 4352 308 4411 pro
357 4338 524 4420 itroporicni·
545 4337 643 4395 scribit
657 4339 850 4437 Eetrupcrttos.
906 4334 1705 4490 ιηΑηῑιιίἰτράἓὲεῗίεῖωηξιυὺῆῗηὲῖἰὲξἯῗεῖἑῑοῐῑὲὓζᾞῗῦὲῗ

31 4398 850 4549 {1¹³3ssslldiffingiwrirgsstiglnlztriitslcssibqtzefflosueostiocffi
907 4422 1040 4546 gimo,
1062 4478 1219 4550 presbitero,
1237 4449 1373 4547 niarasis,
1392 4479 1495 4547 llilurs,
1515 4480 1633 4551 Hilarii,
1649 4490 1703 4540 etc.

731 4601 1034 4664 onsniivniioiiiiS.

96 4704 182 4767 Primii
204 4708 382 4768 mnmtittio
403 4709 508 4782 duplex
531 4725 580 4767 sau
593 4710 747 4782 composita
769 4716 819 4778 est,
836 4712 890 4771 ali
905 4707 978 4782 quod
989 4707 1035 4781 qui
1051 4705 1159 4790 alletia.
1169 4708 1337 4777 Theodotius,
1352 4707 1375 4765 is
1390 4706 1425 4765 ah
1439 4709 1570 4795 omnihus
1584 4711 1646 4770 aliis
1658 4730 1704 4788 ap·

71 4769 130 4835 leis
152 4796 189 4838 ex
211 4780 292 4839 Actis
316 4779 404 4839 sancti
418 4782 512 4854 Xysti,
532 4789 702 4849 attestatur,
719 4781 849 4853 primitus
904 4779 1278 4863 pelleturl'heodosiusouoe
1291 4780 1704 4908 praterhaecduhiasunt,iion

74 4858 170 4923 uetuit
191 4852 283 4911 xiiis
308 4852 449 4911 Laurentii
476 4853 524 4909 alii
535 4853 563 4910 S.
575 4853 718 4926 Hippolyti
729 4853 797 4911 Acta
806 4853 853 4909 ail-
907 4852 1086 4924 indiligenter
1097 4850 1213 4908 discutit
1223 4855 1702 4939 aosovereconaturFlorantinins,

74 4894 235 4993 iicuut’red
245 4897 392 4983 ileiisdsm
407 4895 560 4997 loquuntur
573 4923 725 4981 omneshd
735 4926 852 4997 primum
906 4931 934 4980 et
949 4940 998 4978 nos
1012 4923 1080 4978 alihi
1094 4924 1236 5005 operosius
1245 4925 1476 5006 examinabimus.
1489 4926 1634 4983 Frontonis
1647 4943 1702 4984 me·

75 5000 159 5059 hiteui
196 4995 365 5053 uodattinet
390 4995 682 5068 eaetiamatquiilem
693 4997 852 5065 sclaomis·
906 4994 1043 5051 moriaah
1058 4993 1701 5081 Adoneprimuminsacrasl'uhirlasnelataest,

72 5010 250 5125 anninus
271 5067 335 5124 aliis
366 5037 540 5125 memoratur
562 5082 578 5121 a
600 5068 724 5124 llomano
738 5082 850 5149 pario:
905 5074 1034 5139 totusque
1058 5065 1139 5136 elogii
1160 5073 1308 5123 centenus
1336 5083 1371 5123 ex
1394 5085 1439 5150 ns,
1468 5084 1497 5123 ni
1522 5068 1613 5152 fallor,
1634 5077 1702 5126 actis

71 5130 197 5193 hucin
214 5139 325 5195 Solaria
336 5111 409 5195 ’xxvi
421 5139 536 5196 militum
557 5138 604 5209 qui
616 5138 773 5210 baptizatae
789 5139 852 5194 liic·
906 5136 1068 5217 desumptus
1085 5144 1135 5204 est,
1151 5153 1212 5263 Ῥω
1236 5138 1646 5268 Βᾳῌαηᾱιιειηθὲἱέρεηάιωαᾱ
1660 5148 1702 5197 to-

69 5206 131 5277 iptio
252 5181 616 5268 'ahmieClaudr'oilecellnti
635 5209 853 5266 territoreas
906 5225 983 5265 nium
1011 5223 1132 5289 primum
1175 5225 1293 5278 aunarii,
1320 5212 1419 5282 popl
1454 5254 1489 5294 ¹,
1506 5228 1542 5267 ex
1565 5212 1702 5294 Bosqueto

67 5225 258 5337 nummi}
271 5289 298 5339 et
311 5298 347 5338 ex
361 5281 429 5355 ipsis
443 5278 521 5338 Actis
539 5280 691 5355 desumpsit
706 5281 776 5349 Ado,
793 5289 852 5337 tum
906 5284 1081 5352 pronunciat,
1108 5296 1126 5334 a
1148 5296 1249 5361 niipcm
1267 5282 1422 5363 qiwdumet
1433 5284 1548 5338 ridiculo
1562 5290 1701 5367 scriptore,

65 5345 152 5408 inhio
176 5358 237 5409 tuni
254 5350 285 5408 iii
298 5352 385 5409 altera
399 5361 487 5436 parte,
502 5368 570 5427 quas
589 5360 681 5409 noster
695 5352 729 5408 ad
742 5352 852 5410 solitam
905 5367 959 5407 iton
976 5357 1036 5407 unte
1058 5350 1236 5432 quoireprntu
1259 5358 1308 5408 cut
1326 5359 1543 5437 circiter'ciinos,
1559 5362 1702 5438 composita

64 5394 302 5480 seminatorem
314 5424 434 5482 reduxit.
447 5424 663 5498 hieronymiana
672 5423 743 5479 nihil
752 5423 854 5481 hahent
906 5423 998 5493 [uisse.
1010 5421 1128 5479 llePetri
1144 5424 1274 5496 Catalogo
1288 5424 1362 5505 haud
1373 5423 1488 5507 dubium
1500 5425 1620 5495 uidetur,
1632 5442 1700 5500 quin

63 5490 163 5551 lexim
176 5494 225 5552 sed
238 5496 393 5555 Maximum
406 5497 552 5553 nominant
565 5502 591 5552 et
607 5496 701 5552 utiliter
715 5496 784 5551 ulios
798 5511 853 5551 cxx
906 5494 945 5550 ilii
963 5494 1011 5550 lih.
1028 5511 1068 5559 rx,
1091 5509 1151 5567 cap.
1169 5495 1230 5563 itti,
1244 5511 1336 5552 nescio
1351 5512 1412 5622 auis
1425 5496 1497 5579 alius
1508 5497 1608 5553 Fronte
1622 5499 1703 5555 abhus

61 5577 126 5622 anon
166 5538 209 5624 ’os
248 5582 364 5639 piorum
390 5570 500 5624 nornine
525 5569 597 5624 Deus
623 5568 680 5623 scit.
715 5566 851 5635 llahanus,
906 5566 1346 5648 cumhocnostroconiundatnn
1381 5567 1501 5624 ultaalia
1510 5568 1582 5640 apud
1591 5569 1701 5653 Petrum

60 5632 116 5693 ito
160 5609 617 5698 susiduaetNotlrernsnumernm
632 5647 743 5696 servant
756 5636 855 5693 aneia
906 5653 968 5695 aaa
988 5637 1025 5693 ud
1042 5638 1111 5719 aiios
1124 5645 1152 5693 et
1163 5637 1279 5694 obscura
1298 5646 1445 5720 ethincerta
1465 5647 1541 5709 sunt,
1556 5650 1587 5698 ut
1600 5641 1704 5698 videsis

59 5680 348 5767 imimmaiunmxr
374 5709 711 5785 verosimiliterquodhis
724 5709 854 5766 adnnme·
907 5707 936 5764 iii
976 5709 1121 5764 illemontii
1137 5708 1445 5793 Commentarirsntoino
1469 5711 1516 5780 iv,
1536 5726 1625 5785 apag.
1640 5711 1703 5769 hill.

56 5786 130 5837 tetur
158 5780 300 5839 uncinus
337 5754 434 5839 i'erum
456 5790 574 5858 qnatmr
601 5784 670 5839 alios
697 5798 732 5838 ex
760 5780 854 5838 eadam
907 5778 1043 5862 Caeterum
1059 5779 1175 5861 Usuardi
1190 5790 1277 5839 nostri
1292 5782 1412 5855 elogium
1436 5798 1542 5840 niernm
1566 5791 1609 5840 est
1625 5782 1706 5839 Ailo-

55 5856 145 5909 turuia
168 5824 338 5911 nominatim
363 5854 525 5927 exprimunt
538 5871 602 5914 cuni
617 5854 670 5913 hac
684 5852 852 5922 diuersitate,
908 5866 986 5907 niani
1001 5849 1206 5922 compendium.

219 5950 342 6007 Pithoi..
364 5952 490 6010 cxxiv.
1553 5950 1597 6004 Ἥ
