3834 6136
197 224 249 293 aaa
691 224 899 284 tenesmum
920 222 1170 284 encelade-asle
1190 223 1351 284 beNdCllI
1811 223 1867 284 att

197 387 284 446 totius
294 384 370 458 regni
385 384 524 458 specimen
539 383 648 452 attinet,
664 382 796 439 intestina
809 382 899 438 oritur
912 381 998 438 eolli-
1014 378 1040 439 Α
1054 394 1148 435 sonam
1165 379 1216 437 snb
1231 377 1384 434 monastico
1396 376 1492 435 babitu
1504 376 1635 435 baculum
1652 392 1740 434 manu
1749 385 1866 451 gestan-

197 477 259 536 sio:
276 476 397 549 dumque
410 482 487 555 pater
500 474 569 530 alios
584 472 738 530 honoribus
760 472 796 528 ob
820 470 920 527 merita
939 471 1004 544 pri·
1059 476 1125 538 tem,
1136 485 1219 544 quam
1234 465 1399 541 sequebatur
1413 482 1481 540 puer
1495 465 1616 538 ejusdem
1635 464 1760 524 babitus.
1775 467 1866 543 Itaque

198 585 272 637 vare,
288 567 358 624 alios
378 565 520 623 cumulare
541 563 639 636 opibus
662 561 773 630 studel;
797 561 917 632 idipsum
939 577 1005 617 vero
1061 565 1260 631 stupescentem
1284 556 1476 630 presbyterum
1500 570 1615 628 persona
1643 555 1695 611 illa
1719 555 1866 614 elementer

199 658 250 715 lilii
263 658 395 715 adversus
410 661 526 727 patrem,
543 650 664 724 dejectos
678 650 711 706 ab
726 649 777 707 illo
791 649 907 722 erigere,
922 649 1006 707 subli·
1062 647 1235 720 alloquitur:
1252 645 1324 714 Quid
1341 652 1391 714 est,
1408 645 1504 712 frater,
1525 660 1575 701 cur
1598 643 1683 701 modo
1707 643 1756 702 hic
1778 646 1866 705 taliter

200 755 288 804 matos
301 745 438 815 deponere
453 748 601 808 conantur,
622 738 795 812 tempestatis
817 737 905 795 instar
927 738 1007 794 mari·
1060 736 1135 809 jaces
1147 737 1161 793 l
1175 736 1226 795 Cui
1242 737 1290 793 ille
1303 734 1452 792 venerandi
1468 735 1563 791 vultus
1577 733 1694 790 intuens
1707 750 1864 806 personam:

200 835 285 902 tima,
301 832 440 904 subjectos
455 831 507 888 hae
522 830 641 902 illaeque
657 828 821 902 dispergunt
837 845 843 884 :
860 843 914 900 qua
928 843 1009 884 causa
1063 827 1190 896 Domine,
1207 825 1308 900 iuquit,
1319 825 1400 882 vobis
1416 823 1578 896 cunctisque
1595 830 1695 879 notum
1711 830 1766 892 est,
1781 839 1866 897 quau

200 941 243 980 res
256 938 427 996 quarumque
442 919 546 977 Christi
560 919 740 976 ecclesiarum
761 917 879 990 contigit
894 917 1006 989 gravis·
1064 926 1122 974 tnm
1140 919 1261 977 nobisne
1271 918 1384 975 familiae
1399 924 1500 974 nostrae
1515 915 1574 973 odo
1588 932 1683 973 comes
1696 932 1808 974 necnon
1821 933 1867 991 po-

201 1012 270 1070 sima
279 1014 334 1086 pati
347 1012 581 1084 dispendialnter
591 1027 659 1084 quas
669 1009 793 1066 Ecclesia
804 1007 1010 1065 Aurelianensis

201 1118 264 1159 cum
284 1103 423 1175 contiguis
444 1108 602 1157 sanctorum
626 1098 705 1167 locis,
729 1114 789 1171 quae
806 1098 859 1153 snb
878 1096 1011 1170 regimine

201 1192 410 1250 Dominiccrum
432 1191 598 1250 elericorum
613 1187 673 1244 sive
688 1187 889 1244 monachorum
912 1185 1009 1246 eonsi-

201 1289 272 1338 slere
287 1280 464 1348 videbantur,
481 1295 535 1334 non
552 1277 661 1334 modica
675 1276 825 1333 vexatione
840 1276 942 1333 afllicta
960 1283 1009 1339 est,

202 1369 344 1444 Siquidem
359 1369 489 1426 Matfrido
502 1368 603 1425 comite
616 1367 754 1440 qnondam
770 1364 962 1422 Aurelianensi
976 1365 1012 1421 oh

203 1462 313 1534 culpam
326 1460 433 1516 inertiae
447 1459 568 1533 propriis
586 1456 741 1514 honoribus
764 1457 883 1529 privato,
907 1453 1010 1512 Odoin

1065 1006 1146 1077 pulus
1157 1007 1181 1062 el
1192 1007 1288 1063 favens
1299 1005 1398 1062 inferat
1408 1005 1485 1074 mali,
1497 1004 1614 1078 ideoque
1623 1003 1788 1077 injunctum
1800 1023 1867 1081 pra-

1065 1102 1143 1166 cepto
1156 1094 1263 1150 abbatis
1278 1094 1400 1151 officium
1423 1107 1490 1149 eura
1511 1093 1639 1167 pervigili
1663 1096 1794 1155 certatim
1809 1097 1868 1156 dnm

1066 1183 1209 1254 provideo,
1235 1190 1369 1256 quatenus
1396 1181 1488 1238 navali
1517 1182 1619 1256 effugio
1646 1183 1759 1241 familia
1780 1194 1870 1246 nestm

1066 1287 1174 1328 servare
1201 1287 1217 1326 a
1244 1270 1400 1343 raptoribus
1427 1271 1516 1326 valeat
1548 1273 1755 1345 supellectilem
1787 1290 1869 1345 suam,

1067 1371 1195 1436 gravatus
1208 1378 1305 1419 somno
1318 1362 1347 1418 in
1364 1361 1417 1418 hoe
1431 1378 1475 1418 me
1489 1362 1622 1420 stramine
1638 1364 1758 1438 projeci.
1777 1369 1813 1425 At
1826 1386 1870 1428 ss-

1067 1463 1130 1519 nior
1144 1459 1339 1517 verbisfaveus
1348 1459 1512 1532 presbyteri,
1524 1460 1591 1516 talia
1602 1461 1708 1519 refert:
1725 1462 1798 1520 Novi
1812 1480 1870 1522 vera

202 1549 261 1622 ejus
275 1550 366 1608 locum
381 1549 569 1606 substituitur.
587 1546 638 1616 Qui
655 1545 805 1603 insolentia
820 1544 896 1617 gravi
915 1550 1013 1601 contra
1060 1570 1125 1610 ωδε
1136 1569 1198 1627 quae
1214 1551 1294 1621 dicis,
1310 1553 1357 1608 sed
1372 1561 1519 1624 atrioquam
1536 1551 1582 1608 his
1599 1568 1663 1626 quaa
1676 1552 1800 1613 dolendo
1812 1573 1869 1631 que.

202 1638 245 1694 sui
261 1645 387 1694 naturam
402 1638 501 1705 elatus,
516 1645 690 1709 eunetaqoae
703 1634 761 1707 y'uri
776 1632 955 1706 subjacebant
969 1649 1010 1689 ec·
1067 1643 1147 1712 feris,
1176 1641 1320 1698 verissima
1350 1639 1516 1698 satisfaciam
1541 1640 1741 1712 prorulssione,
1771 1645 1870 1702 murari

203 1726 294 1786 clesiae
308 1727 527 1792 Aurelianensis,
539 1725 683 1782 matricula
695 1732 810 1796 excepta
821 1724 917 1796 (idest,
927 1720 1047 1800 rebusss
1067 1731 1270 1805 aliquantulum
1291 1729 1367 1787 libet.
1392 1729 1492 1787 blitum
1518 1729 1599 1786 valde
1619 1738 1674 1799 est,
1698 1733 1870 1804 quamobrem

204 1818 380 1892 pauperum),
402 1816 450 1874 sed
464 1825 492 1873 et
506 1816 643 1872 abbatiam
667 1815 694 1871 S.
718 1814 831 1884 Auiani,
853 1829 960 1870 necnon
978 1811 1007 1873 S.

203 1908 345 1965 Benedicti
361 1907 390 1963 in
405 1906 544 1979 propriam
561 1905 675 1961 molitur
696 1904 819 1975 redigere
834 1908 1009 1975 potestatem.

204 1995 283 2062 Quod
298 1995 426 2051 monaehi
441 1993 559 2051 coenobii
575 1995 602 2050 S.
619 1993 763 2049 benedicti
777 1998 930 2058 cernentes,
945 2005 1012 2046 eon·

204 2083 268 2139 silio
283 2083 364 2150 inito,
380 2082 577 2139 misericordias
592 2081 704 2139 Domini
724 2082 811 2138 solius
833 2097 861 2137 se
884 2079 1012 2136 commit·

205 2183 306 2244 tentes,
339 2175 529 2231 maturrimam
559 2182 664 2247 partem
693 2190 805 2231 suorum
831 2172 947 2229 fratrum
977 2169 1011 2226 ad

205 2265 1011 2341 praefatumdiriguntcomitemnimiainsanientemtyran·

206 2355 271 2412 uide
284 2373 348 2413 cum
363 2355 525 2429 pignoribus
537 2365 695 2413 sanctorum
712 2374 717 2411 :
734 2354 880 2426 omnigena
899 2351 1011 2424 suppli-

206 2455 299 2504 cantes
311 2462 401 2519 prece,
417 2462 451 2501 ne
466 2453 574 2501 tantum
590 2444 713 2502 incurrat
723 2445 873 2518 piaculum,
888 2458 957 2499 nevae
970 2457 1012 2497 res

207 2554 284 2594 sacro
308 2537 401 2594 ordini
425 2536 561 2610 delegatas
589 2537 621 2594 ad
642 2537 763 2593 nefarios
781 2536 928 2592 transferat
947 2550 1013 2590 usus

208 2625 255 2682 sed
279 2625 366 2697 magis
387 2641 481 2681 servos
504 2626 552 2681 Del
576 2642 618 2683 res
642 2626 694 2682 sibi
716 2642 732 2683 a
755 2625 876 2682 Domino
900 2623 1014 2681 traditas

211 2712 297 2770 libere
313 2713 394 2770 liceat
408 2713 535 2771 ordinare
553 2733 558 2771 :
579 2731 638 2788 qua
653 2715 749 2788 petitio
764 2716 834 2771 nulli
854 2715 927 2788 apud
950 2731 1012 2771 eum

209 2802 307 2857 valuit.
323 2802 448 2873 Coeperat
463 2819 495 2858 eo
511 2802 539 2858 in
554 2811 678 2876 ternpore
691 2804 895 2876 expeditionem
919 2819 1014 2876 parare

208 2889 317 2946 viribus
330 2890 513 2964 undecunque
523 2893 672 2949 contractis
680 2892 825 2949 adversum
836 2894 1013 2950 lantbertum

211 2988 294 3053 atque
308 2979 466 3037 lfatfridum
478 2980 621 3055 sociosque
631 2982 880 3051 eorum,Nenstriae
890 2981 1015 3056 partibus

1064 1822 1163 1877 fratres
1178 1820 1263 1878 nostri
1280 1820 1390 1892 culpam
1406 1818 1435 1874 in
1454 1833 1497 1873 me
1512 1817 1681 1891 redarguant
1696 1818 1826 1892 ignavia,
1841 1839 1870 1881 sc

1065 1911 1088 1967 si
1112 1926 1162 1982 ego
1183 1910 1289 1966 nullam
1313 1907 1471 1966 vexationis
1491 1908 1605 1965 illorum
1628 1924 1730 1966 curam
1751 1909 1868 1983 habeam,

1066 1999 1197 2070 velutque
1213 1996 1337 2068 lethargo
1357 2012 1514 2069 oppressus,
1540 1995 1569 2052 iu
1592 2011 1694 2052 eorum
1709 1999 1870 2058 revelatione

1066 2083 1200 2140 dormiam
1220 2102 1225 2140 :
1246 2082 1319 2156 qood
1334 2090 1468 2155 procerte
1483 2081 1543 2139 lieri
1558 2082 1666 2156 nequit.
1678 2083 1710 2141 si
1721 2084 1871 2160 eoimpra-

1067 2174 1153 2246 ceptis
1173 2173 1373 2246 omnipotentis
1394 2189 1489 2230 curam
1513 2172 1705 2231 adhibueritis
1721 2174 1869 2249 obediendi,

1067 2265 1167 2336 regula
1179 2279 1289 2337 quoque
1304 2278 1352 2336 per
1367 2278 1410 2318 me
1424 2279 1440 2319 a
1454 2265 1511 2320 Dec
1526 2262 1607 2319 vobis
1621 2263 1736 2321 tradita
1750 2265 1866 2324 mandata

1067 2353 1188 2410 exsecuti
1205 2352 1278 2408 haud
1289 2351 1408 2425 segniter
1422 2351 1544 2418 fueritis,
1563 2360 1668 2411 cuncta
1682 2353 1801 2412 adversa
1811 2354 1869 2412 fient

1068 2460 1207 2516 prospera,
1223 2441 1332 2498 inimici
1347 2441 1429 2499 amici
1440 2441 1605 2510 efficientur,
1617 2444 1794 2519 gratiamque
1802 2462 1868 2504 snam

1067 2533 1159 2589 fautor
1174 2531 1300 2588 omnium
1321 2530 1458 2588 bonorum
1473 2531 1503 2588 iu
1519 2531 1600 2588 nullo
1622 2532 1748 2606 negabit.
1768 2537 1808 2592 bs
1827 2534 1869 2594 hac

1069 2638 1134 2678 vero
1149 2639 1209 2695 qua
1225 2638 1302 2678 nune
1317 2629 1357 2678 est
1372 2619 1477 2692 injuria
1489 2627 1591 2689 vestra,
1615 2622 1719 2679 scitote
1740 2623 1799 2697 y'asu
1819 2623 1868 2680 cle-

1068 2713 1235 2769 mentissimi
1251 2710 1543 2772 Conditorisomnium
1553 2715 1724 2794 seutentiam
1735 2715 1867 2788 propitiam

1068 2816 1132 2873 erga
1147 2814 1197 2855 vos
1211 2798 1348 2865 effectam,
1363 2815 1481 2872 eumque
1493 2799 1540 2872 qui
1556 2799 1722 2872 tyrannidis
1736 2798 1867 2859 adversm

1068 2890 1221 2948 Ecclesiam
1236 2888 1351 2962 indigue
1362 2904 1436 2944 arma
1446 2888 1594 2961 corripuit,
1606 2889 1762 2961 septimum
1776 2905 1866 2964 usqua-

1070 2998 1151 3055 quam
1177 2980 1327 3052 transigere
1352 2979 1449 3049 solem,
1474 2978 1562 3036 donec
1581 2977 1670 3051 hujus
1694 2979 1735 3035 rei
1760 2980 1866 3038 incurrat

210 3069 373 3140 residentes,
392 3071 438 3144 qui
455 3071 489 3128 ab
503 3072 668 3146 imperatore
685 3074 719 3131 ad
735 3074 896 3130 {rotharium
911 3072 1014 3130 defece·
1034 3069 1283 3170 Cpoenitudinem.
1305 3069 1409 3125 llabete
1424 3085 1488 3142 ergo
1502 3068 1531 3124 in
1547 3067 1673 3126 Domino
1691 3069 1831 3139 fiduciam,
1847 3080 1867 3128 et

210 3166 272 3216 rant
288 3179 293 3217 :
310 3161 356 3218 cui
369 3160 539 3234 expeditioni
552 3161 671 3234 jusserat
695 3179 804 3237 quoque
825 3161 957 3218 interesse
972 3161 1014 3217 lo·

211 3264 274 3304 nam
293 3250 478 3307 venerabilem
502 3253 659 3326 episcopum
685 3253 910 3310 aurelianensem
926 3251 1016 3308 etBo.

211 3355 306 3396 sonem
327 3341 451 3398 abbatem
475 3341 502 3400 S.
528 3343 681 3413 Benedicti,
705 3359 823 3418 quorum
850 3359 893 3400 res
914 3341 1016 3414 injuste

213 3428 267 3484 sibi
293 3430 493 3488 vindicaverat.
519 3434 626 3490 lnterea
650 3433 802 3490 auxiliares
824 3447 858 3487 ex
881 3429 1016 3505 superiori

211 3518 372 3592 Burgundio
385 3519 420 3576 ad
434 3519 463 3576 id
479 3530 655 3594 properantes
669 3523 784 3591 bellum,
806 3530 952 3594 utramque
974 3519 1017 3575 Li·

212 3609 285 3679 geris
313 3609 402 3681 ripam
428 3618 563 3680 tenentes,
593 3612 697 3685 rapinis
726 3620 826 3670 cuneta
850 3610 1017 3676 vastabant:

213 3711 331 3767 quorum
346 3696 465 3753 vaseula
482 3698 553 3755 lioso
568 3700 651 3756 abbas
666 3699 817 3767 obviando,
834 3697 918 3771 jussit
934 3713 1019 3754 naves

214 3792 309 3857 portus
324 3786 362 3842 ita
377 3796 485 3859 paratas
499 3788 602 3858 adesse,
616 3797 647 3844 ut
662 3790 684 3844 si
702 3789 821 3862 populus
839 3805 874 3844 ex
890 3787 1020 3861 superio-

214 3874 293 3932 ribus
306 3876 459 3933 adventans
474 3876 599 3949 partibus
620 3877 777 3934 citeriorem
797 3878 885 3950 ripam
903 3885 1018 3942 teneret,

214 3973 305 4022 nautas
319 3981 429 4022 omnem
442 3965 587 4038 pecuniam
601 3964 714 4021 familia
741 3966 860 4023 cenobii
879 3967 966 4040 ipsius
989 3970 1017 4025 in

215 4055 365 4128 majoribus
376 4054 584 4128 minoribusque
597 4056 742 4129 pecoribus
756 4074 807 4114 seu·
815 4059 921 4116 cereris
933 4061 1017 4117 mobi-

215 4145 289 4203 libus
303 4144 499 4203 consistentem
510 4145 600 4215 rebus,
613 4147 732 4204 navibus
740 4157 893 4222 exceptam,
908 4166 1017 4206 amnem

1073 3177 1102 3214 rn
1116 3159 1166 3214 illo
1178 3157 1384 3215 confortamini.
1402 3160 1473 3213 Dum
1490 3156 1548 3214 baee
1558 3156 1655 3214 serrior
1670 3157 1865 3217 delectabilibus

1072 3250 1164 3308 ederet
1176 3249 1279 3317 verbis,
1294 3247 1438 3322 presbyter
1451 3247 1551 3322 quibus
1565 3254 1676 3319 poterat
1687 3249 1802 3308 nutibus
1815 3265 1865 3323 pue·

1073 3357 1134 3397 rum
1148 3339 1349 3408 sciscitabatur,
1360 3354 1421 3410 quaa
1433 3345 1503 3394 esset
1518 3345 1601 3394 tante
1614 3339 1808 3397 venerationis
1820 3355 1866 3414 per·

1074 3446 1150 3487 sona.
1167 3430 1217 3487 Cui
1228 3427 1442 3503 puersubmissa
1455 3443 1541 3484 voce:
1556 3425 1609 3483 llic
1618 3436 1674 3497 est,
1690 3427 1794 3504 iuquit,
1805 3430 1868 3486 Pater

1075 3527 1169 3577 noster
1182 3520 1210 3577 S.
1227 3517 1403 3575 benedictus.

1371 3615 1486 3676 CAPUT
1505 3614 1582 3671 XXI.

1263 3706 1362 3764 Odonv's
1377 3706 1544 3776 aliorumque
1558 3703 1697 3762 interitus.

1109 3794 1279 3868 Saepedietus
1293 3795 1386 3868 itaque
1401 3794 1544 3869 presbyter
1558 3809 1622 3851 com
1638 3795 1775 3854 rescisset
1782 3792 1871 3852 mave-

1074 3884 1174 3940 simum
1189 3883 1297 3939 Patrem
1309 3901 1401 3941 secum
1418 3884 1448 3939 in
1463 3883 1525 3939 visu
1536 3883 1675 3957 colloqui,
1685 3881 1872 3959 roepitcunctls

1073 3976 1121 4048 qui
1133 3974 1248 4031 aderaut
1261 3974 1420 4032 videntibus
1431 3973 1571 4032 abeodem
1585 3991 1646 4032 sese
1656 3973 1873 4044 lectulobsacbiia

1073 4065 1192 4122 extentis
1217 4064 1387 4138 protrahere,
1412 4080 1444 4120 ac
1460 4063 1482 4120 si
1508 4062 1624 4136 vestigia
1650 4064 1714 4137 ejus
1729 4078 1874 4140 mameae·

1073 4155 1154 4211 nebat
1168 4162 1304 4211 astantem
1320 4161 1413 4210 tenere
1429 4161 1544 4227 posset:
1567 4154 1713 4228 simulque
1735 4171 1815 4213 voees
1827 4169 1871 4210 cn·

215 4234 286 4290 ultra
303 4233 491 4291 transferrent.
512 4234 540 4292 Si
556 4244 647 4292 autem
670 4236 829 4294 ulteriorem
855 4240 928 4296 viam
951 4256 1018 4313 per·
1068 4244 1178 4317 Jusdam
1194 4245 1343 4302 murmuris
1357 4245 1483 4300 emittere
1499 4243 1608 4312 anxius,
1630 4259 1703 4317 quas
1720 4246 1873 4308 notarem

216 4331 300 4396 geret,
314 4340 393 4380 versa
408 4324 468 4382 vice
483 4323 603 4397 idipsum
619 4342 652 4382 en
667 4327 833 4401 supradietis
845 4338 956 4401 agerent
969 4345 1017 4386 re-
1071 4342 1190 4392 astantes
1204 4333 1358 4405 intelligere
1372 4340 1511 4405 poterant.
1548 4331 1672 4389 Tandem
1684 4335 1879 4408 expergefactus

215 4413 277 4482 bus,
290 4414 493 4470 transvehendo
508 4414 614 4472 seilicet
632 4426 730 4474 cuncta
740 4418 768 4475 in
778 4418 849 4476 hanc
862 4419 935 4475 alvei
949 4437 1018 4492 par·
1072 4425 1124 4484 hae
1136 4425 1254 4496 illaeque
1269 4421 1398 4479 obtutum
1409 4421 1541 4478 vertendo
1570 4421 1747 4495 discurrens,
1775 4421 1876 4500 supplici

215 4512 282 4560 tem.
309 4502 462 4562 Preheitur
487 4503 645 4577 hujusmodi
671 4508 780 4579 negotio
803 4509 1017 4566 llercambaldus
1072 4532 1103 4572 ac
1116 4531 1185 4588 pene
1200 4512 1373 4587 lacrymabili
1387 4527 1455 4570 voce
1467 4513 1550 4569 semel
1565 4519 1593 4569 et
1605 4511 1651 4570 bis
1666 4514 1825 4589 ingeminat
1838 4512 1877 4570 di·

215 4592 357 4666 presbyter
371 4593 450 4650 bona
465 4594 530 4651 vitae
541 4602 568 4652 et
583 4596 715 4665 nominis,
730 4597 777 4671 qui
802 4597 830 4653 in
855 4597 908 4655 hoe
922 4600 1018 4657 eodem

215 4680 342 4738 coenobio
357 4681 443 4736 vitam
458 4684 549 4738 tenuit
564 4685 818 4758 regularem,eaque
830 4703 891 4759 quae
899 4687 1019 4746 seribere

217 4768 357 4840 proposui,
366 4769 431 4824 viva
441 4786 509 4827 vcee
519 4771 570 4827 sub
582 4773 757 4830 attestatione
768 4775 902 4845 veritatis,
911 4778 1019 4834 cunetis

217 4854 398 4928 profitebatur
427 4857 582 4914 certissimo
609 4876 637 4916 se
663 4862 825 4933 cognovisse
848 4864 921 4920 visu.
946 4867 1018 4921 Dum

216 4945 291 5000 enim
315 4960 363 5017 per
386 4944 509 5001 triduum
532 4946 664 5018 profectio
689 4948 850 5021 perduraret
870 4953 1017 5023 exercilus,

216 5042 294 5099 labor
308 5057 362 5098 non
378 5040 467 5098 dicam
483 5050 640 5112 nautarum,
653 5061 749 5101 verum
764 5046 885 5118 ipsorum
897 5050 1019 5106 exerevit

216 5133 320 5190 nimius
333 5133 506 5203 animalium,
529 5134 650 5209 itemque
669 5154 704 5194 er
726 5138 871 5211 pervigilio
887 5141 1018 5199 lassitudo

1074 4620 1160 4662 cens:
1189 4604 1325 4672 Quorsum
1349 4601 1486 4659 Dominus
1509 4617 1587 4660 meus
1609 4603 1639 4660 S.
1661 4603 1694 4661 P.
1720 4603 1877 4663 &sedimus

1073 4697 1356 4770 abiithognitcrem
1382 4695 1509 4753 omnium
1534 4695 1714 4754 occultorum
1738 4695 1877 4755 bonoim

1074 4796 1168 4857 testor,
1179 4786 1260 4843 modo
1273 4786 1318 4843 hic
1328 4803 1391 4844 eum
1407 4786 1436 4843 iu
1452 4787 1543 4860 speeie
1553 4802 1718 4860 corporeas
1729 4786 1877 4852 mouban,

1073 4873 1197 4945 mihique
1213 4872 1346 4928 loentum.
1362 4873 1417 4929 Neo
1433 4889 1518 4941 mora,
1537 4872 1598 4945 ipse
1612 4888 1728 4948 quoque
1742 4872 1876 4948 presbyter

1075 4962 1269 5018 monasterium
1286 4962 1409 5030 veniens,
1426 4960 1553 5017 Patribus
1572 4960 1700 5034 ejusdem
1716 4963 1772 5021 loci
1786 4968 1876 5020 conco

1074 5072 1133 5129 quas
1144 5054 1206 5110 visu
1215 5059 1390 5125 cognoverat,
1404 5048 1638 5123 monitadenique
1652 5050 1776 5122 piissimi
1786 5049 1874 5116 Patris,

1074 5160 1181 5203 necnon
1193 5142 1416 5200 adhortationem
1431 5138 1491 5213 ejus
1506 5138 1600 5197 sedule
1614 5141 1716 5200 refert.
1731 5142 1792 5213 Qua
1810 5140 1876 5199 relt-

216 5228 374 5301 prevalida.
391 5229 489 5286 Fessus
503 5229 713 5286 continuatione
725 5229 885 5302 vigiliarum
900 5231 1019 5305 presby-

215 5321 267 5384 ter,
281 5317 354 5377 circa
375 5320 568 5393 crepusculum
591 5318 679 5376 tertie
700 5318 790 5377 noetis
812 5319 925 5377 domum
950 5338 1019 5394 pro-

1073 5232 1150 5294 lione
1160 5236 1249 5293 moesti
1263 5234 1376 5291 relevati
1390 5233 1499 5302 fratres,
1515 5241 1602 5290 semet
1612 5233 1740 5293 invicem
1753 5233 1790 5293 ad
1801 5245 1876 5308 εμ-

1074 5328 1122 5384 rlas
1140 5328 1197 5385 Deo
1220 5326 1320 5400 gratias
1343 5323 1536 5395 hortabantur,
1558 5324 1606 5400 qui
1629 5324 1742 5384 anxilio
1764 5324 1877 5384 desertos

217 5419 304 5480 perat,
319 5421 399 5487 atque
415 5415 445 5472 in
457 5415 591 5473 stramine
604 5415 748 5489 cujusdam
764 5416 828 5474 lecti
848 5417 1022 5490 impatientia
1075 5418 1206 5486 hurnanc,
1217 5415 1299 5473 solito
1308 5414 1435 5471 tuebatur
1443 5413 1743 5475 muniminarlscoum
1762 5412 1877 5491 prouisa

217 5496 308 5553 victus
322 5503 411 5559 somni
421 5520 449 5560 se
464 5505 586 5579 proji0it,
599 5523 718 5578 moxque
729 5516 759 5564 ut
772 5508 915 5582 quippiam
929 5507 1023 5565 somni
1074 5526 1186 5567 cursum
1208 5508 1387 5582 expleverant
1404 5508 1486 5577 soles,
1507 5513 1535 5564 et
1548 5521 1612 5565 ecee
1627 5522 1663 5564 ex
1676 5506 1739 5567 acie
1759 5499 1877 5566 cabensi

217 5595 313 5658 “altere
328 5591 427 5660 potuit,
445 5595 582 5667 conspicit
597 5597 625 5653 in
643 5597 705 5652 visu
723 5604 858 5652 astantem
880 5597 932 5654 sibi
954 5613 1021 5670 per·
1075 5596 1186 5670 quidam
1202 5597 1318 5659 clericus
1331 5596 1396 5670 fuga
1412 5597 1514 5669 lapsus,
1530 5595 1576 5654 eui
1596 5611 1703 5653 nomen
1727 5589 1877 5658 domama
