3834 6136
140 215 200 274 785

670 216 990 278 MARVVRDLOGIUM.
1009 251 1045 262 -
1062 221 1167 280 MENS.
1188 223 1268 281 DEC.

1748 230 1801 290 tea

139 341 187 400 nis
203 339 311 411 accepti
327 348 392 396 sunt
408 357 415 406 ;
431 337 716 396 videibi.1uultima
737 341 949 401 annuntiatione
963 348 988 406 Α
1002 345 1068 413 sini,
1084 346 1222 419 Porphirii
1238 355 1265 403 et
1275 347 1379 404 Urbani
1394 357 1579 421 martyrum.»
1609 352 1741 425 Sequitur
1765 354 1799 412 de

139 413 211 472 satis
227 428 314 485 purus
324 420 376 467 est.

178 485 364 541 Haceaoxnx.
383 481 438 538 buc
458 482 600 538 transtulit
614 482 820 555 Eutychianum
837 503 945 560 papam,

140 557 176 614 de
187 573 244 630 quo
258 555 305 611 die
320 552 487 626 praecedenti
502 553 569 609 satis
581 554 687 610 dictum
708 563 758 612 est.
772 557 861 614 Tum:
881 584 890 606 ι
914 561 946 616 ln

139 630 258 687 civitate
274 626 370 698 Papia,
386 623 477 680 natale
492 626 581 681 sancti
596 625 671 697 Syri,
688 625 810 698 ejusdem
822 629 946 688 civitatis

139 698 276 775 episcopi,
293 713 398 770 magnae
412 696 567 754 sanctitatis
577 697 663 752 viri.»
679 696 714 753 Ut
723 698 768 754 die
780 702 944 771 precedenti

139 783 166 830 et
180 772 229 828 hic
240 770 342 842 sepius
361 769 498 835 recurrit;
519 767 576 839 jain
601 767 661 824 dixi
675 767 710 824 de
722 786 755 825 ea
776 779 868 828 actum
884 789 945 829 xxii

139 841 327 916 Septembris.
350 839 484 912 Sequitur
506 839 651 907 Leocadia‚
667 855 723 895 nan
745 843 861 898 omnino
876 860 944 916 pure

137 917 237 972 relata.
269 912 362 969 Dein:
390 934 400 958 ι
424 913 456 966 ln
481 910 587 979 Africa,
610 918 768 967 sanctarum
790 921 943 986 martyrum

139 985 226 1054 Petri,
242 983 379 1050 Successi,
396 982 517 1050 Passini,
534 981 675 1054 Porphirii
690 992 717 1039 et
739 983 879 1041 Urbani.»
911 987 942 1042 lu

138 1059 159 1116 C
199 1058 281 1113 riano
296 1054 380 1111 etiam
395 1053 502 1126 aliquid
531 1052 708 1108 immutatum
723 1061 774 1110 est.
791 1054 940 1128 Sequitur:

144 1153 154 1177 s
186 1145 205 1184 n
220 1144 290 1201 pago
305 1124 477 1192 vimacensi,
492 1124 584 1204 natale
591 1125 679 1182 sancti
691 1125 822 1183 Walerici
827 1129 941 1253 presby-

137 1203 189 1258 teri
205 1208 233 1256 et
245 1197 424 1256 confessoris.
440 1221 449 1243 ·
472 1194 542 1252 Vide
557 1212 599 1251 xii
615 1196 783 1252 Decembris.
807 1221 816 1242 ‹
840 1205 894 1254 tem
910 1216 941 1255 iu

137 1271 324 1337 iherusalem,
343 1268 476 1323 nativitas
493 1267 581 1322 sancti
605 1266 743 1335 loacbim,
760 1268 845 1339 patris
872 1286 942 1325 san-

136 1351 186 1400 ctae
210 1342 260 1399 Dei
288 1338 436 1413 genetricis
462 1337 588 1409 Virginis
615 1338 717 1393 Mariae.
741 1339 772 1394 ln
800 1341 940 1397 territorio

134 1412 335 1470 Lemonacensi
365 1409 432 1492 [lege
455 1409 661 1483 Lemovicensi]
691 1419 793 1465 sauctae
818 1412 939 1469 valerie

136 1484 288 1557 virginis.»
308 1484 358 1538 Est
373 1498 402 1537 m
423 1482 558 1549 Romano,
585 1481 633 1537 sed
647 1480 712 1537 vide
726 1483 852 1538 notulam
868 1484 939 1542 Cas-

139 1557 334 1689 teliliadltiicmcr.
349 1641 414 1681 cum
431 1624 526 1679 multis
537 1622 601 1678 aliis
611 1622 755 1679 codicibus
771 1624 871 1682 scribit
884 1627 938 1682 Du·

1001 416 1151 489 Cypriane,
1167 419 1319 491 satispure.
1336 420 1405 474 Tum
1421 439 1426 475 :
1451 421 1579 477 «Eadem
1594 423 1649 491 die,
1666 427 1799 484 memoria

999 487 1072 571 beati
1087 489 1213 546 loacbim
1229 490 1402 562 patriarchas,
1417 492 1504 563 patris
1528 493 1654 563 gloriose
1679 497 1798 569 virginis

1000 559 1103 617 Mariae.
1118 561 1254 631 Treveris,
1270 570 1371 618 sanetae
1391 563 1543 620 Anastasia
1559 565 1686 637 virginis.
1698 568 1729 622 ln
1741 568 1799 624 Su-

999 641 1069 700 sam,
1096 632 1232 689 adventas
1267 634 1355 690 sancti
1384 634 1503 691 Patrocli
1533 637 1696 709 martyris.»
1726 638 1798 696 Vide

1000 703 1167 760 Gnisvisnaii.

1035 774 1131 830 Datis.
1158 776 1188 830 in
1212 775 1301 847 prima
1332 777 1454 833 editione
1478 779 1569 835 textui
1585 778 1737 850 adjicit:‹
1765 782 1797 837 lu

999 843 1105 910 Africa,
1114 853 1273 902 sanctorum
1288 848 1372 916 Petri,
1388 849 1523 915 Successi,
1537 850 1670 907 bassiani.
1692 852 1798 908 Eadem

997 914 1208 997 die,·beatiSiri
1225 919 1365 990 Papiensis
1388 920 1520 994 episcopi.
1541 947 1550 969 ι
1573 922 1667 979 Altera
1695 939 1797 995 super-

997 987 1097 1114 additt:
1134 989 1337 1060 «Lemovices,
1376 1000 1476 1048 sanctae
1512 993 1628 1050 Valeriae
1663 993 1735 1066 virg.
1769 1001 1797 1050 et

997 1074 1056 1114 mar
1072 1085 1103 1115 ,ι

1033 1130 1181 1212 Uerrem:
1201 1133 1349 1190 ‹loachim
1369 1134 1543 1206 patriarcha,
1561 1137 1647 1208 patris
1668 1136 1795 1210 gloriosas

996 1201 1045 1256 Dei
1074 1204 1200 1259 enitricis
1211 1205 1315 1274 Marias,
1334 1205 1381 1261 hic
1399 1207 1522 1263 solennis
1539 1215 1665 1263 servatur
1684 1223 1795 1264 memo-

996 1272 1046 1326 ria.
1086 1276 1217 1330 ranslatio
1232 1277 1318 1332 sancti
1333 1275 1521 1333 bartholomei
1537 1278 1654 1349 apostoli
1670 1295 1686 1334 a
1709 1279 1794 1335 Bene·

996 1351 1080 1424 vento
1093 1346 1215 1401 llamam.
1233 1349 1263 1402 ln
1286 1348 1391 1412 Africa,
1409 1357 1567 1404 sanctorum
1591 1349 1714 1406 Successi
1730 1349 1795 1422 epi-

994 1416 1298 1495 scopi‚Pelri,Dasini,
1324 1418 1476 1490 Porphirii,
1508 1419 1622 1487 Urbani,
1658 1420 1793 1485 Victoris,

995 1485 1130 1542 Donilacii
1157 1496 1184 1543 el
1210 1490 1327 1544 aliorum
1359 1489 1452 1545 decem
1477 1499 1504 1546 el
1528 1500 1599 1547 octa.
1624 1490 1793 1560 Antiochiae,

994 1565 1150 1638 sanctorum
1168 1558 1304 1628 Gerantii,
1321 1562 1610 1634 Poleiitiae,Sylvanae,
1627 1562 1792 1630 Valentinae,

994 1628 1096 1684 Felicis
1111 1637 1138 1684 et
1149 1631 1300 1687 Euticiani.
1315 1632 1442 1697 Veronae,
1468 1634 1558 1690 sancti
1583 1634 1706 1698 Proculi,
1721 1633 1793 1704 ejus·

137 1699 276 1769 tiaaapro
291 1697 420 1752 Daciam.
447 1696 476 1750 ln
498 1696 575 1749 ane:
601 1694 704 1766 «Apud
730 1694 869 1763 Vicinum,
893 1697 1054 1759 dalidam
1084 1700 1209 1756 civitatis
1236 1703 1356 1783 episcopi
1381 1712 1472 1775 quart,
1497 1711 1525 1759 et
1543 1705 1710 1761 contessoris
1740 1703 1793 1771 Qui

133 1769 240 1841 positia
257 1767 345 1824 sancti
360 1766 424 1838 Syri
448 1766 571 1838 episcopi
587 1772 615 1820 et
640 1766 842 1822 confessoris»
867 1768 937 1824 Vide

132 1841 211 1897 dicta
227 1839 262 1895 ad
279 1840 458 1895 llscuxoiex.

171 1910 317 1967 Virronis.
347 1912 456 1966 etllire.
485 1908 567 1965 Susa.
593 1907 716 1979 signatus
753 1925 830 1966 num.
861 1911 934 1968 130:

141 2007 151 2031 ι
171 1982 277 2038 Eodem
292 1982 349 2048 die,
363 1980 450 2037 sancti
466 1980 529 2052 Syri
545 1978 676 2051 episcopi.
693 2005 702 2027 »

168 2048 616 2110 Uareia.Uarrus-Uarianam.
638 2060 713 2107 caret
729 2057 788 2105 toto
799 2051 936 2110 hodierno

132 2133 225 2192 textu,
241 2125 409 2181 hancsolam
425 2122 667 2177 annuntiationem
691 2123 830 2179 referens:
855 2126 937 2180 «Hu-

132 2196 410 2252 chariiTreverensis
422 2194 555 2265 episcopi.
575 2219 584 2239 ·
607 2193 677 2247 Vide
693 2194 726 2249 de
737 2193 789 2248 hoc
805 2197 936 2252 hectaria

131 2267 189 2323 diei
206 2267 396 2340 praecedentis.

169 2339 237 2394 llas.
252 2339 332 2394 Sanc.
350 2338 401 2392 suh
416 2353 493 2391 num.
510 2335 579 2391 428:
599 2361 608 2382 ι
624 2336 727 2390 Eadem
740 2336 794 2399 ilie,
809 2339 936 2405 exceptio

132 2425 281 2480 corporum
296 2411 440 2465 beatorum
451 2408 604 2463 Sebastiani
619 2414 646 2461 et
668 2423 744 2478 papie
760 2408 898 2479 Gregorii.
919 2434 927 2456 ·

170 2480 267 2538 Caunii
282 2482 315 2536 D.
339 2498 375 2536 au
403 2480 528 2537 Caevii.
551 2479 675 2547 signatus
692 2480 729 2534 tt:
753 2480 803 2533 «ln
827 2479 934 2548 Africa,

132 2559 292 2610 sauctorum
324 2551 409 2619 Petri,
430 2549 551 2616 Dassini,
572 2544 720 2675 Porphyrii
746 2557 773 2604 et
790 2549 902 2605 Urbani.
919 2576 927 2597 ι

133 2624 303 2682 Conveniret
324 2640 388 2680 cum
408 2621 553 2679 codicibus
578 2636 620 2675 me
643 2621 675 2676 iae
700 2628 781 2688 notae,
798 2629 863 2687 etc,
880 2621 935 2678 nisi

132 2695 241 2753 deesset
256 2711 357 2752 nomen
373 2693 499 2752 Successi.

164 2767 196 2822 lii
217 2766 473 2839 ericin.signato
488 2779 566 2819 num.
587 2763 658 2820 sata
680 2761 811 2834 adjicitur
829 2764 933 2820 textui:

140 2857 150 2881 ι
173 2839 210 2894 Et
228 2839 319 2895 sancti
344 2836 464 2894 Zenonis
489 2835 695 2893 confessoris.»
720 2834 789 2891 Vide
811 2834 885 2890 dicta
901 2835 935 2892 ad

132 2903 209 2964 diem
225 2909 437 2981 praecedentem.

169 2981 343 3036 Hionrarm.
358 2981 389 3035 in
402 2979 457 3036 line
468 2998 474 3036 ε
485 2978 586 3051 «Apud
595 2978 724 3034 Ticinum
735 2978 794 3034 sive
809 2978 933 3049 Papiam,

133 3051 227 3107 sancti
236 3051 301 3122 Syri
317 3051 408 3122 episco
428 3051 477 3107 iet
488 3050 685 3108 confessoris·

171 3121 273 3177 Editio
289 3068 468 3180 Lusita-Eoi.
487 3124 536 3181 :ln
566 3121 700 3179 Leucadia
723 3122 866 3178 interserit
880 3137 937 3176 na-

135 3192 217 3248 mina
226 3198 406 3264 tyrannorum
420 3194 581 3252 Diocletiani
590 3201 614 3250 et
623 3194 794 3251 Maximiani.
811 3191 937 3249 Secundo

134 3264 220 3320 loco:
244 3264 417 3334 «iudaice,
442 3276 602 3325 sanctorum
626 3266 710 3335 Petri,
727 3265 865 3332 Successi,
883 3264 938 3318 Ba·

993 1776 1116 1839 tempore
1132 1772 1277 1828 Maximini
1309 1775 1493 1844 iiiiparatoris,
1526 1776 1652 1847 martyrii
1675 1776 1793 1848 flagrans

992 1840 1141 1908 desiderio,
1152 1851 1256 1924 ¹sponte
1266 1860 1294 1899 se
1309 1845 1460 1914 gentilibus
1475 1847 1602 1908 offerens,
1616 1847 1650 1901 ab
1665 1848 1793 1901 cistam-

992 1926 1073 1982 quam
1102 1912 1208 1993 delirus
1235 1931 1330 1981 senex,
1354 1916 1478 2040 colaphis
1504 1924 1531 1971 et
1547 1917 1667 1972 lustibas
1695 1933 1792 1985 caesus,

992 1991 1070 2063 extra
1084 1992 1226 2039 civitatem
1241 1988 1345 2055 pulsus,
1363 1995 1408 2042 tan
1431 2003 1472 2040 em
1489 1988 1575 2058 signis
1596 1997 1624 2042 et
1642 1987 1793 2043 virtutibus

991 2055 1115 2125 inclytas
1128 2056 1235 2127 quievit
1247 2057 1274 2110 in
1292 2072 1386 2126 pace·
1410 2057 1480 2111 Vide
1495 2073 1555 2129 quae
1574 2057 1608 2112 de
1623 2058 1707 2112 iuriis
1721 2059 1793 2113 Pro-

991 2125 1197 2182 culisiliximus
1224 2127 1250 2181 in
1269 2127 1517 2184 observationibus
1533 2148 1540 2183 i
1563 2130 1731 2184 Decembris.
1748 2129 1792 2184 Se·

991 2196 1104 2267 quitur:
1128 2199 1181 2250 ‹ln
1203 2199 1301 2252 Susam
1326 2200 1427 2270 aqipivlo
1456 2201 1582 2254 ‹limorsis
1606 2201 1790 2265 cotoniensis,

991 2266 1126 2321 adventus
1138 2272 1223 2322 sancti
1239 2271 1353 2323 l'ainieli
1372 2273 1538 2325 martvrisa
1554 2271 1792 2326 'lracassinaciri

991 2346 1055 2403 tate,
1079 2355 1124 2409 per
1152 2343 1401 2394 sanctunirnioria·
1416 2343 1569 2394 llriiiiaiiam
1598 2343 1791 2397 tluilaiiieiiseiii

991 2409 1228 2481 archiepiscopum
1248 2413 1313 2466 illuc
1342 2413 1477 2467 traiislati.
1495 2414 1619 2466 lli-sarim
1634 2413 1751 2482 virginis
1765 2418 1793 2466 et

991 2482 1153 2550 martyris.»
1178 2481 1246 2535 Vide
1262 2482 1336 2536 dicta
1358 2483 1403 2536 die
1419 2482 1594 2553 praecedenti.
1617 2508 1625 2528 ‹
1653 2482 1790 2549 Treveris,

990 2559 1090 2606 sancte
1105 2553 1254 2607 Anastasia
1270 2553 1410 2623 virginis·

1026 2621 1135 2677 nativ.
1149 2642 1154 2678 :
1175 2649 1184 2669 «
1199 2624 1229 2678 lii
1244 2623 1376 2695 Aphrica,
1388 2632 1549 2681 sauctorum
1561 2625 1645 2690 Petri,
1656 2623 1792 2690 Successi,

991 2692 1125 2748 bassiani.
1168 2694 1271 2750 Eodem
1297 2695 1351 2761 die,
1376 2696 1447 2751 beati
1471 2696 1534 2767 Syri
1567 2695 1709 2767 Papiensis
1733 2695 1792 2775 epi·

991 2764 1076 2835 scopi.
1101 2790 1111 2812 ι
1147 2765 1296 2838 Utramque
1322 2766 1469 2837 descripsit
1492 2783 1527 2820 ex
1553 2767 1649 2821 Baiis.
1676 2765 1791 2891 Pergit:

998 2859 1007 2883 ι
1026 2835 1102 2890 Jotro
1118 2839 1294 2903 monasterio,
1307 2845 1407 2893 sanctae
1418 2837 1508 2892 Daldae
1524 2836 1679 2891 abbatisse.
1695 2860 1704 2880 ·
1750 2835 1794 2891 ide

990 2905 1188 2962 Castollanum.
1213 2907 1405 2974 «Lemovices,
1428 2915 1529 2963 sanctae
1545 2907 1662 2962 Valeria
1676 2906 1794 2977 virginis

990 2977 1169 3050 etmartyris.
1187 3003 1195 3024 ι
1217 2979 1252 3033 itt
1268 2979 1343 3050 typis
1359 2978 1532 3035 minorihus:
1551 2980 1615 3034 «De
1630 2995 1684 3051 qua
1697 2977 1795 3034 scribit

951 3056 973 3116 (ζ
992 3049 1127 3105 Martialis
1137 3050 1254 3121 epistola
1267 3050 1283 3106 2
1296 3051 1331 3106 ad
1345 3052 1495 3107 Tolosanos
1509 3066 1568 3121 cap.
1579 3050 1606 3104 8.
1618 3074 1627 3096 ι
1650 3049 1795 3104 Editianes

991 3122 1159 3247 Baetasiores
1169 3121 1263 3201 eadem
1280 3137 1393 3209 prorsas
1406 3122 1509 3177 habent
1524 3121 1558 3175 de
1568 3119 1795 3200 tribasmartyri·

1012 3209 1044 3247 us
1063 3192 1213 3259 Africanis,
1230 3191 1264 3247 de
1281 3196 1352 3263 Syro
1366 3199 1393 3247 et
1406 3191 1507 3256 Dalda,
1524 3191 1558 3246 de
1581 3190 1693 3246 Valeria
1711 3190 1794 3258 nihil,

992 3262 1039 3318 sed
1054 3263 1186 3318 translata
1199 3262 1245 3319 hic
1259 3270 1300 3318 est
1314 3262 1349 3318 ad
1361 3263 1435 3318 diem
1446 3268 1617 3335 sequentem.
1819 3285 1820 3288 ¹

866 3434 1074 3446 μ-

132 3482 170 3540 IV
186 3482 254 3538 iaus
1682 3475 1733 3531 Die
1746 3475 1793 3532 itt.

168 3579 251 3652 Apud
265 3580 408 3637 civitatem
422 3580 636 3653 Hispalitauam,
652 3587 812 3637 sanctorum
827 3585 982 3652 martyrum
993 3575 1137 3649 Carpoiori
1153 3573 1297 3647 presbiteri
1319 3581 1347 3630 et
1362 3572 1487 3630 Abandii
1504 3572 1626 3642 diaconi,
1644 3573 1693 3648 qui
1702 3589 1791 3648 parse-

132 3670 245 3727 cutione
254 3668 422 3726 Diocletiani
434 3670 524 3743 primo
539 3670 660 3728 fustibus
669 3671 850 3728 cmdelissme
859 3670 924 3727 cast
938 3668 1040 3726 deinde
1055 3668 1083 3724 in
1094 3682 1231 3725 carcerem
1244 3673 1343 3738 negato
1354 3664 1417 3722 cibo
1431 3672 1459 3720 et
1475 3674 1542 3738 potu
1557 3664 1669 3734 retrusi,
1681 3680 1792 3721 rursum

131 3758 251 3832 equuleo
265 3759 343 3827 lorti,
360 3768 387 3815 et
403 3769 463 3831 past
479 3760 537 3816 brec
547 3759 596 3815 diu
611 3775 719 3818 carcere
734 3757 876 3824 macerati,
893 3756 1045 3814 novissime
1055 3757 1147 3829 gladio
1158 3755 1280 3829 percussi
1295 3757 1417 3811 suntin
1432 3754 1565 3827 Hispania
1575 3754 1689 3812 civitate
1702 3755 1792 3810 Eme-

132 3847 197 3917 rita,
208 3849 299 3922 passio
316 3858 417 3906 sanctae
428 3850 545 3906 Eulalia
563 3850 691 3922 virginis,
706 3865 767 3922 quae
781 3865 844 3905 cuin
860 3857 932 3905 esset
946 3862 1085 3905 annorum
1098 3845 1243 3914 tredecim,
1264 3862 1314 3918 pro
1328 3845 1501 3901 confessione
1511 3844 1626 3911 Christi,
1640 3842 1719 3916 jussa
1731 3845 1792 3899 Da-

132 3938 209 3994 ciani
221 3939 359 4012 praesidis,
374 3942 495 4012 plurima
509 3948 784 4012 tormentaperpessa
793 3943 844 4006 est,
862 3937 1052 3994 novissimein
1062 3938 1181 4010 equuleo
1195 3953 1328 4010 suspensa
1337 3943 1365 3992 et
1378 3936 1561 4008 exungulata,
1577 3934 1676 3989 iaculis
1686 3931 1792 3988 arden-

131 4027 209 4084 tibus
223 4045 258 4085 ex
272 4038 391 4102 utroque
401 4030 485 4086 latere
498 4029 641 4101 appositis,
658 4028 758 4084 hausto
771 4027 834 4100 igne
843 4027 974 4099 spiritum
987 4024 1119 4081 reddidit.
1139 4025 1243 4081 Eodem
1254 4023 1300 4079 die
1315 4022 1388 4095 apud
1404 4023 1544 4094 praefatam
1561 4019 1668 4088 urbem,
1691 4026 1791 4075 sanctae

130 4114 212 4172 iuliae
227 4117 369 4189 martyris,
383 4133 443 4190 quai
458 4117 513 4174 luit
530 4116 730 4188 convirginalis
741 4124 843 4172 sancte
858 4114 976 4171 Eulalia
989 4124 1016 4171 et
1028 4129 1125 4171 comes
1138 4113 1291 4168 individua
1304 4111 1339 4167 ad
1354 4112 1510 4182 passionem
1525 4109 1694 4181 properanti.

911 4243 1030 4300 NDTAE.

169 4341 296 4398 Sumilur
309 4358 345 4399 cx
359 4345 481 4410 Protea,
496 4343 646 4408 Hermian„
661 4342 894 4413 Actaeam-Mai„
910 4343 1040 4410 Antaerp.
1056 4347 1084 4394 et
1094 4338 1291 4404 Mae-Labeo,
1315 4336 1461 4402 Munerat„
1481 4334 1592 4400 Greaea,
1608 4340 1635 4388 et
1649 4333 1753 4390 llalaa.

748 4463 951 4522 VAllthTES
969 4459 1177 4520 LECTIDNES.

172 4569 314 4640 Pracipua
334 4574 361 4623 at
381 4566 532 4623 notabilior
552 4573 678 4622 versatur
696 4563 852 4619 innomine
868 4562 932 4630 laci,
948 4564 972 4623 D
987 4560 1149 4616 Daranissa
1160 4555 1330 4612 nominando
1345 4554 1406 4609 loco
1420 4550 1557 4609 abstinuit
1570 4571 1577 4619 ;
1603 4567 1658 4608 non
1673 4549 1790 4607 dubita-

131 4640 184 4697 ubi
197 4637 392 4712 Carpophorus
406 4645 433 4694 et
447 4636 594 4693 Abundius
614 4636 685 4708 passi
700 4633 815 4702 fuerint,
852 4650 934 4688 uem-

132 4713 353 4785 quellamanum
379 4725 494 4780 parvum
518 4710 591 4765 clare
616 4706 771 4764 nominavit
787 4651 932 4777 epilam,

132 4782 190 4838 nisi
204 4782 277 4838 iorte
290 4781 483 4838 correctricem
495 4796 606 4836 manum
622 4778 782 4834 adhibuerit
796 4778 934 4847 lloswey-

132 4853 241 4911 dua.1n
255 4852 436 4908 Adonecerto
452 4851 586 4923 scripturn
601 4858 642 4906 est
651 4850 725 4920 apud
738 4850 934 4921 Hispalilaaam

131 4925 275 4980 ciuitatem.
293 4923 409 4979 Variant
423 4923 532 4979 codices
542 4921 779 4989 Usuardini,inter
794 4921 932 4993 quosPra·

131 5003 194 5052 ten.
209 4995 335 5050 etBelin.
352 4995 453 5051 diserte
464 4996 558 5066 legunt
574 4994 754 5064 spoletanam:
770 4994 935 5063 Antuerpet

132 5065 338 5132 llam-Labeo,
347 5066 513 5137 Spatitanam
526 5063 820 5135 ;Haswey.etllalan.,
831 5063 934 5132 Hispa-

133 5136 250 5194 litaaam
263 5155 273 5197 .·
287 5137 388 5210 reliqui
401 5137 504 5209 passim
519 5136 716 5218 Hispalimnam
733 5149 797 5189 cum
810 5134 935 5200 ildonea

131 5206 358 5282 quaUsuardum
375 5208 518 5265 recessisse
542 5207 614 5262 nihil
629 5204 758 5277 estquod
786 5204 853 5259 satis
875 5219 934 5274 per·

132 5279 261 5336 suadeat.
276 5279 313 5335 At
327 5279 375 5336 ubi
387 5279 500 5336 demum
512 5284 651 5361 quaeretur
667 5276 767 5332 civitas
781 5275 830 5356 illa
840 5275 934 5345 Hispa-

132 5350 223 5408 litmia
233 5350 308 5408 illic
317 5350 457 5407 nodusest
467 5368 474 5417 ;
484 5347 735 5407 cursolvendonon
750 5353 813 5416 apte
823 5361 852 5400 in
863 5345 936 5401 Dede

131 5421 313 5479 Plautiniana
327 5421 462 5494 ingeritur
476 5421 597 5492 Hispalis
611 5419 729 5486 Baeticae,
746 5417 779 5473 ad
795 5432 875 5488 quam
887 5416 937 5472 hos

131 5500 276 5567 martyres
290 5493 429 5565 pertinere
452 5493 566 5558 frustra,
590 5490 620 5547 ni
645 5490 737 5556 fallor,
752 5486 936 5553 contendunt,

131 5564 229 5639 quiex
238 5564 422 5636 quantumvis
434 5563 491 5621 levi
500 5563 624 5620 nominis
631 5560 815 5618 similitudine
828 5566 937 5614 sanetas

204 5633 315 5695 tiberin
329 5635 379 5692 His
414 5634 489 5691 niam
505 5633 689 5707 undequaque
702 5632 792 5686 solent
805 5637 937 5684 transve-

130 5650 212 5765 κ.
227 5703 377 5779 SiCarpap
398 5721 464 5763 orus
481 5707 585 5789 aliquis
600 5702 771 5776 Hispalensis
790 5700 937 5826 episcaflus

130 5774 367 5848 leitmeuostra
375 5774 664 5836 distinctissimaseet.
675 5772 870 5845 scrupulosior
906 5787 932 5826 ic

110 6060 154 6085 A

988 4649 1045 4689 rem
1061 4648 1111 4703 ega
1126 4630 1260 4700 Spalatum
1284 4627 1395 4698 eligere,
1412 4626 1456 4681 vel
1480 4625 1577 4679 saltem
1593 4622 1653 4695 ejus
1672 4622 1790 4704 territa-

988 4704 1071 4769 rium,
1083 4718 1138 4774 qaa
1148 4702 1204 4756 fere
1224 4698 1322 4755 recidit
1337 4698 1434 4753 notula
1447 4695 1607 4764 Castellani,
1623 4704 1654 4752 ut
1667 4695 1791 4750 locassit

989 4775 1140 4840 Seramisa,
1157 4771 1229 4845 apud
1242 4768 1638 4842 Fulginium,interSpoletuni
1649 4774 1677 4824 et
1688 4766 1788 4838 Spella,

989 4846 1085 4902 Latine
1098 4845 1257 4915 Hispellum,
1275 4841 1347 4898 unda
1361 4841 1395 4897 ad
1415 4839 1589 4896 formandam
1599 4839 1730 4894 civitatem
1742 4836 1790 4892 Hi·

988 4919 1151 4989 spolitanum
1175 4914 1326 4971 lacillimus
1340 4920 1381 4968 est
1396 4928 1567 4994 progressas.
1585 4913 1623 4966 De
1640 4907 1787 4988 speulffil

988 4990 1107 5060 Hispallo
1122 4989 1203 5043 aliter
1219 4985 1313 5040 batiae
1329 4983 1447 5051 reddito,
1465 4984 1571 5055 egimus
1585 4979 1743 5060 xviiitblaii
1759 4992 1789 5031 in

988 5061 1016 5117 S.
1033 5060 1133 5126 Felice,
1147 5059 1180 5114 de
1194 5074 1249 5129 quo
1264 5055 1327 5112 vide
1339 5057 1368 5110 in
1384 5055 1546 5111 Aetistomo
1557 5053 1593 5107 lV
1608 5050 1683 5116 blau,
1694 5047 1789 5120 piat.

989 5132 1017 5187 Si
1039 5131 1101 5212 qais
1113 5129 1228 5184 meliora
1243 5126 1394 5193 invenerit,
1406 5127 1480 5180 ultro
1495 5119 1791 5201 amplectemurPlnra

988 5202 1066 5258 dabit
1079 5200 1233 5270 laiiningiis
1244 5200 1272 5253 in
1288 5198 1372 5253 citata
1386 5213 1442 5250 nan
1471 5195 1555 5250 semel
1583 5191 1788 5258 dissertatione,

989 5289 1039 5329 suo
1056 5274 1116 5327 laco
1147 5269 1371 5325 ublicanda.illia
1381 5266 1530 5322 difficultas
1541 5265 1567 5319 iii
1579 5262 1789 5342 Halalieaetate,

990 5359 1071 5416 quain
1087 5286 1195 5397 codices
1210 5339 1297 5412 aliqui
1312 5337 1488 5393 duodennem
1514 5335 1651 5390 duntaxat
1671 5332 1789 5399 iaciunt,

991 5431 1042 5471 uos
1056 5429 1091 5469 ex
1108 5410 1310 5494 probatissimis
1324 5416 1351 5464 et
1366 5424 1401 5464 ex
1420 5407 1517 5462 Adane
1539 5412 1669 5477 putamus
1693 5405 1791 5460 Usuar·

991 5486 1057 5543 dum
1065 5483 1208 5555 scripsisse
1218 5496 1352 5536 canaram
1363 5478 1494 5533 tredecim.
1505 5476 1716 5532 Muneratmale
1726 5473 1792 5545 legit

986 5558 1114 5628 jaqalata
1125 5570 1174 5626 pro
1188 5552 1353 5622 aaaiagalata
1373 5549 1550 5605 servavimus
1567 5546 1791 5618 Carpafarietc,

992 5645 1027 5685 ex
1042 5627 1123 5682 solita
1137 5623 1263 5680 codicum
1276 5620 1482 5693 orthographia.
1495 5618 1612 5686 Abimdi,
1630 5618 1791 5685 Abundacii,

992 5699 1120 5763 Datiano,
1130 5704 1195 5764 etc,
1206 5694 1352 5766 scriptoria
1366 5693 1452 5747 terme
1466 5692 1619 5766 sphalmata
1633 5696 1708 5746 sunt.
