3834 6136
124 217 174 271 tta

159 338 338 392 numicis.
350 332 379 386 in
393 329 528 400 Agricolae
537 334 564 382 et
576 326 676 383 Vitatis
689 326 779 397 elogio
789 341 845 380 uon
854 327 964 392 mul-,A

124 416 184 463 tum
199 405 292 462 differt
306 421 321 459 a
336 401 513 484 precedenti,
530 398 654 479 seducuiii
672 398 825 477 Poisiueu.
842 414 925 468 supra

124 479 132 533 i
154 479 192 534 sis
221 482 357 548 praeponit
377 488 478 528 nomeu
501 471 651 527 Murcictis.
672 469 790 540 Pergit:
817 467 928 595 «Apud

149 547 332 622 ycouiediaiii‚
345 545 434 599 natale
445 551 603 598 sanctoruni
617 547 769 611 martyrum
778 542 867 596 Marce
882 542 919 595 li·

124 630 177 676 etc.
190 620 259 674 Tuiii
276 619 305 672 in
320 613 572 673 Mediolanensibus
586 611 668 666 etiarn
686 619 822 682 utsupra.
848 637 857 658 ‹
872 611 926 666 Au·

127 691 294 764 gustoduno,
309 689 399 743 natale
414 685 502 742 sancti
518 682 657 739 Amatoris
676 683 797 754 episcopi
810 691 836 739 et
851 698 928 737 mar-

124 772 137 819 t
158 765 205 818 ris.
222 787 231 809 i
254 761 324 818 Vide
340 777 400 833 quae
415 758 540 814 diximus
554 754 653 826 pridie.
670 754 815 826 Sequitur:
835 755 926 810 «Item

145 833 261 907 epositio
281 839 381 888 sancta
396 831 472 897 (ldae,
492 828 568 893 siliae,
586 832 617 880 ut
631 825 729 893 fertur,
745 825 816 896 regis
835 826 927 882 Scoto-

126 923 198 961 rum.
215 905 280 972 Quae
298 904 370 976 apud
386 902 492 959 Rodum
508 900 537 954 in
548 896 704 952 Texandria
714 897 872 953 Brabanciae
887 896 927 951 vi·

126 994 193 1033 vens
206 976 359 1058 peregrina.
376 974 428 1030 loci
441 970 594 1036 fundatrix,
610 968 723 1094 degum
739 976 766 1023 et
780 985 854 1025 nune
869 985 927 1024 cor·

103 1089 107 1097 .
153 1049 258 1103 naliter
282 1055 396 1119 patrona
422 1042 549 1117 quiescit.
571 1063 579 1086 i
607 1040 641 1096 Vi
662 1055 678 1120 a
697 1039 926 1121 martyrologium

150 1135 290 1175 ornanum.
310 1117 447 1172 Maximus
466 1114 513 1169 liic
532 1119 731 1184 praetermissus
749 1119 800 1178 est,
821 1118 928 1184 positus

126 1207 195 1245 xxiv
216 1188 390 1245 Novembris.

162 1262 343 1315 Maonsoiiuu.
355 1259 483 1330 Turpiter
498 1255 600 1312 labitur
612 1256 642 1310 in
653 1254 791 1327 principio
803 1273 809 1310 :
829 1252 928 1326 «Apud

126 1334 328 1387 Honoiuensem
342 1330 512 1397 civitatem»
528 1335 581 1383 etc.
591 1330 628 1383 [te
639 1327 746 1398 reliquo
756 1334 851 1381 textus
877 1341 928 1380 uro

126 1403 271 1476 proximus
297 1409 347 1470 est,
367 1403 450 1458 etiam
470 1400 498 1455 in
522 1399 654 1464 Maximo,
681 1397 725 1454 cui
745 1398 803 1453 sola
822 1399 846 1453 A
866 1396 928 1451 onis

125 1475 249 1531 clausula
272 1472 441 1555 adjungitur.
458 1472 547 1527 Tum:
573 1470 675 1541 «Apud
694 1469 847 1549 Persidem,
861 1484 928 1550 pas-

125 1546 167 1602 sio
182 1546 254 1601 beati
277 1544 370 1601 Jacobs
386 1545 495 1611 militis,
519 1549 702 1613 cognomento
718 1541 854 1596 Intercisi.
878 1540 928 1595 llic

126 1634 160 1673 ex
174 1617 287 1673 civitate
301 1617 386 1688 Elape
401 1623 479 1671 ortus
494 1613 546 1668 luit
561 1612 594 1667 de
609 1612 751 1667 nobilibus
767 1610 928 1683 parentibus

125 1697 153 1744 et
169 1687 344 1755 Christianis,
364 1687 463 1759 etipse
483 1684 657 1741 Christianus
678 1691 745 1750 erat,
768 1691 796 1737 et
811 1697 925 1762 uxorem
940 1692 963 1752 Β

126 1760 313 1818 Christianam
329 1758 437 1815 habuit.
454 1756 505 1812 llic
518 1754 575 1825 regi
591 1755 735 1809 Persarum
752 1753 831 1808 valde
847 1753 924 1806 laini-

127 1831 204 1886 liaris
225 1831 324 1896 fuerat,
351 1838 379 1884 et
393 1829 428 1883 ob
443 1826 503 1898 ejus
525 1841 647 1880 amorem
662 1840 812 1881 conversus
835 1823 925 1878 estad

125 1901 292 1974 ydolatriam
305 1919 312 1967 ;
328 1916 409 1972 quern
424 1905 550 1954 meteret
565 1912 636 1951 uxor
648 1895 706 1966 ejus
721 1912 784 1950 cum
795 1894 925 1950 scandalo

126 1980 334 2037 revocaverunt,
359 1970 481 2026 diceutes
495 1984 523 2023 se
542 1967 641 2022 amodo
656 1967 731 2021 iiolle
745 1983 838 2022 secuiu
851 1982 925 2022 com·

126 2042 226 2097 morari
238 2060 244 2108 ;
258 2040 331 2096 unde
346 2040 476 2113 poenituit
489 2046 515 2094 et
530 2055 558 2093 se
581 2037 768 2095 Christianum
784 2036 926 2093 coufessus

126 2122 177 2180 est,
191 2122 218 2168 et
232 2111 337 2168 idcirco
359 2110 480 2168 cultellis
506 2108 679 2165 membratim
701 2108 815 2165 incisus.
832 2108 926 2163 Primo

125 2183 309 2258 praeciderunt
323 2183 434 2255 digitos,
450 2181 571 2238 secundo
585 2180 704 2253 pedicas,
721 2180 821 2236 deinde
832 2180 924 2252 pedes,

126 2263 219 2330 postea
232 2255 362 2323 brachia;
377 2255 489 2310 demum
504 2269 581 2309 suras
594 2267 706 2308 crurum
721 2269 809 2324 usque
831 2251 865 2306 ad
880 2251 927 2306 le-

127 2345 189 2382 mur
204 2327 347 2398 utriusque
366 2326 465 2392 cruris,
482 2334 509 2381 et
523 2341 578 2379 non
600 2323 732 2378 remansit
748 2324 776 2378 in
797 2339 828 2378 eo
844 2321 924 2395 [uisi]

126 2399 201 2455 solus
226 2406 359 2453 truncus:
386 2397 537 2452 novissime
558 2411 630 2450 unus
653 2395 815 2450 carnificum
840 2396 927 2449 iratus

126 2469 241 2526 abstulit
255 2477 338 2541 caput
348 2469 418 2541 ejus,
433 2475 460 2523 et
476 2467 579 2525 Christi
596 2473 747 2538 martyrem
762 2466 843 2521 illum
857 2464 926 2521 lece·

125 2549 227 2597 runt.»

162 2613 258 2669 Cooux
281 2611 403 2667 Ursinia
426 2608 601 2681 Rosemberg.
620 2608 653 2664 de
667 2608 927 2665 Nicomediensibus

127 2691 154 2739 et
166 2681 429 2748 Mediolanensibus,
444 2689 475 2736 ut
490 2681 627 2745 xiiiia,
641 2688 694 2736 etc.

162 2756 308 2810 stsnou.
325 2771 330 2807 :
354 2777 363 2799 ι
378 2755 409 2808 ln
432 2768 500 2876 pago
516 2751 694 2819 bituricensi,
714 2751 802 2807 sancti
818 2750 926 2807 Esichii

126 2823 303 2882 confessoris.
318 2848 327 2869 ι
350 2823 429 2880 Caste
444 2825 522 2878 lanus
535 2822 603 2892 legit
618 2823 728 2877 Eusitii.

162 2893 640 2950 Murum.·Ciiuriii:s.·Uiraiiiscr.:
664 2894 822 2964 «Agricolas
839 2901 865 2949 et
881 2893 926 2950 Vi·

126 2966 192 3022 talis
205 2974 369 3037 martyrum.
386 2965 500 3020 Maximi
521 2963 662 3034 Regiensis
674 2964 804 3036 episcopi.
821 2964 926 3020 Sillridi

127 3038 248 3110 episcopi
263 3046 290 3092 et
312 3036 486 3093 confessoris.
504 3060 513 3083 ι
535 3035 605 3091 Vide
627 3035 824 3101 Castellanum‚
840 3052 925 3108 aquo
941 3067 963 3126 C

127 3111 156 3165 in
177 3108 268 3165 indice
289 3116 404 3166 vocatur
420 3106 577 3179 Sigifridus.
599 3129 609 3153 ι
630 3107 735 3179 Papinii
751 3115 778 3162 et
792 3106 925 3162 Mansueti

126 3180 317 3253 episcoporum
330 3188 357 3236 et
368 3186 531 3251 martyrum.
549 3178 610 3236 Rufi
622 3178 752 3250 martyris
766 3195 829 3235 cum
846 3177 927 3234 sociis

127 3253 194 3308 suis.
211 3278 221 3301 ›
241 3254 307 3308 Duae
323 3252 365 3308 hae
381 3251 545 3323 posteriores
559 3250 786 3306 annuntiationes
802 3258 928 3322 spectant

126 3323 161 3380 ad
174 3323 247 3380 diem
265 3332 435 3397 sequentem.

161 3396 299 3453 Amulius.
324 3412 330 3449 ε
364 3422 373 3444 ι
398 3397 430 3452 lu
452 3395 594 3451 territorio
618 3393 810 3461 Bathoniensi,
837 3393 926 3450 sancti

126 3468 242 3538 Congaii
266 3467 466 3523 confessoris·
498 3466 669 3524 Castellanus
684 3465 779 3522 scribit
796 3464 925 3536 Caupori.

127 3537 200 3593 inter
213 3539 350 3605 AEmeros,
368 3554 416 3593 seu
430 3546 505 3594 certo
520 3538 612 3594 cultus
626 3536 672 3593 die
684 3544 817 3592 carentes.

161 3610 329 3665 Fiouissriu.
344 3626 350 3662 :
370 3634 379 3655 ‹
393 3610 425 3663 ln
439 3608 589 3679 Hispaniis,
598 3615 756 3663 sauctorum
773 3614 926 3678 martyrum

126 3678 245 3735 Secundi
261 3686 288 3733 et
300 3678 473 3733 Primitivi.·
495 3679 565 3733 Turn
580 3679 656 3733 solus
670 3677 832 3732 Sunozziiu.
848 3694 853 3730 τ
877 3678 926 3733 «ln

126 3748 286 3815 Antiochia,
297 3748 385 3804 sancti
396 3747 489 3802 Basilii
497 3749 629 3820 episcopi,
639 3747 761 3802 etsancti
770 3747 926 3805 Saturnini.

126 3819 259 3887 Parisios,
274 3818 308 3874 de
328 3819 411 3875 esitio
423 3818 511 3873 sancti
530 3819 656 3875 Severini
671 3818 799 3874 monachi
814 3826 842 3874 et
855 3818 927 3874 soli-

127 3890 201 3946 tarii.
223 3914 233 3936 ι
255 3891 294 3945 De
310 3836 446 3945 Severius
471 3888 534 3944 vide
549 3889 734 3946 Castellanum
758 3889 811 3945 hoc
829 3889 884 3958 dic,
900 3898 928 3946 et

126 3960 280 4017 Usuardum
292 3977 363 4015 xxiii
377 3959 511 4017 Novemb.
524 3963 561 4016 [te
575 3960 692 4028 Basileo,
708 3967 761 4016 etc.
773 3961 844 4018 Vide
857 3962 926 4017 Mar·

127 4031 297 4103 tyrologium
313 4034 477 4088 Romanuin.

162 4101 258 4157 Editio
281 4102 477 4159 bonaco-Coi.
495 4102 524 4157 in
548 4100 648 4175 prims,
666 4112 727 4177 pest
750 4104 810 4160 haec
831 4104 925 4173 verba,

126 4180 300 4229 reuerterunt
313 4175 343 4230 iii
357 4191 425 4241 eum,
441 4175 547 4243 inserit,
565 4176 622 4231 «ita
632 4183 663 4232 ut
675 4192 729 4232 non
740 4184 809 4232 esset
820 4176 849 4230 in
860 4192 926 4232 cor-

127 4262 193 4317 pore
207 4244 267 4316 ejus
280 4247 340 4301 sine
354 4247 469 4302 volnere
483 4245 577 4314 locus;
594 4249 652 4319 ipse
666 4255 758 4302 autem
774 4247 807 4303 ad
824 4248 926 4303 Domi-

127 4333 194 4372 nuin
209 4317 309 4386 oravit,
325 4318 355 4373 in
388 4318 553 4374 uaoratione
566 4318 740 4391 migrai'itad
755 4319 919 4376 Christum.»

127 4388 193 4456 Qua
218 4388 305 4446 ferme
320 4334 461 4445 Amirosii
476 4389 560 4445 verba
580 4398 655 4460 sunt,
670 4407 705 4446 ex
717 4390 819 4463 quibus
831 4398 924 4462 patet:

126 4459 246 4516 Vitalem
271 4460 346 4516 cruci
369 4460 483 4516 affixum
507 4477 563 4516 uon
582 4461 676 4518 fuisse.
695 4463 758 4518 Post
772 4463 923 4535 affligentes,

126 4531 203 4587 addit
218 4539 311 4587 notam
333 4534 484 4603 temporis:
515 4533 706 4589 illiocleciani
720 4541 747 4588 et
762 4533 925 4590 Maximiani

127 4601 324 4673 imperatorum
332 4603 531 4675 temporibus.»
550 4604 923 4661 lnMaximoAdonianaest:

134 4698 143 4720 i
158 4674 190 4728 ln
203 4672 310 4740 Galliis,
323 4673 435 4731 civitate
446 4675 571 4746 Regensi,
581 4676 669 4732 sancti
680 4676 794 4732 Maximi
805 4676 924 4748 episcopi

127 4750 154 4797 et
167 4743 342 4811 confessoris,
359 4744 405 4815 qui
420 4763 436 4800 a
450 4746 582 4816 primaeva
593 4754 682 4813 astate,
699 4747 823 4802 omnium
839 4747 925 4803 virtu·

126 4820 186 4868 tuin
194 4815 289 4939 ,frana
312 4814 455 4885 praeditus,
475 4816 595 4897 primum
617 4818 775 4872 Lariiiensis
794 4819 925 4886 coenobii,

127 4884 192 4941 dein
213 4899 227 4938 e
243 4885 373 4955 Regensis
387 4888 510 4942 ecclesiae
525 4887 680 4968 episcopus,
692 4888 779 4959 signis
793 4898 820 4943 et
835 4889 926 4960 prodi-

127 4955 179 5028 giis
194 4955 315 5027 inclytus
329 4957 422 5037 extitit
435 4974 441 5023 ;
466 4974 530 5012 nain
544 4966 617 5014 iuter
628 4959 683 5014 alia
694 4966 768 5040 gesta
782 4960 926 5031 magnilica

127 5037 182 5083 tres
198 5037 322 5084 mortuos
326 5044 454 5100 juvenes,
465 5045 520 5084 uno
535 5036 610 5086 tactu
618 5031 919 5097 loculi‚resuscitaiiit.·

127 5099 257 5180 Sequitur
279 5099 312 5156 de
339 5099 595 5157 Nicomediensibus
622 5109 649 5158 et
666 5101 924 5173 Mediolanensibus,

127 5178 157 5225 ut
169 5188 226 5242 iam
242 5188 324 5244 supra
344 5188 400 5227 iioii
423 5173 518 5227 semel.
537 5173 625 5229 Tum:
648 5172 753 5244 «Apud
776 5175 925 5243 Persidem,

127 5243 217 5298 natale
232 5244 320 5299 sancti
339 5243 433 5299 iacchi
449 5241 547 5299 militis
569 5252 595 5299 et
616 5245 756 5327 martyris,
775 5244 926 5303 interscissi

128 5312 301 5371 mirabiliter.
317 5315 398 5387 Apud
413 5314 592 5387 Maguntiam‚
603 5315 740 5388 depositio
756 5327 855 5375 sanctae
872 5319 928 5373 Bil-

940 4431 964 4488 D

818 203 972 260 usuiiuoi
992 201 1157 259 uouiicui
1198 164 1204 171 ’

1734 198 1780 257 lli

979 325 1064 381 hildis
1082 325 1183 390 vidua,
1194 340 1255 398 que
1265 321 1359 379 extitit
1372 320 1511 378 abbatissa
1521 321 1677 377 multarum
1692 319 1777 379 devo-

983 406 1073 453 tarum
1089 406 1285 453 matronarum.
1302 394 1407 450 Eodem
1423 393 1477 461 die,
1492 392 1639 449 beatorum
1655 391 1775 462 Acbari,

981 469 1117 524 Novioma
1136 469 1155 536 i,
1173 477 1200 525 et
1222 467 1313 539 Optati
1329 465 1421 537 episco
1440 480 1519 519 orum
1536 471 1564 518 at
1578 463 1775 526 mntessoruu.

981 540 1013 594 ln
1026 557 1094 612 pago
1110 485 1286 605 Nituricensi
1302 537 1389 593 sancti
1405 481 1510 617 ENPV
1524 536 1706 617 confessoris.
1723 537 1777 608 lpso

981 611 1036 677 die,
1052 611 1195 667 beatorum
1210 610 1329 666 Secundi
1350 616 1378 664 et
1392 608 1534 662 Primitivi
1547 607 1773 665 confessorum..

981 682 1052 738 Vide
1066 684 1166 739 alteras
1179 683 1289 738 Moiiiui
1303 680 1450 745 editiones,
1466 677 1513 733 ubi
1528 678 1665 744 Facundi,
1679 688 1734 735 etc.

1016 754 1113 810 Biiciii.
1130 753 1216 810 Primi
1230 751 1405 807 annuntiatio
1415 749 1504 822 posita
1515 757 1557 805 est
1568 767 1598 804 iv
1608 750 1775 812 Novembiti.

981 825 1033 881 llic
1040 825 1074 880 de
1088 826 1210 881 Maximo
1219 825 1298 880 bene.
1310 824 1398 878 Tum:
1414 820 1599 892 «Vendopera
1607 825 1775 892 monasterio,

980 895 1213 954 sauctiLeonardi
1227 895 1419 952 contessoris.»
1433 892 1504 948 Vide
1517 892 1654 950 Auctaria
1664 892 1712 949 die
1723 911 1775 966 pra

980 968 1098 1025 cedenti.
1122 993 1131 1015 ι
1153 969 1185 1024 ln
1201 966 1361 1034 Antiochia,
1378 965 1465 1021 sancti
1492 963 1596 1020 basilei
1621 963 1776 1037 episcopiet

981 1040 1067 1096 sancti
1081 1039 1234 1095 Saturnini.
1246 1037 1377 1105 Parisios,
1391 1035 1529 1108 depositio
1543 1036 1635 1091 sancti
1648 1035 1775 1108 Serenni,

982 1111 1110 1167 monachi
1135 1118 1162 1167 et
1177 1110 1304 1166 solitarii.
1330 1111 1399 1166 ltem
1421 1107 1510 1164 sancti
1534 1106 1631 1164 tacobi
1648 1107 1774 1179 lutercisi,

982 1182 1112 1253 martyris
1124 1181 1277 1254 conspicui.
1293 1206 1302 1228 ι

1019 1252 1143 1309 Gnuvicu
1159 1270 1164 1307 ι
1184 1254 1235 1308 «ln
1245 1251 1365 1318 Perside,
1376 1252 1463 1307 sancti
1478 1250 1575 1307 Jacobi
1590 1251 1776 1323 martyriam·

983 1333 1132 1396 gnomento
1157 1323 1294 1380 Intercisi.
1317 1322 1370 1389 Qui
1394 1332 1547 1379 comesset
1567 1322 1777 1394 regiPersamni

983 1395 1155 1463 notissimus,
1171 1404 1198 1450 et
1207 1395 1280 1450 inter
1289 1394 1434 1466 optimates
1445 1393 1562 1466 primus,
1574 1409 1626 1465 pro
1637 1392 1690 1452 fida
1698 1394 1777 1453 Chri-

982 1467 1018 1522 sti
1033 1467 1139 1523 crudeli
1152 1473 1179 1522 et
1191 1466 1323 1523 diuturno
1338 1466 1462 1522 cruciatu
1477 1464 1658 1522 membratim
1670 1467 1777 1523 mutila-

982 1546 1038 1606 tus,
1050 1539 1086 1594 ad
1104 1538 1234 1593 ultimum
1251 1537 1342 1609 gladio
1357 1551 1515 1609 percussus,
1532 1536 1704 1608 martyrium
1716 1554 1780 1594 coii-

982 1610 1142 1665 suniinavit.
1155 1610 1185 1665 In
1197 1608 1366 1676 Nicomedia,
1375 1609 1643 1664 natalissanctorum
1655 1609 1777 1677 Marcelli,

982 1680 1066 1749 Petri,
1091 1680 1197 1746 Sereni,
1211 1681 1334 1736 Nemori.
1360 1680 1441 1752 Apud
1456 1680 1606 1748 Galatiam,
1622 1680 1745 1736 Facundi
1758 1690 1779 1738 et

981 1752 1121 1807 Priiiiitivi
1145 1760 1309 1824 martyrum.
1335 1752 1403 1807 ltem
1426 1751 1580 1807 secundum
1604 1750 1779 1824 Cathalogum

981 1823 1038 1890 hic,
1053 1824 1176 1879 Barlaaiu
1187 1831 1215 1879 et
1225 1822 1364 1894 Josaphat.
1374 1823 1533 1891 Mediolani,
1545 1830 1708 1879 sanctorum
1719 1840 1779 1879 mai·

981 1901 1075 1966 tyrum
1090 1895 1215 1962 loannis,
1231 1895 1324 1950 Severi
1340 1901 1367 1949 et
1378 1894 1523 1951 Eudemia.
1538 1894 1656 1967 Virgilii
1666 1895 1780 1978 episcopi

981 1965 1197 2037 Salisburgensis
1212 1975 1239 2022 ot
1253 1965 1428 2023 confessoris.
1445 1965 1552 2038 Syfridi
1567 1964 1692 2040 episcopi
1706 1967 1781 2023 Vere·

981 2036 1116 2092 dacensis.
1134 2037 1247 2093 Acharii
1262 2045 1290 2092 et
1300 2038 1394 2109 Optati
1410 2037 1608 2109 episcoporum
1623 2038 1782 2095 Noviomen-

982 2108 1052 2162 sium
1065 2116 1092 2163 et
1106 2109 1306 2165 confessorum.
1317 2110 1348 2165 ln
1357 2125 1393 2192 pa
1411 2109 1708 2179 obituriceusi,saucti
1720 2110 1782 2166 Ese-

982 2179 1391 2250 chiiconlessoris.lnFrancia,
1426 2180 1675 2261 annavirginis.A
1692 2181 1783 2239 udhla·

982 2251 1653 2319 guntiain,sanctaeRilhildisviduaeabbatissaem
1686 2260 1779 2321 tarum,

983 2331 1033 2378 etc.
1051 2323 1209 2379 Monasterii
1223 2323 1307 2390 Wile,
1323 2331 1424 2381 sauctae
1438 2325 1540 2380 Electra
1555 2323 1688 2397 virginis.
1704 2349 1714 2372 ι

1018 2394 1127 2451 Maian.
1141 2413 1146 2450 :
1167 2395 1351 2466 ‹Vendopera
1362 2395 1540 2463 monasterio,
1552 2395 1780 2453 sauctiheouiirdi

982 2465 1154 2521 confessoris.
1174 2466 1203 2521 Iu
1218 2465 1377 2534 Antiochia,
1398 2467 1486 2523 sancti
1495 2466 1601 2523 Basilei
1618 2467 1751 2540 episcopi,
1759 2474 1781 2522 et

982 2537 1070 2592 sancti
1091 2536 1245 2592 Saturnini.
1260 2537 1384 2605 Parisiis,
1400 2539 1434 2594 de
1454 2537 1548 2607 ositio,
1565 2563 1573 2586 ι
1599 2546 1655 2596 eto.
1672 2540 1741 2596 ltem
1753 2538 1781 2594 de

982 2608 1082 2689 laccho
1093 2608 1235 2676 luterciso,
1252 2608 1387 2665 verbatim
1398 2554 1539 2667 exituum.
1558 2610 1633 2666 Dein
1643 2610 1721 2692 typis
1732 2610 1780 2666 uii-

982 2680 1097 2736 noribus
1114 2697 1120 2734 :
1145 2705 1154 2726 ι
1177 2680 1259 2752 Apud
1274 2679 1425 2749 Galaciam,
1440 2680 1565 2737 Facundi
1591 2689 1621 2738 at
1635 2681 1778 2738 Primitiri.

983 2752 1050 2806 ltem
1061 2751 1214 2808 secundum
1229 2751 1388 2824 Catalogum
1400 2751 1456 2820 hic,
1467 2752 1597 2809 barlaam
1608 2762 1638 2810 et
1647 2753 1778 2826 iosaphat,

983 2838 1101 2894 quorum
1116 2831 1194 2879 actus
1219 2822 1360 2879 mirandos
1375 2823 1493 2881 loannes
1512 2826 1704 2882 [tamassanus
1717 2824 1780 2881 scri-

982 2893 1046 2965 psit.
1063 2893 1168 2966 Sylridi
1183 2895 1304 2967 episcopi
1318 2894 1524 2952 Veredacensis.
1541 2920 1550 2944 ·
1578 2898 1621 2953 De
1635 2895 1779 2954 Esichioit

982 2982 1074 3037 supra.
1094 2991 1103 3013 ι
1118 2965 1199 3038 Apud
1215 2966 1393 3037 Maguntiam‚
1406 2966 1576 3023 S.llilhildis
1591 2967 1700 3037 viduae,
1711 2967 1778 3024 abbe

982 3035 1056 3091 tissse
1072 3037 1223 3093 multarum
1238 3037 1400 3093 devotarum
1416 3046 1621 3096 matronarum.
1637 3039 1706 3108 Quae
1720 3039 1779 3095 fuu-

982 3106 1059 3163 davit
1074 3109 1271 3164 monasterium
1288 3109 1388 3165 veteris
1400 3109 1483 3167 Cella
1495 3110 1523 3164 in
1534 3110 1577 3167 Ma
1598 3110 1692 3179 untia,
1702 3125 1777 3168 sacra

982 3195 1043 3233 rum
1065 3179 1223 3251 virginum,
1242 3181 1315 3253 quod
1337 3180 1420 3236 hodie
1433 3181 1559 3237 albarum
1576 3127 1665 3239 Nahet
1688 3197 1777 3240 uomet

981 3251 1172 3306 Dominarum.
1185 3251 1290 3306 Eodem
1301 3251 1346 3308 die
1355 3253 1428 3334 apud
1438 3253 1557 3320 Graecos,
1574 3254 1668 3311 sancti
1677 3253 1777 3310 Simeo-

981 3322 1025 3378 nis
1040 3322 1241 3394 Metaphrastae,
1256 3323 1337 3396 cujus
1350 3324 1442 3381 Vitam
1453 3324 1653 3383 encoiiiiastica
1664 3325 1777 3383 oratioue

981 3394 1069 3450 deseri
1090 3395 1126 3450 sit
1141 3395 1257 3450 Psellus.
1274 3420 1284 3443 ›
1302 3394 1371 3450 Alia
1386 3394 1523 3452 editiones
1532 3396 1567 3453 de
1577 3399 1639 3455 solo
1654 3396 1775 3456 Maximo

981 3465 1051 3520 Tum
1064 3410 1097 3520 (fe
1113 3466 1219 3522 Basileo
1232 3473 1259 3521 et
1269 3465 1369 3523 Jacobo
1384 3467 1527 3536 luterciso,
1541 3476 1574 3524 ut
1585 3485 1621 3525 su
1640 3485 1682 3526 ra.
1696 3469 1775 3526 neu:

989 3538 1041 3592 «ln
1054 3537 1185 3604 Gallecia,
1194 3536 1275 3609 juxta
1291 3537 1409 3593 lluvium
1429 3537 1535 3607 Cetam,
1555 3485 1778 3598 sacrissacris

982 3624 1043 3664 rum
1068 3609 1191 3664 Facundi
1215 3617 1242 3664 et
1256 3608 1396 3664 Primitivi
1416 3619 1583 3682 martyrum,
1604 3611 1703 3686 quibus
1720 3617 1777 3682 post

982 3680 1069 3734 multa
1093 3679 1229 3751 supplicia
1257 3687 1393 3752 superata,
1414 3680 1474 3737 dua
1498 3699 1612 3739 corona
1632 3681 1666 3740 alt
1679 3680 1778 3754 augelis

981 3749 1078 3831 delatae
1093 3757 1168 3806 sunt.
1184 3750 1264 3817 Quod
1276 3751 1383 3808 Atticus
1399 3760 1502 3878 prator
1518 3754 1672 3837 accipiens,
1734 3752 1778 3818 ita,

981 3828 1085 3892 inquit,
1099 3830 1288 3892 amputentur,
1300 3839 1334 3879 ne
1351 3823 1388 3878 sit
1410 3840 1476 3880 ocus
1494 3841 1642 3882 coronis.»
1663 3826 1703 3882 Da

982 3898 1013 3946 ut
1028 3892 1207 3948 sirmium.
1223 3917 1232 3939 ι
1248 3894 1407 3965 Mogontia,
1423 3895 1524 3952 natalis
1536 3904 1641 3954 sanctas
1655 3894 1778 3953 Bilhildis

981 3962 1072 4018 uiduae
1087 3963 1316 4021 sanctimonialis.
1330 3966 1397 4033 Quae
1407 3967 1503 4024 aclero
1516 3978 1543 4026 et
1552 3969 1659 4051 populo
1674 3968 1778 4041 Magou-

981 4035 1041 4090 tino
1056 4036 1163 4107 sepulta
1177 4044 1218 4092 est
1232 4036 1262 4091 in
1274 4037 1398 4106 basilica,
1414 4055 1497 4110 quam
1512 4041 1572 4096 suis
1587 4055 1649 4112 ipsa
1662 4037 1778 4111 sumpti·

979 4105 1033 4162 bus
1055 4107 1223 4164 exaedificari
1237 4117 1390 4164 curaverat.
1406 4111 1468 4181 Ipso
1488 4109 1544 4180 die,
1560 4111 1653 4168 macti
1674 4107 1779 4169 Acharii

980 4178 1102 4249 episcopi
1120 4177 1313 4235 Noviomensis
1327 4187 1355 4234 et
1377 4182 1552 4239 confessoris.
1569 4183 1633 4255 Ipso
1649 4181 1697 4239 die
1714 4178 1779 4255 apud

980 4247 1099 4316 Grecos,
1123 4249 1211 4305 sancti
1232 4249 1379 4320 Simeonis,
1405 4251 1452 4324 qui
1468 4253 1665 4326 Metaphrastai
1754 4268 1780 4309 o

981 4336 1043 4374 men
1069 4320 1222 4376 obtinuit.»
1250 4322 1324 4377 luter
1348 4322 1495 4396 scriptores
1509 4325 1621 4382 Graecos
1643 4325 1693 4398 qui
1733 4324 1780 4381 itas

980 4399 1137 4448 sanctorum
1152 4392 1322 4463 collegerunt
1332 4395 1528 4453 celeberrimus
1537 4398 1691 4460 est,saucti
1700 4396 1779 4453 etiam

981 4479 1081 4519 nomen
1112 4480 1128 4519 a
1148 4463 1185 4520 ud
1212 4463 1221 4519 i
1242 4481 1286 4521 sos
1313 4467 1489 4538 promeritus.
1520 4467 1649 4525 Necdum
1681 4465 1780 4543 prodiit

980 4535 1113 4615 Actorum
1129 4479 1339 4618 Netapiirastice
1354 4537 1388 4593 ab
1400 4537 1460 4610 ipso
1472 4548 1676 4597 exornatorum
1690 4539 1780 4596 Graeca

980 4606 1117 4662 collectio.
1134 4607 1230 4663 Surius
1243 4623 1278 4663 ex
1292 4608 1443 4680 Lipomano
1457 4611 1603 4684 plerasque
1615 4611 1712 4668 Latina
1721 4609 1779 4665 rad·

980 4677 1052 4733 ditas
1066 4677 1163 4746 edidit,
1180 4694 1240 4750 quas
1251 4679 1409 4736 criticorum
1425 4681 1535 4753 ingenia
1546 4682 1657 4755 pridem
1666 4696 1779 4754 occupa·

980 4756 1055 4803 runt.
1072 4748 1197 4806 Multade
1211 4750 1270 4820 ejus
1279 4752 1363 4824 stylo,
1374 4750 1437 4820 fide,
1448 4761 1538 4822 atate,
1552 4755 1582 4810 in
1592 4751 1780 4812 Actisnostris

980 4820 1095 4892 sparsiiii
1114 4820 1279 4888 dictasunt,
1305 4823 1360 4877 alia
1382 4823 1416 4878 ab
1440 4824 1544 4881 Allatio
1570 4825 1605 4882 de
1622 4826 1779 4882 Simeonuui

981 4890 1100 4960 scriptis.
1116 4891 1144 4946 Si
1159 4891 1301 4948 hodiernis
1317 4893 1510 4967 hypercriticis
1520 4896 1642 4953 nimium
1650 4895 1778 4963 creditur,

980 4962 1058 5018 brevi
1081 4969 1138 5017 tota
1151 4961 1210 5034 ejus
1232 4965 1413 5036 metaphrasis
1434 4975 1626 5038 exauctorata,
1648 4966 1684 5025 ad
1697 4967 1779 5025 imici

981 5040 1008 5088 et
1021 5033 1123 5089 blattas
1137 5035 1340 5092 amandabitur.
1359 5037 1456 5094 Nostra
1466 5039 1563 5121 opinio
1573 5049 1615 5096 est
1632 5038 1778 5113 usupare

980 5105 1031 5160 stis
1056 5113 1226 5174 omamenta‚
1252 5106 1318 5163 hinc
1342 5108 1407 5164 inde
1431 5109 1505 5166 Vitis
1524 5118 1698 5180 sanctorum,
1719 5109 1777 5168 litat

982 5177 1063 5248 paulo
1078 5177 1230 5247 liberalius,
1242 5177 1354 5247 inserta,
1366 5195 1421 5235 non
1432 5182 1519 5254 magis
1534 5184 1565 5239 iu
1576 5182 1697 5241 historia
1708 5193 1777 5239 saort

982 5263 1061 5320 quam
1088 5249 1265 5320 profanorum
1287 5249 1483 5309 historicomm
1499 5253 1529 5310 in
1549 5254 1678 5328 prolana,
1693 5248 1775 5311 fraudi

981 5335 1039 5375 esse
1053 5327 1100 5375 aut
1116 5321 1186 5378 vitio
1200 5320 1273 5378 verti
1287 5329 1425 5395 oportere.

853 5497 1065 5508 --——.-.

130 5530 167 5586 lV
185 5534 248 5588 Kal.

1667 5547 1770 5609 Dian

165 5619 245 5691 Apud
264 5622 439 5695 Corinthum,
456 5629 556 5685 natalis
570 5629 643 5685 beati
658 5630 785 5687 Sostenes
803 5630 933 5705 discipuli
957 5633 1044 5691 sancti
1065 5634 1156 5705 Pauli,
1170 5634 1250 5711 cujus
1263 5637 1435 5697 matonam
1453 5638 1525 5699 hait
1542 5639 1620 5701 idam
1634 5639 1772 5718 Apostoll!

129 5707 251 5768 scribens
265 5710 425 5771 Corinthiis.
441 5715 545 5772 Eodem
558 5718 614 5787 die,
628 5719 702 5790 apud
718 5719 851 5788 Alrieain,
869 5728 1028 5779 sauctorum
1038 5730 1193 5797 martyrum
1206 5722 1317 5798 Paphii
1326 5732 1356 5785 st
1363 5724 1505 5789 mli
1516 5719 1772 5807 apocopomumil
