3834 6136
132 184 192 240 993

736 185 917 242 oruscmx
936 187 982 241 nr
1000 150 1194 244 aersron‘ra.
1740 196 1793 254 aaa
1831 260 1836 265 ,

133 343 337 412 praesumptum
361 334 454 402 fuerit,
480 336 519 391 nil
547 336 609 404 erit,
635 338 682 393 sed
701 339 807 395 viribus
821 341 934 396 carebit.
950 348 976 406 Α
990 340 1048 395 lum
1062 341 1187 396 damnari
1201 348 1249 397 aut
1272 343 1330 397 suis
1344 345 1492 413 exspoliari
1511 347 1591 402 rebus
1612 348 1711 407 debore
1726 353 1790 423 epi-

131 433 206 488 Nam
223 444 274 484 nec
290 427 342 482 hoc
357 443 468 499 perpere
483 429 684 499 praesumimus,
701 429 748 485 sed
762 439 789 485 et
804 431 831 485 id
847 432 937 502 ipsum
992 432 1171 503 scopum,qui
1187 432 1258 488 franc
1268 440 1390 488 sanctam
1401 433 1491 489 sedem
1503 435 1731 511 interpellaverit,
1744 440 1803 499 aut'

133 523 163 578 in
184 521 296 576 Nieaena
311 517 417 589 synodo
435 519 626 585 constitutum,
642 527 668 575 et
682 526 866 576 antecessores
883 538 938 576 no-
992 521 1045 576 sibi
1059 522 1268 579 defensatricem
1293 524 1432 593 ascirent,
1455 524 1543 583 donec
1554 526 1692 597 judicium
1712 533 1745 588 de
1759 551 1792 590 eo

130 620 206 670 siros
215 610 314 682 egisse,
327 608 406 674 hene,
416 607 560 675 Athenaei,
574 608 646 664 nosti
659 627 665 669 ;
682 610 813 680 qnoniam
828 611 937 682 quando
992 621 1092 667 nostrae
1107 613 1262 683 apostolica
1276 614 1456 683 auctoritatis,
1467 616 1519 672 hoc
1533 626 1574 672 est
1588 618 1792 692 principisapo·

131 711 163 759 tu
178 709 207 758 et
221 699 323 754 Paulus
341 697 672 770 Constantinopolitanae,
688 699 833 771 Asclepius
848 700 936 770 Gazae,
992 702 1124 758 stolorum
1142 704 1214 758 Petri
1230 714 1368 775 agnoscat,
1390 706 1454 777 quia
1474 707 1649 765 solummodo
1667 708 1792 768 Christus

130 806 159 852 et
180 795 321 851 Lucienus
337 793 560 866 Adrianopolites
574 793 607 848 ab
623 794 809 851 Orientalibus
826 796 937 868 episco-
991 790 1068 846 Jesus
1082 791 1147 849 huic
1162 802 1262 848 sanctae
1277 793 1345 861 sedi,
1364 793 1392 848 id
1407 802 1447 849 est
1461 796 1627 866 apostolica,
1643 796 1792 856 hocfacere

131 887 185 959 pis,
202 883 362 941 inconsulto
377 891 477 939 sanctae
497 883 636 939 rnernoriae
650 883 723 939 Julio
740 885 936 956 praedecessore
991 882 1139 938 commisit.
1159 884 1257 955 Utpete
1271 886 1401 956 quoniam
1413 886 1488 940 solus
1499 895 1579 958 atque
1595 905 1650 959 prae
1662 890 1791 946 omnihus

130 982 239 1041 nostro,
257 972 380 1029 damnati
404 972 480 1040 eatis,
505 981 531 1027 et
554 973 588 1028 ad
610 989 683 1040 eum,
700 973 776 1044 quasi
797 973 831 1028 ad
852 976 936 1031 totius
991 971 1120 1040 praefatus
1144 972 1271 1044 princeps
1292 974 1478 1045 apostolorum
1498 974 1620 1032 creditus
1644 986 1694 1045 est,
1710 987 1792 1052 atque

131 1064 209 1121 orbis
224 1071 318 1135 caput,
331 1070 361 1118 ut
375 1078 482 1133 semper
492 1061 557 1117 huic
568 1069 669 1117 sanctae
682 1061 739 1117 sedi
752 1062 859 1118 licitum
870 1064 933 1133 fuit,
990 1061 1128 1133 percipere
1152 1063 1252 1117 ntcruit
1267 1080 1282 1118 a
1303 1065 1374 1134 Ilugo
1390 1082 1482 1136 regum
1499 1065 1610 1122 Christo
1623 1068 1680 1123 Deo
1700 1068 1791 1125 claves

129 1152 308 1223 confugistis,
320 1151 430 1221 cognita
439 1166 534 1205 eorum
545 1150 704 1221 nequitiaet
715 1158 806 1207 vestra
814 1150 934 1222 justitia,
989 1149 1065 1220 regni
1081 1152 1224 1207 caelorum.
1241 1177 1249 1199 ·
1271 1154 1325 1208 Ista
1337 1153 1429 1210 felicia
1443 1171 1506 1210 cum
1521 1154 1574 1210 isto
1587 1156 1673 1212 Felici
1688 1158 1791 1228 pariter

130 1243 226 1298 resin
241 1239 466 1297 connnunionern
482 1240 612 1311 suscepit,
628 1248 654 1294 et
670 1239 795 1295 onmium
811 1248 933 1296 restrum
989 1245 1085 1294 tonant
1096 1239 1347 1298 duodecimmundi
1359 1243 1516 1310 luminaria,
1533 1260 1580 1314 per
1597 1259 1657 1315 quae
1670 1247 1790 1303 reclamo

129 1348 226 1389 curam
253 1346 357 1402 gerens,
385 1338 495 1402 propter
519 1328 591 1385 sedis
618 1330 734 1402 propria
759 1330 932 1401 dignitatem,
987 1344 1050 1383 cum
1069 1344 1163 1384 eornm
1189 1329 1434 1400 predecessoribus
1461 1347 1492 1387 ac
1507 1332 1719 1402 successoribus,
1739 1351 1790 1392 uec

129 1417 257 1489 singulos
268 1417 325 1472 suis
336 1417 453 1473 reddens
463 1417 604 1486 Ecclesiis,
616 1419 804 1476 Orientalibus
812 1420 931 1493 scripsit,
988 1417 1137 1490 quidquam
1153 1418 1301 1474 habebitur
1311 1428 1411 1488 ratum,
1424 1418 1560 1493 quidquid
1569 1421 1603 1476 ab
1620 1438 1714 1478 eorum
1725 1440 1789 1481 con·

128 1508 248 1580 culpans
265 1523 311 1562 eos
325 1506 399 1578 quod
415 1523 470 1562 non
486 1515 558 1563 recte
573 1517 745 1578 tractassent,
759 1510 834 1566 uiros
845 1511 932 1567 incul-
987 1505 1180 1562 stitutionibus
1204 1507 1287 1562 fuerit
1308 1507 1460 1563 diuersum.
1486 1509 1558 1580 Ergo
1574 1511 1602 1566 in
1623 1511 1677 1567 isto
1701 1520 1728 1568 et
1742 1513 1789 1568 isti

130 1597 239 1669 pabiles
253 1597 287 1652 de
300 1597 358 1652 suis
381 1597 514 1653 Ecclesiis
533 1599 712 1669 expellentes,
732 1607 758 1655 et
782 1601 933 1656 constituta
987 1612 1057 1652 vana
1068 1599 1220 1670 loquuntur
1232 1615 1294 1653 cunt
1303 1598 1411 1655 cunctis
1423 1599 1669 1670 praedecessoribus
1680 1620 1788 1673 eorum,

128 1686 237 1744 Nicaeni
252 1686 364 1743 concilii
390 1687 504 1744 minime
521 1698 724 1746 conservantes.
740 1691 763 1745 E
783 1691 884 1763 quibus
897 1691 932 1746 ad
948 1726 970 1785 Β
986 1686 1050 1758 quia
1064 1686 1104 1742 sic
1119 1685 1337 1760 uniuscujusque
1352 1688 1517 1744 successoris
1532 1689 1681 1746 auctoritas
1697 1689 1787 1746 habe-

128 1785 238 1833 certum
253 1776 326 1833 diem
341 1779 492 1833 nonnullos
507 1778 619 1835 sibimet
634 1778 728 1836 adesse
743 1781 884 1852 pracepit,
902 1788 934 1836 ut
988 1778 1065 1834 bitur
1079 1787 1146 1848 rata,
1162 1781 1186 1835 si
1201 1779 1407 1852 praedecessoris
1417 1781 1460 1836 sui
1474 1781 1592 1850 actibus,
1609 1790 1640 1836 ut
1654 1782 1693 1838 ait
1709 1784 1787 1856 Sym-

130 1866 167 1922 de
180 1866 283 1922 talibus
297 1874 399 1923 certant
416 1868 677 1940 praesumptionibus
692 1867 836 1924 redderent
851 1869 933 1925 ratio·
990 1867 1104 1924 machus
1118 1886 1197 1942 papa,
1217 1869 1344 1926 tribuerit
1359 1869 1528 1925 firmitatem.
1543 1872 1637 1943 ltaque
1653 1871 1726 1928 unde
1740 1872 1787 1927 illc

129 1972 207 2024 nem,
223 1965 249 2013 et
267 1972 359 2012 eoram
384 1955 423 2011 eis
446 1955 602 2013 ostenderet
624 1955 730 2027 justum
756 1973 784 2012 se
799 1974 880 2031 super
896 1959 935 2014 eis
990 1965 1080 2012 vester
1096 1957 1212 2014 clericus
1227 1959 1360 2030 spoliatus
1375 1960 1412 2016 sit
1425 1960 1528 2029 nescio,
1545 1976 1633 2031 nequo
1647 1960 1720 2015 unde
1735 1976 1788 2017 uc-

130 2045 279 2116 protulisse
302 2045 453 2102 decretum.
479 2044 674 2101 Interminatus
695 2053 736 2101 est
759 2046 854 2114 etiam,
879 2064 935 2104 nou
989 2050 1071 2101 stitus
1085 2061 1144 2102 esse
1158 2046 1254 2102 debeat
1267 2048 1357 2103 adhue
1370 2048 1477 2119 ignoro.
1494 2047 1523 2104 Si
1536 2056 1628 2103 autem
1643 2056 1690 2103 aut
1704 2049 1790 2104 recla-

128 2136 198 2192 talia
211 2134 342 2207 deinceps
352 2135 448 2191 fratres
463 2152 521 2192 esse
531 2152 670 2208 passuros,
686 2146 713 2192 et
725 2136 779 2193 nisi
795 2137 829 2193 ab
840 2136 935 2208 hujus.
990 2134 1121 2189 mationis
1139 2143 1186 2190 aut
1208 2136 1375 2208 expiationis
1398 2153 1506 2205 rocem,
1530 2144 1578 2191 aut
1605 2137 1789 2194 accusationis

135 2223 211 2280 modi
230 2226 493 2296 praesumptionibus
518 2233 664 2282 cessarent.
693 2243 709 2281 a
732 2226 851 2299 propriis
877 2243 936 2283 esse
990 2222 1120 2279 adversus
1134 2224 1254 2295 aliquem
1270 2224 1351 2280 hahet
1366 2226 1396 2280 in
1408 2242 1467 2281 mea
1488 2226 1628 2297 parochia,
1647 2235 1740 2283 utrum
1753 2227 1787 2283 ad

129 2313 263 2387 gradibus
286 2331 332 2371 eos
359 2316 603 2390 recessuroslali
626 2316 701 2371 enim
723 2314 807 2387 hujus
834 2324 934 2373 sanctae
990 2314 1127 2385 synodum
1152 2331 1167 2369 a
1195 2315 1330 2386 partitate
1356 2332 1415 2370 mea
1437 2313 1589 2371 hahendam
1616 2314 1713 2371 debeat
1742 2334 1785 2372 re-

128 2405 205 2461 sedis
217 2405 364 2478 privilegio
377 2415 407 2462 tu
430 2414 457 2460 et
481 2407 578 2462 fratres
592 2406 633 2462 tui
653 2406 776 2479 proprias
791 2406 933 2478 recepistis
990 2403 1050 2459 nire
1072 2405 1181 2476 penitus
1199 2423 1214 2460 a
1237 2404 1315 2460 robis
1331 2405 1431 2477 poterit
1449 2405 1562 2460 discere.
1580 2405 1649 2459 Data
1668 2405 1785 2460 Kalend.

127 2495 267 2551 Ecclesias
283 2512 346 2551 cnm
361 2495 490 2552 omnibus
514 2495 568 2551 sihi
592 2494 803 2567 pertinentibus.
837 2495 886 2550 His
908 2502 936 2550 et
990 2493 1054 2550 bfaii
1068 2494 1210 2563 praesentis
1224 2494 1312 2549 tortia
1323 2492 1492 2549 indictionis.

127 2584 193 2640 aliis
206 2584 420 2656 quamplurimis
435 2583 608 2641 documentis
624 2583 801 2640 manifestum
817 2592 859 2639 est
873 2583 933 2639 nul·

1112 2739 1289 2752 ——n—-—
1298 2739 1787 2751 —ffl-a—-n———u-——n-——n

919 2867 994 2930 lv.

319 3020 512 3083 HINCMARI
533 3018 749 3081 COLLECTIO
771 3018 824 3077 EX
844 3015 1047 3078 EPlSTOLlS
1070 3014 1320 3077 ROMANORUM
1343 3016 1596 3078 PONTIFIGUM.

718 3188 761 3234 ΑΙ)
783 3184 973 3234 urucdxttutr
995 3183 1200 3231 ullsttuusssul.

126 3482 175 3536 Eur
189 3480 299 3550 epistola
326 3481 438 3537 Victoris
457 3494 544 3557 popu,
559 3474 713 3556 ,lluopbilo
741 3473 929 3555 Alexandrino
948 3472 1037 3534 Ctari
1053 3471 1142 3538 liceat,
1160 3486 1215 3525 non
1239 3476 1330 3525 tamen
1348 3468 1469 3525 diffinire
1484 3469 1642 3525 inconsulto
1662 3471 1785 3526 Rorrrauo

163 3552 282 3622 epriseopo
312 3553 421 3615 (nielfa,
451 3566 497 3616 ‘1²1²
523 3547 576 3616 [llll
600 3547 718 3616 milatus,
734 3546 847 3600 rectruda
871 3550 931 3615 P⁰⁸⁶
986 3558 1116 3633 pontifice
1130 3559 1294 3630 permissum
1317 3567 1367 3626 est,
1385 3576 1449 3615 cuur
1472 3559 1551 3615 beato
1564 3558 1645 3614 Petro
1661 3560 1786 3631 apostolo

162 3624 285 3678 Petrum·
985 3664 1041 3705 non
1055 3647 1089 3703 ab
1103 3647 1158 3704 alio
1173 3664 1256 3721 quam
1272 3648 1306 3705 ab
1322 3648 1381 3721 ipso
1391 3647 1497 3705 dictum
1508 3648 1544 3703 sit
1557 3647 1694 3705 Domino:
1711 3651 1786 3717 Quae·

139 3744 147 3753 ’
163 3747 268 3817 (Epist.
283 3746 322 3812 l.)
339 3744 524 3799 «Audivimus
535 3758 652 3816 namque
662 3742 734 3815 apud
745 3759 795 3799 vos
804 3749 930 3798 restros-

128 3855 183 3914 que
197 3837 304 3894 diucrsa
318 3834 424 3905 judicia
439 3835 497 3890 fieri
508 3841 536 3889 et
550 3832 654 3891 incerta
666 3833 796 3905 judicari.
812 3834 928 3902 Incerta,

125 3927 282 3985 charissimi
295 3926 452 3980 nullatenus
460 3924 627 3995 judicemus,
641 3920 730 3994 quood
749 3942 829 3994 risque
843 3925 931 3980 verriot

125 4015 266 4082 vuarinus,
277 4015 323 4085 qui
345 4013 458 4067 latentia
470 4012 601 4084 producet
612 4013 641 4066 in
651 4013 752 4081 lucem,
761 4018 786 4066 et
796 4013 930 4070 illumiaa-

126 4099 164 4155 uir
185 4100 337 4154 absconditu
363 4101 539 4168 tenebrarum,
567 4105 591 4154 et
610 4098 791 4170 nicaiseslaht't
817 4100 930 4156 coasilio

125 4187 248 4242 cordium
259 4189 288 4255 (l
305 4189 366 4243 Cor.
384 4207 423 4256 ιιι,
438 4190 475 4260 3).
491 4189 561 4256 Quia
571 4190 697 4262 quamvis
712 4206 777 4246 vera
790 4189 858 4259 siut,
874 4208 930 4249 nou

125 4283 221 4331 marten
240 4276 375 4332 credenda
398 4286 472 4345 sunt,
489 4279 542 4333 nisi
564 4297 625 4351 qua
647 4279 801 4337 manifestis
817 4280 930 4339 indiciis

92 4408 97 4416 .
125 4365 353 4437 comprobantur,
369 4366 422 4421 nisi
443 4384 503 4438 quta
522 4369 668 4425 manifesto
679 4369 787 4440 judicio
805 4372 930 4430 convin-

125 4461 238 4521 cuntur,
256 4455 374 4527 nisiquae
382 4454 531 4526 judiciario
541 4455 638 4512 ordine
650 4457 835 4529 publicantur.
848 4462 929 4518 Simi-

127 4543 193 4599 liter
216 4560 247 4599 ea
269 4562 319 4600 ros
340 4544 465 4616 judicare
493 4544 723 4617 adapostolicam
749 4548 870 4607 delatum
888 4561 930 4609 est

124 4634 230 4703 aedem,
242 4649 303 4706 qua
313 4643 412 4706 prater
427 4644 549 4691 nostram
564 4637 644 4693 vobis
656 4637 776 4695 diffinire
794 4657 849 4696 non
865 4643 930 4700 licet

124 4722 331 4788 auctoritatem,
349 4723 377 4779 id
394 4733 434 4780 est
449 4723 639 4796 episcoporum
654 4744 774 4785 eausam.
793 4730 869 4787 Unde
891 4733 930 4790 ita

985 3758 1085 3812 cunque
1100 3742 1223 3813 liqaoerie
1233 3749 1429 3814 superterram,
1441 3747 1520 3796 cruat
1535 3740 1616 3812 lipotu
1632 3747 1656 3795 ef
1669 3740 1785 3808 focalia
1805 3804 1808 3808 ¹

985 3837 1010 3885 et
1022 3848 1181 3902 quacunque
1194 3831 1303 3886 solveris
1316 3848 1395 3902 super
1411 3837 1519 3898 terrum,
1535 3836 1613 3884 erurrt
1626 3831 1714 3885 solutu
1724 3835 1748 3884 et
1758 3829 1787 3883 ia

985 3921 1056 3976 coalia
1072 3921 1177 3993 (diutili.
1199 3938 1259 3989 xvr,
1284 3921 1350 3991 19);
1377 3928 1404 3975 et
1418 3919 1485 3975 alibi
1503 3918 1531 3973 in
1555 3919 1666 3974 statutis
1686 3919 1788 3991 legitur

985 4011 1162 4080 apostolicis:
1184 4035 1193 4057 ‹
1209 4011 1237 4067 Si
1252 4010 1314 4083 quis
1329 4009 1467 4083 putaverit
1482 4026 1510 4066 sc
1524 4024 1539 4063 a
1551 4007 1662 4082 proprio
1677 4015 1786 4064 metro-

992 4122 1001 4145 «
1021 4098 1144 4170 politano
1156 4099 1274 4169 grauari,
1290 4100 1362 4171 apud
1376 4098 1560 4171 patriarcham
1579 4098 1623 4153 rel
1638 4097 1786 4169 primatem

992 4213 1002 4235 ‹
1021 4187 1786 4258 dioeceseos‚autperresuniversalisapostolicaeEcclesiae

992 4301 1001 4326 ι
1019 4277 1268 4349 judicetursederu.
1279 4258 1377 4331 »nihil
1385 4275 1460 4331 aliud
1471 4284 1521 4343 est,
1529 4275 1636 4342 fratres,
1650 4277 1787 4348 talisprae·

986 4367 1107 4440 sumptio
1122 4366 1176 4422 nisi
1200 4366 1386 4439 apostolorum
1408 4380 1575 4437 suorumque
1595 4379 1787 4421 successorum

986 4459 1119 4514 terminos
1134 4455 1297 4525 transgredi,
1313 4471 1463 4527 eorumque
1477 4452 1586 4510 decreta
1596 4453 1706 4509 violari.
1724 4453 1787 4510 Cul-

987 4555 1088 4619 pantur
1109 4547 1194 4614 enim,
1218 4553 1249 4602 ut
1267 4545 1400 4616 scriptum
1425 4551 1475 4611 est,
1501 4544 1610 4607 fratres,
1636 4542 1683 4613 qui
1704 4541 1788 4598 aliter

986 4638 1059 4693 circa
1073 4637 1215 4709 episcopos
1228 4634 1353 4707 judicare
1371 4642 1544 4706 praesumunt
1558 4647 1639 4704 quam
1655 4631 1785 4702 apostoli-

986 4743 1024 4783 cae
1037 4725 1110 4781 sedis
1126 4741 1201 4797 papae
1221 4722 1281 4780 lieri
1297 4723 1440 4796 placuerit.
1457 4748 1466 4770 ι

125 4810 310 4867 ωΰὸῑῑῑῦῑωῦ
327 4812 413 4884 niuei
427 4830 442 4867 ἃ
458 4817 1155 4915 te¹¹¹P⁰¹⁰³1³⁰⁵tf³¹0l¹¹ffl³etdein·Dlr'aepiatolc
1172 4839 1278 4898 Callisti
1293 4856 1380 4910 popu,
1399 4839 1435 4893 ad
1453 4855 1539 4892 enarres
1562 4837 1714 4895 Galliarum
1732 4852 1787 4889 cr-

123 4916 199 4972 ceps.
214 4901 320 4957 Placuit
342 4911 373 4957 ut
385 4914 527 4960 accusatus
546 4907 589 4961 vel
606 4905 746 4978 judicatus
766 4928 781 4966 a
804 4927 930 4986 compro·

124 4989 294 5046 vincialibus
309 4992 338 5046 in
362 4992 453 5064 aliqua
467 5009 548 5051 causa
567 4997 719 5069 episcopus,
740 5000 855 5058 licenter
874 5021 930 5077 ap-

124 5079 211 5150 pellet
229 5088 255 5135 et
270 5081 348 5137 adeat
363 5084 518 5153 apostolica
538 5085 610 5141 sedis
631 5087 801 5158 pontificem,
817 5093 929 5163 quiunt

1024 4915 1095 4970 bima
1123 4913 1263 4986 episcopos,
1294 4912 1339 4981 qui
1365 4911 1418 4980 fuit
1446 4910 1560 4964 delrionis
1581 4910 1704 4982 septimus
1727 4910 1789 4975 post

1023 4990 1144 5043 Petrum.

1025 5085 1124 5156 (Epist.
1143 5084 1200 5156 ll.)
1229 5109 1238 5130 ·
1260 5083 1358 5140 Nullus
1374 5081 1474 5153 primas
1490 5081 1533 5133 rel
1557 5074 1787 5147 metropolitanus

123 5184 175 5240 per
189 5185 217 5223 se
242 5177 290 5224 aaut
307 5187 354 5242 per
375 5172 493 5229 vicarios
508 5191 572 5231 suos
591 5174 649 5246 ejus
670 5183 817 5233 retractare
838 5196 928 5253 nego·
987 5172 1136 5230 dimcesani
1151 5173 1305 5240 ecclesiam,
1331 5173 1374 5226 rel
1390 5168 1599 5242 parochianum,
1621 5167 1664 5221 tel
1681 5164 1786 5236 aliquid

124 5261 197 5313 tiurn
212 5267 354 5331 procuret:
372 5269 399 5316 et
417 5262 483 5318 dum
501 5264 598 5320 iterato
606 5263 713 5334 judicio
728 5266 855 5337 pontifex
865 5287 930 5327 cau-
988 5262 1047 5333 elus
1061 5262 1209 5334 llaroehiae,
1225 5258 1636 5334 pt'aefflsslai0X⁰0111ffl11ssl⁰2fb
1657 5254 1701 5308 vel
1712 5251 1785 5323 ludi·

123 5361 183 5400 sant
199 5362 276 5401 suam
288 5347 353 5419 agit,
371 5350 464 5406 nullus
478 5353 549 5408 alius
561 5354 590 5410 in
605 5353 666 5410 loco
676 5353 736 5425 ejus
750 5362 868 5426 ponatur
879 5367 929 5414 aue
985 5350 1207 5423 care,aliquidue
1220 5367 1297 5423 agore
1307 5350 1408 5422 absque
1418 5348 1477 5419 ejus
1490 5345 1606 5404 consilio
1616 5344 1660 5399 vel
1668 5339 1785 5415 judicio.

123 5433 270 5490 ordinetur
285 5436 445 5508 episcopus:
464 5442 594 5512 quoniam
614 5459 770 5516 quanquam
793 5460 927 5517 compro·
987 5441 1040 5498 Sed
1054 5440 1106 5496 hoc
1120 5439 1268 5496 observent
1291 5438 1365 5510 quod
1381 5436 1415 5493 ab
1430 5435 1561 5508 apostolis
1575 5452 1607 5491 ac
1620 5433 1745 5508 patribus
1759 5444 1787 5491 et

124 5522 294 5579 uincialibus
307 5526 441 5599 episcopis
451 5531 571 5587 accusati
579 5546 688 5588 causam
696 5531 836 5604 pontilicis
849 5551 926 5591 scru-
987 5531 1233 5608 predecessoribus
1247 5530 1348 5586 nostris
1362 5535 1592 5596 eststatutum‚et
1607 5525 1714 5582 anobis
1724 5541 1787 5582 con·
