3834 6136
123 218 175 276 uta
616 207 825 271 aaaavaLbl
844 205 1096 267 andelacensis
1113 201 1275 264 abbacia
1722 190 1774 250 m

123 368 182 423 solo
196 374 359 438 prostratas,
374 366 505 438 lacrymis
519 381 567 422 ora
578 363 705 437 perfusus
719 363 831 420 Domini
841 362 918 418 auxi·
935 365 961 426 Α
975 361 1118 434 migrante,
1139 358 1254 417 Carolus
1271 365 1299 414 et
1316 355 1515 414 carlomannus
1532 347 1586 406 tilii
1605 347 1678 419 ejus,
1699 353 1774 447 regni

123 463 193 519 lium
209 463 411 535 expostulabat,
426 469 561 534 qnatenus
575 460 749 518 dilectissimi
764 460 807 516 sui
817 459 923 517 eunies·
976 447 1244 507 administrationem
1257 443 1423 517 suscipiant,
1437 440 1462 541 [³
1471 440 1600 511 facto(lli
1615 437 1775 495 ⁸⁰¹⁰¹¹¹¹¹¹¹⁸¹

123 551 193 609 soris
208 551 307 624 pignus
320 550 392 624 qaod
407 549 493 606 nullis
508 547 726 622 praecedentibus
741 548 857 617 meritis,
876 547 923 604 sed
978 538 1096 612 generali
1113 544 1251 595 conventu
1265 542 1355 592 totum
1369 546 1447 604 regna
1460 545 1561 602 corpus
1575 543 1612 584 ex
1621 542 1777 631 aquaput-

124 641 183 697 solo
197 640 316 712 gratuito
332 655 445 696 munere
459 639 571 695 famulis
585 638 644 694 suis
662 637 826 706 contulerat,
846 637 924 692 nulla
977 632 1104 688 tiuntur:
1120 637 1148 687 et
1162 626 1276 688 Carolus
1289 623 1401 699 qnidam
1416 637 1475 722 eam
1485 627 1592 693 partem
1607 633 1687 691 regna
1697 634 1776 693 quara

124 730 258 788 scelerum
282 730 446 786 enormitate
469 729 594 803 imitatae
616 726 719 782 auterri
741 727 921 796 permitteret.
978 727 1158 793 patereorum
1169 719 1302 791 Pippiaas
1320 713 1605 786 inprimtstenaerst3
1621 708 1776 768 carloman·

124 817 204 886 Quod
225 817 325 889 quibus
346 817 456 874 tletibus
479 815 633 890 quibusque
654 814 813 887 gemitibus,
835 830 924 887 quare
978 826 1031 867 nas
1044 825 1109 867 vero
1123 823 1182 866 eam
1194 807 1239 863 cui
1254 812 1368 878 patrans
1380 816 1476 859 eorum
1487 799 1694 858 Carlomauaue
1706 813 1776 871 pre-

125 907 282 963 ululatuum
297 908 424 978 clangore
443 913 598 977 peroratam
616 905 662 974 sit,
683 904 745 977 quis
764 903 922 959 mortalium
978 898 1077 966 iuerat,
1092 894 1204 970 regendi
1219 893 1305 966 gratia
1320 888 1486 962 suscipiant.
1504 885 1559 943 Sed
1577 885 1777 945 carlomannus

125 995 267 1050 exsolvere
289 995 403 1052 valeat?
426 994 622 1052 conflictantes
640 991 759 1064 denique
778 992 806 1046 in
829 991 924 1047 dolore
978 996 1039 1061 post
1052 985 1275 1044 administratum
1289 980 1403 1037 biennio
1422 992 1548 1050 reguum,
1566 973 1667 1031 morbo
1684 972 1778 1032 dea*

125 1081 213 1139 Putris
227 1089 255 1138 et
273 1082 396 1140 tiliorum
414 1083 531 1150 animos,
552 1081 640 1139 atatis
658 1079 812 1137 maturimm
833 1080 925 1135 inter·
978 1078 1032 1135 sit:
1048 1078 1162 1136 Carolus
1174 1084 1277 1141 autem,
1292 1073 1376 1129 tratre
1394 1069 1536 1135 detaucto,
1556 1081 1698 1124 eoueeasu
1715 1081 1778 1123 om-

126 1169 246 1244 dumque
260 1186 404 1242 suprema,
420 1171 560 1244 qualitatis
574 1170 670 1238 variae,
690 1169 860 1225 valetudinis
876 1167 924 1224 di-
978 1171 1057 1227 nium
1078 1170 1257 1237 Francorum,
1279 1166 1365 1222 totius
1388 1161 1478 1236 gentis
1501 1158 1696 1216 monarchiam
1716 1173 1779 1216 eus·

125 1261 725 1334 verse,qaisexplicaveritdigne?Videres
735 1258 925 1318 cemeanimos
977 1258 1057 1332 cipit.
1074 1257 1128 1325 Qui
1142 1255 1246 1312 bellum
1261 1253 1393 1311 adsersus
1407 1247 1653 1347 Langobardorum
1674 1255 1779 1318 gentem

126 1351 214 1408 Patris
233 1351 371 1408 aroestitiae
391 1352 506 1408 vulnere
524 1352 643 1418 attritos,
663 1358 836 1424 prospectare
852 1365 926 1405 moe-
979 1347 1087 1404 ltaliam
1112 1344 1279 1418 jampridem
1306 1343 1492 1401 Romanorum
1519 1343 1651 1410 potestati
1678 1334 1779 1393 subtra-

127 1440 248 1498 rentium
262 1439 386 1496 filiorum
400 1440 592 1513 lacrymabiles
604 1441 708 1509 vultus,
724 1439 925 1512 atqueabneu·
978 1448 1051 1499 ctam
1075 1439 1152 1496 vario
1173 1438 1236 1512 jure
1259 1434 1454 1509 possidentem,
1482 1437 1582 1504 rogata
1604 1435 1633 1486 et
1655 1425 1779 1500 precihus

127 1537 170 1585 tra
184 1536 261 1600 parte
275 1531 486 1598 consolatorem,
506 1546 684 1603 prorumpere
701 1529 767 1585 hino
786 1544 864 1586 senes
879 1527 923 1601 ju·
980 1528 1095 1586 Adriani
1110 1531 1239 1587 Romanae
1253 1524 1329 1582 urbis
1343 1520 1465 1596 episcopi
1479 1518 1610 1587 assumit,
1620 1514 1700 1591 quod
1709 1516 1781 1588 prius

127 1616 925 1692 niorihussolitnmpridemimpendentesdilectionisamo·
980 1619 1090 1693 quidem
1106 1626 1133 1674 et
1145 1635 1161 1674 a
1175 1623 1251 1690 patre
1266 1614 1335 1687 ejus,
1357 1610 1495 1685 Stephano
1514 1623 1586 1682 papa
1599 1606 1781 1706 supplicante,

127 1723 184 1764 rem
200 1707 305 1763 nullam
319 1710 461 1766 solaminis
474 1710 600 1766 conterre
614 1711 744 1783 gratiam:
761 1708 924 1782 hinojnnio
940 1720 962 1780 Β
979 1723 1043 1764 cam
1059 1722 1156 1779 magua
1172 1704 1334 1761 difficultate
1346 1707 1503 1773 susceptum
1518 1705 1571 1754 est.
1587 1695 1662 1764 Quis
1674 1695 1782 1768 qmasa

127 1811 180 1865 res,
196 1796 320 1869 patribus
334 1798 443 1852 nullum
458 1797 611 1868 adjumenti
625 1796 709 1853 robur
723 1798 857 1854 conferre.
874 1797 926 1853 Res
979 1809 995 1850 e
1008 1794 1176 1870 primoribus
1186 1794 1354 1850 Francorum
1367 1805 1430 1846 cam
1446 1785 1548 1860 quibus
1559 1783 1711 1842 consulere
1718 1784 1782 1841 sole

127 1894 201 1942 certo
221 1885 330 1942 animos
350 1901 479 1942 erroneos
497 1883 549 1944 hac
568 1886 686 1958 illacque
700 1884 836 1943 trahebat.
852 1887 925 1942 Dum
980 1886 1036 1953 bat,
1051 1884 1119 1941 adeo
1134 1882 1271 1939 voluntati
1286 1879 1346 1953 ejas
1359 1877 1444 1935 renisi
1454 1883 1531 1945 sunt,
1544 1882 1578 1933 at
1592 1889 1622 1931 se
1635 1889 1729 1946 regem
1741 1870 1784 1929 de

128 1973 219 2046 itaque
230 1982 320 2046 partes
329 1981 408 2031 tanto
418 1975 505 2030 animi
518 1975 614 2031 ardore
624 1975 734 2030 interes
744 1974 924 2042 decertarent,
980 1984 1110 2044 suturas,
1126 1974 1293 2046 domumque
1307 1969 1446 2027 redituros
1457 1966 1544 2024 libera
1556 1980 1628 2023 rose
1636 1963 1783 2037 proclama·

127 2071 209 2135 atque
218 2062 248 2118 hi
256 2063 356 2136 quibus
366 2080 409 2121 res
416 2080 465 2136 pro
475 2064 568 2120 animo
578 2064 677 2134 inerat,
686 2080 744 2121 sese
754 2063 926 2121 orationibus
980 2072 1051 2122 rent.
1068 2064 1229 2134 Suseeptum
1246 2068 1339 2118 tamen
1352 2065 1395 2116 eet
1410 2065 1479 2115 tunc
1497 2063 1597 2114 contra
1617 2053 1783 2111 Haistuliam

127 2151 341 2217 communirent,
363 2151 498 2224 majestati
522 2153 800 2226 omnipotentissimae
822 2161 926 2210 tantam
980 2171 1071 2229 regem
1086 2165 1114 2211 et
1126 2153 1269 2210 celerrime
1283 2151 1462 2224 completum.
1479 2146 1627 2221 Siquidem
1643 2144 1782 2218 pratum

86 2252 94 2265 ‘
127 2240 298 2298 discriminis
308 2241 383 2298 litem
395 2243 476 2299 solita
486 2241 662 2300 miseratione
672 2242 802 2299 dirimere
813 2242 924 2315 placuit.
981 2263 1072 2320 regem
1092 2258 1242 2318 pancorum
1264 2241 1373 2298 dierum
1392 2239 1537 2297 obsidione
1558 2235 1636 2310 apud
1661 2234 1782 2293 Ticinum

128 2331 270 2405 Siquidem
291 2332 432 2405 Remigius
453 2332 607 2405 episcopus,
631 2349 693 2390 cum
714 2332 772 2390 sais
792 2332 926 2404 templum
981 2335 1116 2409 compulit
1130 2341 1157 2404 et
1171 2331 1280 2390 obsides
1295 2331 1369 2400 dare,
1388 2338 1416 2387 et
1429 2335 1522 2401 erepta
1536 2325 1675 2385 Romanis
1690 2322 1784 2398 oppida

127 2421 275 2493 ingressus,
286 2422 396 2479 dumad
406 2438 512 2480 morum
522 2423 751 2497 propinquassent
760 2423 926 2494 sepulcrum,
982 2434 1062 2497 atque
1076 2422 1188 2480 castella
1202 2420 1355 2486 restituere,
1367 2427 1449 2492 atque
1461 2426 1492 2475 ut
1506 2415 1617 2474 reddita
1632 2431 1692 2472 noa
1707 2429 1783 2487 repe·

128 2513 271 2585 repentina
281 2513 418 2570 luminum
428 2514 550 2572 caecitate
557 2514 625 2571 adeo
633 2515 831 2587 percelluntur,
840 2521 928 2570 utnec
981 2520 1114 2581 terantur,
1131 2517 1300 2569 sacramento
1315 2507 1397 2566 fldem
1412 2507 1512 2564 iacere.
1526 2504 1685 2562 Enimvero
1701 2504 1782 2563 Cut-

127 2610 238 2658 mutuos
248 2618 358 2658 cernere
369 2605 481 2677 quirent
491 2606 595 2674 vultus,
606 2621 658 2662 nee
666 2605 819 2679 quamlibet
829 2605 857 2661 ia
868 2621 926 2677 par·
983 2606 1027 2660 lus
1042 2603 1202 2661 inchoatum
1221 2617 1237 2657 a
1256 2615 1285 2656 se
1302 2599 1406 2656 bellum
1428 2610 1604 2671 nequaquam
1626 2592 1782 2668 interpolari

127 2697 183 2744 tem
201 2689 297 2745 saltem
312 2692 423 2763 palpatu
438 2709 492 2765 quo
507 2694 633 2766 progredi
647 2696 752 2751 uellent
771 2711 925 2768 agnoscere.
982 2694 1116 2768 permisit,
1134 2691 1296 2764 priusquam
1310 2687 1482 2747 Desiderium
1503 2702 1597 2760 regem
1618 2685 1702 2758 longe
1717 2681 1781 2741 obu-

127 2777 244 2834 Periude
259 2787 362 2837 terrore
376 2781 612 2856 validoadoperti,
627 2784 698 2840 nihil
709 2785 785 2841 aliud
796 2801 877 2857 quam
887 2784 927 2840 vi·
982 2784 1064 2841 diona
1080 2783 1224 2855 fatigatum
1241 2781 1269 2837 in
1286 2779 1456 2837 deditionem
1471 2777 1622 2847 acciperet,
1645 2774 1781 2847 liliumque

126 2876 161 2924 ter
172 2868 316 2941 dispendia
325 2869 536 2940 operiebantur:
548 2872 596 2927 aiii
607 2872 725 2946 denique
733 2876 792 2930 solo
802 2884 927 2931 sternun-
982 2874 1041 2947 rjus
1050 2872 1211 2946 Adalgisum
1222 2869 1250 2925 in
1261 2885 1343 2942 quem
1354 2885 1415 2941 spes
1425 2865 1551 2922 omnium
1562 2864 1702 2922 inclinata
1713 2860 1780 2919 side

127 2965 183 3025 tur,
192 2956 407 3015 misericordiam
418 2959 531 3015 Durnini
540 2962 738 3032 praestolaturi;
747 2963 794 3018 alii
807 2963 928 3035 tugaeso·
982 2961 1072 3030 batur,
1085 2977 1141 3018 non
1153 2960 1243 3018 solum
1253 2975 1347 3031 regno,
1363 2956 1546 3014 verumetiam
1559 2955 1644 3012 Italia
1658 2949 1781 3009 excedere

128 3047 194 3103 latio
205 3047 321 3104 salutem
330 3048 926 3123 meditantes,hucillucquediacurrunt,ro·
945 3079 967 3140 0
984 3051 1170 3124 compelleret,
1193 3049 1339 3122 omniaque
1361 3047 1492 3105 Romanis
1510 3053 1607 3118 erepta
1620 3045 1779 3112 restitueret,

127 3137 328 3212 aiterautesque
342 3138 478 3196 auxilium
493 3141 577 3197 aliare
597 3148 753 3214 precantur.
774 3142 823 3198 llis
841 3141 929 3199 nimia
983 3149 1124 3214 totamque
1136 3139 1243 3197 Italiam
1256 3155 1311 3196 sua
1325 3136 1425 3195 ditioni
1440 3134 1602 3210 subjugaret
1616 3135 1781 3206 subactaque

127 3228 291 3285 contusione
305 3231 552 3302 tumultuantibus,
568 3240 699 3289 evocatus
717 3248 780 3289 cnm
798 3232 931 3290 tratribus
985 3231 1074 3287 tilium
1088 3246 1169 3286 snum
1182 3229 1331 3303 Pippiaum
1347 3244 1448 3300 regem,
1464 3228 1633 3301 imponeret.
1649 3227 1781 3299 Amplists

127 3318 247 3375 accurrit
256 3318 348 3388 abbas,
356 3319 472 3394 dataque
480 3337 563 3377 mana
571 3322 605 3378 ab
613 3321 930 3379 ecclesiaviolatoressa·
986 3320 1103 3393 denique
1125 3320 1199 3393 regia
1220 3326 1363 3392 potestate,
1388 3334 1498 3376 necesse
1517 3326 1576 3374 erat
1600 3317 1781 3392 duoes'regao

127 3406 167 3462 cri
180 3409 276 3482 templi
287 3410 420 3479 extrahit,
431 3409 556 3468 divinam
567 3413 634 3469 satis
643 3412 805 3487 abundeque
813 3412 930 3470 sentieu·
985 3411 1192 3484 subjugataeque
1206 3410 1279 3483 genti
1293 3410 1442 3482 praeficere,
1455 3409 1504 3483 qui
1516 3418 1544 3465 et
1556 3409 1655 3481 legum
1669 3409 1781 3467 medere

126 3498 932 3578 tesalrionemllnmideindeprostratisveniamqaepeten·
986 3501 1071 3571 mina,
1086 3508 1114 3557 et
1127 3516 1231 3556 morem
1244 3500 1368 3557 Franeiae
1383 3506 1522 3556 assuetam
1537 3516 1650 3557 serrare
1663 3499 1782 3574 cumpel-

127 3587 201 3645 tibus
209 3591 358 3646 elementer
368 3590 495 3659 indulsit,
504 3601 585 3665 atque
595 3591 759 3662 exejusdem
769 3593 932 3664 pretiosissi·
986 3595 1083 3650 lereat.
1095 3593 1153 3661 Qua
1163 3592 1197 3647 de
1210 3608 1240 3647 re
1253 3591 1418 3664 primatibus
1430 3591 1524 3664 populi
1536 3589 1716 3666 ducibusque
1728 3606 1783 3650 aaa·

128 3677 930 3751 micontessoriscorporereliquiasbenignissimecontulit.
987 3681 1191 3755 tigitpalatium
1201 3682 1324 3751 vacuari,
1335 3696 1368 3737 eo
1377 3680 1451 3754 quod
1462 3681 1564 3737 multos
1574 3682 1783 3741 extraneum

127 3769 359 3838 llciectisautem,
374 3773 934 3846 aceunotisnecessariisitineridapsiliter
988 3774 1075 3831 nobili
1090 3790 1186 3846 genere
1205 3774 1265 3831 tilio
1280 3775 1439 3844 contulerit,
1462 3773 1597 3847 quicum
1620 3790 1655 3831 eo
1678 3787 1785 3847 regnan

129 3860 282 3927 attributis,
290 3859 325 3917 ad
335 3877 384 3916 sua
395 3862 561 3919 remittit.At
572 3863 614 3918 illi
625 3863 757 3934 palatium
770 3871 931 3936 repetentes,
987 3867 1097 3924 noviter
1110 3873 1266 3939 susceptum
1281 3871 1424 3922 tuerentur
1439 3872 1467 3921 et
1480 3872 1618 3937 regerent.
1635 3863 1697 3922 iias
1710 3864 1786 3941 igitar

129 3947 260 4004 virtutem
282 3949 513 4021 quamplurimam
533 3951 582 4006 Dei
607 3949 661 4007 hoo
685 3951 715 4007 in
742 3951 803 4008 loco
827 3953 934 4010 meritis
987 3956 1130 4014 occasione
1152 3965 1184 4014 ut
1207 3957 1346 4029 aliquibus
1368 3953 1496 4011 videtur:
1522 3960 1553 4010 ut
1572 3954 1711 4027 plurimis
1727 3968 1786 4011 resa

129 4043 231 4091 sanctae
243 4036 293 4093 Dei
309 4036 458 4094 Genitricis
477 4046 667 4113 perpetuaeque
686 4038 810 4113 Virginis
828 4042 930 4108 Maria,
987 4050 1119 4108 credibile
1128 4051 1219 4107 visum
1231 4056 1281 4118 est,
1293 4049 1328 4105 ob
1339 4050 1507 4105 Francorum
1522 4055 1684 4120 suspectam
1699 4047 1785 4115 iidem.

130 4123 205 4178 acB.
221 4124 294 4180 Petri
309 4127 497 4198 apostolorum
513 4127 657 4202 principis,
670 4145 778 4188 necnon
792 4141 819 4189 et
832 4132 933 4205 egregii
988 4156 1069 4212 quam
1097 4138 1180 4197 semsi
1209 4138 1239 4194 in
1267 4137 1478 4210 conjuratione,
1511 4137 1579 4194 dum
1608 4134 1719 4195 hellam
1744 4135 1787 4193 iu·

130 4211 160 4267 P.
173 4213 315 4271 Benedicti
325 4216 523 4275 intercessione
533 4220 682 4291 vigentem,
694 4220 751 4293 regi
767 4223 933 4294 prestantis·
987 4228 1133 4286 choaretur
1146 4227 1324 4297 Saxonicum,
1339 4236 1469 4300 expertus
1489 4236 1546 4294 est;
1571 4227 1678 4285 iterum
1703 4234 1787 4284 sutem

130 4301 203 4358 simo
212 4303 330 4376 Pippino
339 4307 519 4378 patefaciunt,
530 4323 648 4382 eamque
658 4308 799 4368 liberalem
810 4310 876 4369 baio
886 4328 934 4369 sa·
988 4319 1015 4374 in
1031 4318 1221 4392 conjuratione
1234 4317 1345 4391 Pippini
1367 4317 1502 4375 naturalis
1523 4316 1603 4393 ulit]
1625 4314 1789 4392 quibusdem

130 4407 177 4448 cro
192 4393 319 4451 coenobio
334 4396 391 4452 suis
405 4397 646 4455 adhortationibus
663 4399 757 4457 sedule
775 4401 930 4460 efficiam·-
945 4435 970 4495 Β
988 4425 1129 4466 servorum
1158 4424 1269 4466 suorum
1299 4408 1359 4466 fisui
1387 4407 1481 4464 debito
1513 4407 1668 4464 sublevatis
1700 4419 1789 4464 eumn

416 4520 531 4579 cquqv
542 4522 643 4580 xquq·
985 4496 1102 4554 tradidit
1123 4498 1211 4571 regni,
1236 4504 1318 4570 atque
1340 4495 1478 4569 imprimis
1501 4496 1643 4569 Ragonsm
1669 4497 1789 4556 Aurelia-

133 4606 247 4662 Carolus
270 4615 294 4663 at
317 4608 513 4668 carlomannus
537 4614 653 4686 Pippiaa
678 4617 753 4687 patri
782 4617 930 4674 succedunt.
986 4587 1117 4687 nimum
1131 4587 1260 4688 ⁰⁰¹¹¹if⁰¹¹¹
1274 4586 1405 4659 pfaefffiih
1425 4585 1789 4691 Bimffifflibu’fmfmi'

168 4678 423 4761 Carloraaaauslrea
434 4684 557 4740 moritur.
569 4686 662 4742 Caroli
674 4695 754 4759 gesta.
771 4719 806 4729 -
815 4689 933 4746 Rubentis
986 4694 1076 4743 ntum,
1089 4677 1223 4733 Arvernis
1236 4675 1448 4746 Bertmuudum,
1466 4676 1585 4749 ³¹¹¹⁸i⁰0
1599 4686 1632 4735 ¹¹²
1651 4694 1679 4736 0¹
1703 4692 1789 4735 'lm

167 4755 268 4804 wm‘i‘
282 4757 417 4822 saltatim
427 4754 553 4823 putitiu?-
987 4773 1027 4821 cst
1041 4764 1110 4822 locis
1122 4764 1191 4821 alios
1204 4765 1363 4837 preposuit.
1380 4763 1433 4822 Sed
1452 4764 1529 4823 Raho
1543 4773 1574 4822 ut
1589 4765 1652 4838 eius
1665 4766 1789 4825 debitam

167 4845 286 4918 Pippino
301 4846 407 4902 interea
421 4862 482 4920 rege
496 4849 531 4906 ad
544 4851 665 4909 calestia
682 4862 713 4910 ut
727 4854 866 4913 credimus
880 4856 933 4914 de-
985 4872 1035 4927 pro
1049 4854 1086 4909 eis
1100 4853 1243 4910 mutuum
1258 4860 1400 4909 exorarent
1413 4859 1444 4909 ut
1456 4853 1493 4910 eis
1508 4853 1680 4926 indulgeret:
1691 4855 1789 4929 prorai-

169 4973 180 5000 .
197 4935 315 4992 Brevius
329 4934 401 4993 hanc
415 4936 560 4994 historiam
575 4940 721 5068 descripsit
735 4943 841 5000 Auctor
859 4961 933 5001 ano·
987 4947 1071 5018 sitque
1082 4946 1117 5004 B.
1131 4946 1205 5002 Remi
1226 4944 1273 5013 us,
1286 4946 1358 5018 quod
1371 4963 1509 5017 uunquam
1523 4948 1610 5003 eoacti
1623 4964 1724 5021 eorpus
1733 4948 1790 5032 isaie

133 5023 234 5091 aymus
245 5024 296 5091 ms:
309 5007 433 5064 historiae
443 5009 596 5082 episcopor.
608 5013 661 5068 liot
683 5029 772 5096 omag.
787 5014 820 5071 de
836 5017 934 5074 liemi-
987 5018 1103 5145 amEle'us
1117 5024 1193 5073 traua
1207 5024 1285 5073 erret
1304 5017 1375 5085 Quid
1403 5020 1484 5075 lura?
1498 5017 1788 5089 lllieosuutesasdstt,

133 5096 178 5151 gro
191 5079 385 5162 alateumbens:
407 5082 572 5152 curaquead
588 5084 671 5140 locum
685 5093 794 5154 acueret,
813 5093 837 5143 et
850 5089 931 5145 abbo·
988 5096 1011 5143 et
1050 5089 1201 5160 ‚Remigius
1210 5090 1333 5144 cumeris
1347 5105 1375 5144 so
1414 5089 1639 5160 libusprs'sts‘naas
1652 5093 1790 5149 amatas

134 5159 183 5232 tara
197 5167 244 5220 qur
259 5159 319 5207 tuae
340 5152 463 5235 temporis
481 5154 668 5210 monaster-ium
687 5159 791 5230 regebat
812 5166 836 5215 et
858 5161 933 5218 Medo
988 5162 1092 5234 recepit.
1120 5162 1246 5218 Praestas
1270 5167 1308 5216 eat
1329 5166 1417 5217 autem
1438 5160 1585 5232 praefuturis
1607 5163 1740 5233 alhaum,
1762 5167 1790 5219 st

134 5223 268 5277 eleuabatur
279 5230 384 5278 uocaret
400 5240 469 5296 regas
485 5225 569 5281 edicta
586 5227 738 5298 edisserens,
763 5247 822 5285 eum
845 5233 935 5304 legatis
988 5233 1108 5306 eorporis
1121 5233 1176 5288 uiri
1188 5233 1317 5305 reliquias
1331 5233 1388 5289 illis
1401 5233 1542 5302 subderet,
1557 5249 1590 5290 rte
1605 5236 1681 5291 laetu
1694 5235 1725 5292 s's

137 5293 317 5376 Carlomagai·
328 5296 461 5376 amieriam
483 5297 616 5368 ingressus
636 5305 683 5356 est.
708 5301 826 5374 Cumque
841 5304 935 5375 sepul-
990 5304 1369 5362 Dradeaoteseroierat-taato
1385 5303 1536 5376 patrocinio
1554 5314 1721 5365 casuram.
1783 5304 1789 5316 '

135 5377 210 5414 crura
232 5365 267 5443 ll.
290 5383 345 5422 aare
367 5385 438 5440 appr
472 5368 634 5440 iaqausseat,
662 5373 799 5445 repentina
823 5375 936 5431 caecitate
991 5377 1099 5432 liberter
1112 5377 1251 5447 acquievit.
1268 5378 1360 5448 Sisque
1375 5376 1466 5448 legatis
1478 5377 1659 5436 emanatus
1671 5379 1710 5437 aa
1723 5393 1789 5453 pro·

135 5432 243 5485 multata
262 5443 332 5491 suat.
355 5386 471 5497 Proiuz
494 5446 593 5497 terrore
612 5443 702 5500 ualido
725 5446 853 5515 comesa,
876 5451 936 5503 aute
986 5446 1061 5519 pria,
1077 5447 1211 5520 Remigius
1223 5447 1424 5506 rediitadsaa.

134 5499 280 5574 aratorum
307 5507 424 5591 abbatem
451 5511 602 5585 fratresque
629 5515 678 5571 loci
705 5516 781 5572 illius
804 5518 936 5574 sabaeus
1025 5519 1141 5576 bUnais
1160 5519 1380 5580 inclueadesuut
1399 5518 1429 5577 ia
1444 5520 1602 5596 apographo
1615 5529 1713 5581 austro
1726 5521 1787 5581 Seu·

135 5577 344 5647 prosternuntur
368 5583 577 5642 mesericordiam
603 5585 778 5658 deprecantes,
808 5594 937 5659 quotenus
990 5590 1172 5662 germanensi.
