3834 6136
134 192 168 254 39
474 235 482 243 -
801 186 954 252 Usuattnl
973 192 1134 253 MONAClll
1759 190 1796 253 dl)

132 320 207 378 beati
221 319 364 379 Andreaec
412 321 474 389 toli,
491 336 554 378 cum
569 319 841 378 ossibussanctorum
851 320 932 379 Lucae
949 327 975 386 Α
996 327 1009 336 ”
1027 323 1058 380 ln
1084 323 1254 381 Ucunucran.
1277 321 1378 380 absunt
1392 323 1475 382 etiarn
1494 320 1618 378 Andreas
1632 329 1659 379 et
1676 322 1790 379 Beatus.

134 392 351 466 evangelistaeot
387 390 512 448 imothaei
527 391 658 464 discipuli
668 392 741 449 beati
756 393 846 460 Pauli,
861 393 933 449 lacta
991 394 1061 452 Puto
1076 396 1226 452 conuenire
1241 410 1304 451 cum
1320 396 1447 451 Auruet
1463 393 1645 450 blan-Lucra.

133 462 162 519 in
176 462 454 535 Constantinopolim,
473 463 527 519 sub
543 463 725 522 Constantino
741 480 840 536 magno
851 463 936 535 impe·
1027 467 1127 523 Eorrro
1141 464 1330 524 bonaco-Coa.
1347 466 1445 541 incipit
1459 465 1493 522 ab
1506 467 1616 521 Herma.
1628 464 1697 519 Tum
1709 479 1789 522 cccx.

133 542 233 590 ratore.
249 534 285 589 Et
299 532 444 589 translatio
460 535 549 591 sancti
573 535 680 592 Nicolai
706 535 836 608 episcopi.
853 535 889 591 Et
908 536 937 591 in
992 538 1133 611 Sequitur,
1149 538 1182 595 de
1198 538 1339 610 Gregorio,
1357 538 1391 594 ab
1404 540 1547 594 Anrvnnr.
1557 544 1584 592 et
1597 534 1792 592 blan-Lusus.

134 605 276 672 Gandavo‚
286 604 404 661 elevatio
414 607 504 662 sancti
520 606 651 662 llacharii
666 606 933 678 archiepiscopi.Ubi
992 609 1061 664 Tum
1076 609 1110 665 de
1124 609 1244 677 Andrea,
1264 617 1328 678 etc,
1353 608 1400 665 ubi
1425 609 1551 665 dicitur:
1576 634 1584 655 ι
1608 607 1664 663 Sub
1683 605 1792 677 juniori

132 674 197 731 dum
213 675 348 731 increduli
369 675 534 733 miraculum
547 679 698 749 exigerent,
714 679 764 733 iris
778 678 806 732 in
821 677 935 734 modum
992 681 1174 737 Constantino
1189 680 1363 752 imperatore,
1388 697 1462 736 anno
1486 679 1572 752 ipsius
1597 681 1624 735 ui
1645 678 1742 744 esimo,
1760 677 1795 732 ab

133 761 252 814 coronae,
268 753 357 801 totum
369 748 492 803 ecclesiae
503 750 605 805 atrium
621 748 784 815 circumdat,
801 756 828 803 et
841 749 869 803 in
882 765 938 804 me-
992 751 1096 807 Achaia
1111 751 1552 822 Constantinopolimtranslatum
1563 757 1612 806 est.
1628 696 1794 804 incuterem

134 815 181 872 dio
196 832 267 872 crux
280 833 362 873 aurea
376 819 542 890 resplendet,
558 828 635 876 tanta
657 821 854 876 miraculorum
870 820 936 875 evi·
991 822 1067 878 lndae
1083 824 1226 880 translatio
1235 823 1307 879 beati
1318 823 1480 895 Hieronymi
1491 821 1645 948 presblyteri
1656 821 1794 876 etdooto-

134 885 229 943 dentia
250 887 332 945 subse
353 897 445 957 cente,
465 898 594 963 quantam
621 891 670 946 vix
698 890 799 964 uliquis
825 906 937 947 narrare
991 893 1030 949 ris
1045 895 1185 962 Ecclesia,
1198 895 1232 949 ad
1245 895 1394 951 Romanam
1411 896 1545 950 urbem·
1592 892 1733 948 eNicolao
1748 891 1795 947 ad·

131 957 278 1040 sufficeret.
296 985 305 1009 ι
323 906 395 1019 &ide
411 962 440 1017 in
455 962 531 1020 Actis
545 963 580 1019 ad
594 963 667 1019 diem
683 962 741 1035 ejus
764 963 893 1031 natalem,
917 979 937 1019 x
990 964 1077 1032 ditur,
1098 966 1192 1022 «lacta
1207 965 1360 1034 translatio,
1377 966 1411 1022 ab
1425 965 1503 1022 obitu
1518 962 1577 1036 ejus
1592 980 1664 1019 anno
1681 970 1792 1044 septua-

135 1029 159 1085 A
181 1030 251 1086 rrlrs.
991 1038 1094 1108 gesimo
1109 1037 1156 1109 (an
1170 1053 1237 1104 non,
1262 1037 1504 1109 septingentesimo
1518 1037 1543 1107 l)
1578 1035 1791 1109 quadragesimo

133 1171 139 1183 .
193 1118 350 1159 aaruorsu.
372 1103 562 1176 incipitetiam
576 1106 610 1162 ab
624 1106 734 1176 llerma,
755 1122 834 1179 pure,
849 1105 891 1162 uti
906 1111 938 1161 et
990 1109 1120 1180 quinto·
1144 1109 1186 1163 Ex
1200 1124 1281 1164 sensu
1299 1117 1374 1180 patet
1398 1117 1492 1166 nostra
1513 1107 1659 1165 correctio.
1676 1107 1716 1162 De
1738 1105 1794 1161 lda-

131 1187 160 1228 1n
176 1187 254 1229 cccx.
271 1174 300 1231 ln
318 1173 450 1248 Gregorio
465 1176 573 1234 modice
585 1178 777 1249 interpolatus,
793 1194 856 1232 eum
877 1191 937 1249 per·
991 1178 1065 1235 cario
1079 1186 1106 1234 et
1120 1179 1214 1248 Beato,
1230 1187 1261 1235 ut
1273 1196 1305 1235 su
1327 1196 1370 1235 ra.

130 1259 223 1316 peram
241 1252 323 1301 vocat
345 1257 529 1327 «martyrem.
546 1273 555 1296 ‚
573 1248 719 1376 Se1quitur:
739 1248 929 1330 ‹Festinus›
1026 1251 1122 1306 Brnm.
1151 1260 1258 1307 textum
1289 1197 1369 1324 pfane
1397 1249 1577 1323 transposuit.
1608 1249 1745 1323 incipiens
1775 1268 1792 1308 a

131 1323 196 1383 etc,
213 1332 295 1372 sensu
310 1317 439 1373 nonnihil
458 1327 595 1376 truncato.
623 1336 668 1375 um
680 1339 685 1376 :
698 1346 706 1366 ·
720 1322 782 1392 lpso
796 1320 935 1376 dietrans-
990 1337 1066 1377 cccx.
1082 1322 1152 1377 Dein
1167 1321 1196 1377 in
1209 1321 1350 1394 Gregorio,
1362 1321 1459 1378 scribit
1468 1330 1499 1378 ut
1508 1323 1651 1378 Anniano.
1664 1330 1691 1378 et
1703 1324 1793 1387 blan.-

133 1385 203 1443 latio
217 1388 305 1468 sancti
330 1388 436 1446 Nicolai
463 1391 583 1463 episcopi
610 1391 644 1447 de
666 1391 765 1446 hlirrea
779 1392 808 1446 in
824 1391 935 1445 Barram
989 1391 1092 1448 Lousc.
1108 1392 1173 1449 Post
1192 1411 1199 1449 :
1224 1394 1338 1450 «Roma
1353 1394 1440 1450 sancti
1463 1392 1609 1461 llermctis,
1626 1392 1706 1464 cujus
1721 1411 1793 1466 apo-¹

134 1456 264 1530 Apulliae.
281 1457 376 1516 Castro
387 1459 557 1527 vindocino,
573 1461 718 1534 depositio,
740 1488 749 1511 ι
774 1469 839 1530 etc,
855 1477 934 1534 pure.
990 1465 1077 1520 stolus
1092 1463 1192 1520 Paulus
1207 1463 1241 1519 ad
1255 1465 1392 1521 Romanas
1415 1464 1548 1533 scribens,
1567 1465 1705 1522 meminit.
1722 1467 1790 1523 ltem

169 1534 329 1597 Anurcnucr.
357 1545 420 1609 post
433 1539 463 1590 τὸ
491 1562 500 1585 ι
518 1539 648 1606 decem·
668 1538 785 1595 subdit:
807 1537 936 1593 «Eodem
989 1535 1135 1601 festivitas,
1152 1559 1161 1581 ·
1183 1542 1247 1601 etc,
1264 1552 1341 1608 puro,
1356 1536 1398 1591 uti
1413 1545 1440 1592 et
1453 1536 1484 1592 in
1495 1537 1590 1593 Beato.

132 1603 188 1674 die,
203 1607 349 1662 translatio
365 1609 397 1663 B.
413 1609 521 1666 Nicolai
546 1610 668 1681 episcopi
684 1618 710 1665 et
723 1609 898 1674 confessoris,
919 1624 935 1663 a
1026 1605 1152 1662 Gnrvrrr.
1164 1623 1169 1659 :
1180 1628 1189 1652 ι
1199 1606 1267 1661 ltem
1280 1612 1437 1662 sanctorum
1448 1606 1571 1673 Quirilli,
1583 1606 1787 1676 Guidei,Zeno·

130 1675 231 1732 Mirrea
243 1678 355 1734 civitate
368 1679 398 1734 in
413 1680 515 1735 Barim.
543 1678 684 1747 Gundusa,
710 1679 828 1735 elevatio
847 1677 936 1735 sancti
950 1684 974 1745 Β
988 1675 1041 1743 nis,
1057 1673 1210 1743 Adrodisii,
1222 1675 1366 1731 Primoli.·
1390 1677 1484 1748 lnepta
1498 1675 1589 1731 denuo
1603 1692 1638 1731 ex
1653 1678 1791 1750 Hierony-

130 1746 262 1805 hlacharii
276 1749 485 1822 archiepiscopi,
507 1749 601 1807 Castro
619 1751 822 1818 wincheim„
844 1758 898 1806 etc.
989 1745 1090 1802 mianis
1100 1745 1246 1802 connexio.
1265 1768 1274 1793 ι
1290 1746 1394 1802 Eodem
1410 1745 1465 1815 die,
1477 1745 1620 1803 translatio
1635 1746 1706 1802 beati
1726 1748 1790 1803 llie·

167 1818 313 1874 Vrcronm.
339 1827 366 1874 et
390 1821 457 1877 Bac.
480 1820 561 1876 Sosc.
589 1821 712 1892 signatus
730 1819 932 1890 num,130,in
989 1817 1100 1890 ronymi
1115 1816 1313 1890 presbyteride
1335 1817 1496 1874 Bethlehem
1511 1817 1545 1873 ad
1564 1817 1660 1873 urbem
1685 1820 1792 1875 Boma-

130 1887 210 1943 llne:
234 1889 406 1946 «Festivitas
417 1891 489 1947 beati
504 1892 648 1964 Hippolyti
664 1892 805 1964 martyris,
821 1889 932 1964 quando
986 1889 1162 1957 camitem,
1191 1888 1336 1945 translatio
1361 1888 1451 1946 sancti
1478 1887 1584 1946 Nicolai
1609 1888 1731 1969 episcopi
1762 1898 1790 1946 et

130 1958 347 2015 sacratissimum
361 1959 421 2032 ejus
435 1978 535 2035 corpus
549 1964 712 2020 translatum
731 1972 773 2020 est
787 1964 816 2018 in
831 1978 933 2017 mona·
986 1959 1160 2029 confessoris,
1177 1959 1210 2015 de
1238 1957 1337 2016 lilirrea
1363 1960 1481 2016 barrim.
1512 1958 1647 2025 canaan,
1665 1959 1788 2016 elevatio

131 2029 246 2086 sterium
269 2031 357 2087 sancti
377 2033 537 2090 salvatoris,
562 2059 571 2083 ‚
609 2034 711 2092 Colunt
730 2052 783 2092 xrrr
800 2033 931 2107 Augusti.
986 2031 1112 2103 corporis
1126 2029 1214 2087 sancti
1228 2031 1361 2087 llacharii
1376 2031 1499 2104 episcopi
1514 2037 1541 2085 et
1556 2030 1790 2087 conlessarisCo·

129 2100 206 2158 Nihil
222 2100 251 2156 in
266 2101 463 2160 Praetermissis
475 2104 645 2178 adjungitur.
987 2103 1108 2170 rinthiae,
1120 2101 1247 2174 virginis,
1265 2103 1368 2170 llomae,
1383 2103 1495 2159 Marinae
1511 2110 1653 2157 matrona.
1671 2127 1679 2148 ι
1701 2102 1789 2157 Utra-

165 2171 604 2235 stirme‚ainwa-narnium.
615 2204 624 2226 ι
634 2177 758 2251 Gregorii
768 2174 932 2233 Nazianzeni
985 2190 1038 2247 que
1053 2173 1185 2230 hactenus
1198 2173 1291 2245 ignota
1305 2182 1356 2241 est,
1370 2173 1423 2230 nisi
1441 2173 1586 2228 «illarius»
1608 2172 1786 2245 intelligatur

130 2242 222 2315 episco
244 2244 262 2300 i.
279 2245 433 2304 Translatio
448 2249 537 2304 sancti
552 2250 669 2307 Andreae
689 2248 818 2321 apostoli.
835 2249 932 2303 Trans·
993 2270 1002 2292 ι
1017 2260 1089 2301 uxor
1104 2244 1246 2313 Gordiani,
1263 2269 1272 2292 ι
1295 2244 1329 2300 de
1343 2260 1397 2317 qna
1410 2244 1482 2300 Beda
1498 2252 1525 2299 et
1540 2243 1587 2298 alii
1601 2242 1645 2299 die
1660 2245 1788 2317 sequenti

132 2314 205 2396 latio·
224 2260 258 2370 fi.
276 2317 450 2391 Hieronymi.
466 2321 620 2378 Translatiu
649 2321 723 2378 beati
747 2319 854 2376 Nicolai
869 2318 932 2390 epi·
988 2317 1182 2373 meminerunt.
1199 2315 1252 2372 Sed
1266 2315 1453 2398 deejuscultu
1466 2314 1639 2371 nihiladbuc
1651 2315 1787 2386 innotuit,

130 2401 177 2442 sco
198 2402 217 2442 1.
234 2412 243 2435 ι
986 2395 1017 2442 nt
1032 2386 1095 2443 ride
1107 2388 1137 2442 in
1152 2388 1356 2445 Praetermissrs.

150 2402 236 2538 lgna.
252 2461 333 2518 Susa.
349 2462 473 2535 signatus
489 2479 567 2533 num.
585 2462 646 2519 130.
663 2463 715 2520 Pro
737 2462 824 2519 «Beati
840 2486 849 2509 ·
867 2461 932 2518 scri·
1022 2458 1132 2514 Maean.
1148 2458 1183 2514 de
1195 2459 1280 2514 Beato
1294 2456 1407 2530 subjicit
1424 2475 1430 2513 :
1454 2457 1563 2530 «Cujus
1576 2464 1650 2530 gesta
1676 2456 1787 2514 haben-

129 2525 171 2584 brt
188 2546 194 2583 :
218 2532 273 2588 ‹ln
290 2532 396 2603 Castro,
411 2534 483 2590 beati
500 2534 619 2591 Heraclii
637 2535 835 2591 confessoris..
986 2538 1041 2585 tur.
1057 2554 1067 2576 ι
1089 2531 1128 2585 lle
1142 2529 1265 2597 Nicolao,
1281 2537 1312 2585 ut
1327 2528 1495 2601 supradixi,
1511 2528 1595 2585 verba
1610 2530 1789 2586 Hnnrnmusrs

165 2600 250 2657 Aliud
267 2604 334 2660 itas.
347 2605 429 2661 Sunc.
445 2623 522 2661 num.
541 2605 604 2662 sta.
625 2627 634 2652 ι
649 2606 711 2676 Ipso
722 2606 776 2672 die,
788 2603 932 2660 translatio
987 2601 1081 2667 relert,
1096 2599 1226 2656 nonnihil
1240 2601 1385 2672 perpolita.
1402 2601 1471 2657 Dein
1486 2599 1657 2668 :1Gaudavi,
1669 2600 1788 2657 elevatio

129 2667 162 2724 B.
178 2670 285 2728 Nicolai
301 2676 422 2748 episcopi
438 2693 453 2731 a
467 2677 552 2732 hlirea
568 2678 595 2731 in
610 2677 770 2733 Barrensem
791 2676 898 2732 urbem.
916 2699 924 2719 ·
986 2670 1074 2728 macti
1089 2671 1219 2727 llacharii
1243 2672 1423 2728 Antiochense
1447 2670 1520 2727 sedis
1543 2671 1754 2744 archiepiscopi.
1771 2696 1780 2719 ι

165 2740 197 2796 ln
212 2743 348 2802 Varium.
363 2763 440 2802 nuni.
457 2747 646 2804 calcanea«
671 2748 798 2814 Andreae,
825 2747 932 2801 herma
987 2744 1017 2799 ln
1047 2742 1246 2814 posterioribus
1273 2742 1442 2798 editionibus
1470 2742 1504 2798 de
1532 2742 1649 2800 blacario
1664 2743 1789 2799 eaiirilem

129 2818 157 2866 et
171 2812 259 2870 Beati.
276 2841 285 2862 ι
305 2818 464 2889 Adjicitur:
498 2843 507 2864 ι
532 2818 689 2876 Translatio
713 2818 801 2877 sancti
824 2816 932 2875 Nicolai
986 2811 1134 2881 habet‚sed
1149 2814 1177 2868 in
1189 2812 1279 2886 elogio
1292 2814 1409 2884 Nicolai,
1424 2815 1602 2871 llunrnrsusrs
1617 2815 1703 2870 verba
1719 2830 1788 2870 non·

37 2934 49 2948 .
130 2883 251 2958 episcopi
268 2894 295 2944 et
307 2890 472 2946 contessoris
487 2889 517 2945 in
527 2890 650 2947 Barium.
666 2915 675 2939 i
986 2885 1058 2940 nihil
1074 2884 1223 2942 contraxit.

837 3040 1048 3052 ——unae—u-

130 3099 168 3162 Vl
187 3103 260 3161 Idus.
1676 3103 1727 3162 Die
1744 3105 1787 3167 lQ.

163 3193 216 3249 lob
235 3192 384 3267 propheta.
401 3194 494 3252 Romae
508 3193 554 3251 via
567 3192 675 3264 Latina,
694 3192 794 3251 natalis
805 3198 963 3250 sanctarum
982 3197 1136 3266 martyrum
1151 3187 1284 3249 Gordiani
1298 3199 1326 3248 et
1340 3188 1496 3265 Bpimaehi,
1513 3208 1629 3266 quorum
1646 3195 1722 3266 prior
1736 3212 1788 3268 pro

129 3282 302 3341 confessione
317 3284 438 3342 nominis
453 3287 569 3355 Christi,
583 3295 705 3358 tempore
719 3284 833 3349 iuliani,
849 3285 898 3341 diu
913 3283 1063 3356 plumbatis
1081 3283 1207 3351 ceditur,
1227 3291 1255 3339 et
1268 3282 1299 3338 in
1312 3284 1423 3352 ultimo,
1438 3282 1527 3355 capite
1542 3291 1696 3341 truncatur.
1714 3285 1786 3342 Item

129 3370 232 3442 Roman,
248 3374 321 3432 beati
336 3374 479 3449 Calepodii
494 3377 657 3451 presbyteri,
674 3375 725 3432 sub
739 3374 898 3431 Alexandro
913 3374 1090 3446 imperatore,
1106 3375 1153 3448 qui
1177 3376 1244 3433 lecit
1258 3390 1320 3431 eum
1336 3373 1425 3432 occidi
1440 3374 1531 3448 gladio
1544 3384 1571 3433 et
1589 3392 1689 3448 corpus
1708 3375 1784 3432 trabi

131 3473 180 3535 per
193 3463 335 3520 civitatem
350 3474 431 3539 atque
447 3467 477 3522 in
492 3467 622 3540 'lyberim
630 3465 740 3537 jactari.
754 3465 911 3521 Decollatus
925 3470 967 3520 est
978 3465 1061 3521 etiam
1085 3464 1236 3521 Palmatius
1251 3464 1358 3534 consul,
1378 3481 1440 3522 cum
1456 3480 1543 3521 uxore
1558 3472 1585 3521 et
1600 3463 1666 3519 liliis
1679 3473 1706 3521 et
1721 3465 1786 3521 aliis

129 3551 280 3625 promiscui
294 3570 378 3610 sexus
392 3556 573 3629 qnadraginta
582 3556 709 3625 duobus;
729 3572 792 3612 cum
804 3555 904 3628 quibus
917 3563 945 3612 et
957 3554 1117 3627 Simplicius
1127 3564 1246 3612 senator.
1257 3556 1380 3623 Quorum
1390 3554 1481 3629 capita
1487 3554 1564 3627 jussa
1573 3563 1638 3612 sunt
1652 3555 1786 3628 suspendi

128 3657 178 3713 per
191 3641 314 3699 diversas
328 3651 421 3716 portas
436 3645 513 3701 urbis
527 3647 630 3713 llamae,
647 3645 681 3701 ad
697 3645 854 3718 exemplum
872 3643 1104 3704 Christianorum.
1123 3645 1192 3703 Item
1207 3646 1300 3702 Romae
1314 3644 1360 3700 via
1383 3644 1481 3702 Latina
1503 3644 1538 3701 ad
1559 3651 1670 3702 centum
1695 3645 1785 3713 aulas,

128 3729 229 3786 natalis
239 3739 399 3789 sanctorum
417 3733 513 3803 Quarti
527 3740 555 3791 et
569 3732 677 3803 Quinti.

894 3859 1013 3920 NOTAE.

163 3962 228 4020 Puri
243 3969 308 4019 sunt
321 3962 442 4029 Protea,
459 3960 609 4033 herinias,
624 3960 773 4034 llosaoeyd,
786 3961 927 4034 Anturra-
944 3958 1317 4042 cceduntAntuerp.·lllaa.,
1332 3958 1479 4031 Ultrajeot.,
1491 3956 1615 4032 heyden,
1633 3957 1781 4017 maculer.

127 4031 207 4107 Mai,
221 4034 404 4106 Autoerpieu„
415 4034 725 4103 dlac.·Lubea.‚Greoeu.
736 4034 926 4092 etMolaaAc·
960 4105 961 4109 Ἰ
980 4039 1005 4088 et
1016 4032 1090 4088 aaut.
1105 4031 1337 4104 Ultrajeot.-Belo.

734 4155 938 4216 tautanius
957 4156 1160 4215 LECTIONES.

163 4255 255 4332 Magni
266 4257 399 4314 momenti
409 4272 465 4314 nou
479 4266 530 4327 est,
541 4274 605 4314 nam
615 4256 757 4325 Gordiani,
769 4255 925 4328 Epymucbi,
981 4255 1093 4311 vanien.
1110 4261 1201 4311 autem
1215 4262 1277 4326 post
1289 4253 1326 4310 ad
1347 4254 1495 4325 exemplum
1522 4251 1616 4310 subdit
1640 4259 1664 4309 et
1690 4259 1783 4308 terro-

131 4331 249 4414 tybrim,
264 4329 418 4386 Palmarias
432 4337 459 4385 et
473 4346 501 4385 tn
517 4346 602 4401 genus
625 4328 750 4385 minutia
773 4328 859 4384 ferme
873 4343 928 4384 ne·
981 4345 1046 4383 rem.
1060 4327 1162 4384 Melan.
1180 4343 1228 4399 pro
1243 4332 1395 4382 sanctorum
1419 4324 1517 4394 Quarti
1543 4332 1567 4381 et
1594 4325 1687 4402 Quinti
1714 4325 1784 4399 legit

127 4403 193 4476 gligi
206 4410 330 4476 possunt.
346 4402 428 4458 Deest
441 4401 472 4456 in
487 4400 632 4473 Bosweyd.
648 4402 733 4473 capite
756 4407 819 4456 ante
845 4406 928 4454 trua-
981 4399 1065 4457 sancti
1081 4398 1178 4467 Quarti
1190 4404 1214 4455 et
1229 4397 1332 4467 Quinti.

126 4480 214 4532 ratur.
228 4471 370 4546 Ultrajeot.
381 4472 452 4529 male
466 4473 564 4531 scribit
574 4474 677 4546 praesul
690 4489 740 4547 pro
756 4471 858 4528 consul.
874 4470 925 4527 Lo·

803 4596 1104 4656 OBSERVATlONES.

162 4698 206 4755 Ab
219 4698 322 4754 illustri
338 4698 477 4770 patientias
494 4698 625 4754 miraculo
641 4696 714 4752 diem
731 4695 813 4752 hodie
827 4695 926 4767 auspi·
979 4712 1037 4752 rem
1050 4694 1096 4751 hic
1110 4694 1299 4759 deserentem;
1315 4693 1413 4750 Noster
1434 4708 1450 4749 a
1472 4692 1546 4749 tritis
1564 4692 1694 4764 uestigiis
1722 4709 1780 4750 non

127 4778 225 4827 cantur
236 4769 390 4825 Romanum
405 4784 531 4839 parvum,
546 4769 608 4823 Ado
622 4776 649 4824 et
661 4769 769 4834 Noster,
779 4766 925 4837 ipsissimis
978 4764 1151 4833 discendens,
1168 4764 1273 4821 Adonis
1288 4765 1408 4836 elogium
1431 4764 1524 4836 paucis
1544 4764 1775 4836 circumscripsit,

127 4841 184 4899 illis
198 4840 301 4906 uerbis,
319 4839 368 4894 Iob
379 4839 523 4910 propheta.
541 4837 604 4893 Alia
622 4844 663 4893 est
687 4837 789 4892 llieron
814 4837 925 4893 miano-
978 4853 1009 4894 ea
1022 4846 1069 4893 aut
1080 4852 1145 4893 casu
1159 4843 1206 4891 aut
1221 4835 1313 4892 studio
1339 4837 1465 4904 reticens,
1488 4853 1548 4909 quae
1574 4835 1608 4891 de
1629 4836 1778 4906 Epimacho

73 4950 75 4955 -
126 4929 200 4981 rum,
216 4911 240 4968 si
255 4919 346 4967 minen
361 4925 426 4964 vere
441 4910 474 4965 ad
490 4926 521 4966 ea
535 4909 664 4981 pertinet,
675 4909 730 4964 alia
741 4854 855 4964 Notiseri
870 4924 924 4964 ex·
978 4908 1116 4980 copiosius
1129 4907 1238 4963 dixerat
1252 4907 1427 4976 Viennensis,
1441 4922 1565 4980 quaeque,
1583 4922 1618 4962 ea
1633 4907 1717 4962 unius
1732 4923 1778 4964 co·

127 4983 231 5056 pressio
248 5000 254 5038 :
271 4997 443 5038 omnescum
460 4980 666 5048 Wandelberto,
692 4981 721 5035 in
750 4979 924 5036 hocconve-
977 4979 1048 5036 dicis
1063 4980 1149 5035 nostri
1166 4979 1215 5034 bls.
1232 4978 1404 5047 anctoritate,
1426 4987 1534 5034 tantum
1549 4994 1604 5033 non
1620 4977 1713 5033 Adoni
1730 4979 1777 5034 ab·

126 5056 218 5124 aiunt,
229 5054 302 5127 quod
311 5052 530 5110 vetustissimum
541 5051 692 5108 tolerantia
702 5052 842 5123 speculum
851 5052 924 5108 inter
973 5050 1082 5123 iudicat
1096 5051 1295 5116 llenschenius,
1311 5051 1398 5105 multa
1408 5049 1441 5105 de
1453 5049 1606 5121 Epimacho
1618 5048 1776 5120 disputans,

127 5126 244 5183 athletas
267 5124 439 5184 Christianos
463 5125 512 5180 lob
531 5130 674 5195 reponant,
690 5121 921 5196 quemadmodum
976 5139 1037 5196 quas
1049 5122 1078 5178 in
1088 5121 1147 5195 ejus
1156 5121 1361 5180 Commentario
1372 5121 1423 5247 legi
1435 5128 1557 5194 possunt.
1570 5122 1647 5176 Patet
1656 5120 1686 5175 in
1698 5121 1778 5177 Actis

127 5204 154 5251 et
168 5196 197 5251 in
212 5197 289 5253 Actis
304 5197 406 5255 nostris
419 5197 510 5252 locum
533 5195 625 5262 babet,
646 5195 849 5251 Coiirmentarie
871 5211 922 5250 or·
976 5195 1077 5267 abipso
1087 5193 1325 5265 productis,solius
1337 5192 1392 5247 Gar
1413 5193 1468 5247 inni
1478 5191 1775 5264 martyriumdcscribi.

127 5275 218 5322 natus.
237 5269 368 5324 Gordiani
383 5277 410 5324 et
426 5266 566 5338 Epimacbi
581 5267 731 5322 meminere
746 5267 830 5322 etiarn
845 5283 922 5348 prae-
975 5268 1020 5322 An
1036 5265 1103 5321 satis
1116 5266 1233 5332 sincere,
1256 5279 1312 5320 non
1336 5263 1417 5320 audet
1439 5263 1477 5319 ibi
1504 5279 1622 5320 asserere
1645 5262 1776 5334 praefatus

127 5337 184 5393 lata
197 5335 412 5411 llieronymiana
426 5338 591 5412 apographa,
604 5337 722 5393 diversis
735 5337 921 5394 annuntiatio·
976 5337 1176 5405 llenschenins,
1201 5353 1257 5392 non
1282 5351 1381 5402 unum,
1403 5336 1619 5407 cum„Baranio,
1646 5334 1776 5391 falsitatis

126 5407 209 5464 nibus
223 5417 250 5463 et
264 5408 395 5466 distincta
409 5412 556 5483 sepultura
572 5411 642 5478 laco,
655 5408 688 5465 de
698 5425 781 5481 quare
802 5409 921 5465 videnda
975 5409 1159 5466 characterem
1173 5423 1334 5481 agnoscens,
1351 5407 1398 5480 qui
1414 5404 1577 5463 tament-non
1587 5407 1720 5461 continuo
1735 5421 1776 5461 re·

126 5479 291 5536 Florentinii
313 5481 434 5547 notitio;
451 5482 578 5539 meminit
592 5481 674 5549 Beda,
685 5480 812 5536 meminit
825 5482 921 5537 Boma-
976 5480 1114 5552 liquorum
1130 5480 1310 5537 substantiam
1327 5487 1505 5551 corrumpant
1528 5493 1637 5534 necesse
1651 5485 1702 5543 est,
1720 5478 1776 5534 nisi

126 5566 193 5607 num
204 5567 329 5622 parvum,
342 5551 389 5624 qui
399 5553 458 5607 sola
470 5553 556 5611 ferme
565 5569 679 5610 namma
688 5551 847 5624 pradicant.
858 5551 920 5607 Ado
938 5547 962 5608 D
976 5556 1044 5609 Acta
1059 5552 1162 5620 omnia,
1177 5551 1317 5607 lulianum
1329 5560 1477 5624 tyrannum
1490 5549 1665 5622 appellantia,
1677 5548 1773 5604 eodem

125 5621 217 5679 editus
230 5621 264 5679 de
289 5638 364 5678 more
386 5623 520 5679 Actorum
537 5625 730 5698 compendium
747 5620 920 5696 profertiia·
975 5639 1041 5680 casu
1055 5622 1138 5678 simul
1152 5631 1291 5679 corruant.
1302 5623 1382 5679 Noni
1404 5637 1552 5688 noroesse,
1568 5620 1693 5694 quicum
1709 5621 1774 5676 Til-

124 5690 212 5749 banus
226 5709 261 5749 ex
275 5693 370 5751 eodem
386 5694 472 5764 fonte
489 5694 537 5751 sed
550 5697 604 5752 alia
617 5696 710 5771 phrasi
721 5712 779 5752 rem
789 5710 824 5751 ex
845 5694 921 5764 licat,
975 5694 1109 5751 lemontio
1122 5702 1198 5751 tomo
1212 5695 1272 5764 Vll,
1288 5711 1348 5769 pag.
1365 5640 1427 5762 tia,
1442 5708 1474 5749 ea
1493 5694 1604 5775 penitus
1617 5691 1751 5764 abrogent
1764 5709 1771 5762 ;

123 5762 261 5839 habetque
275 5765 332 5823 lere
342 5780 486 5839 sequacem
500 5765 663 5837 Notlrerum,
679 5768 792 5826 solitum
818 5711 922 5825 sucto-
975 5765 1022 5823 sed
1036 5766 1132 5822 malim
1149 5766 1320 5834 existimare,
1332 5781 1348 5821 a
1362 5764 1508 5822 recentiori
1523 5779 1617 5832 manu,
1639 5763 1689 5819 diu
1711 5770 1774 5836 post
