3834 6136
187 229 241 295 did

851 227 1002 290 USUARDI
1021 231 1184 291 uouiclli

1791 225 1845 290 tao

187 364 212 420 1
232 363 283 419 bra
292 376 355 420 com
369 357 427 417 suis
441 359 540 432 puellis
554 373 696 426 conversa,
710 365 796 416 totam
811 358 982 432 provinciam
998 359 1019 419 Α
1037 355 1158 428 episcopi
1173 362 1200 411 et
1222 352 1398 411 contessoris.
1425 354 1488 425 lpsc
1502 352 1558 422 die,
1573 359 1676 410 sancto
1691 351 1848 411 Rictrudis.

231 433 292 490 risti
305 429 455 503 Evangelio
481 430 641 511 complevit,
669 430 780 504 ipseque
806 430 982 503 postmodum

188 505 295 562 illustre
310 511 380 559 mart
401 501 473 558 rium
487 500 591 558 duxit.»
608 501 679 560 Vide
693 519 754 575 quas
768 502 925 584 nuperrime
940 518 987 557 no·

187 577 318 634 lavimus.
350 518 469 641 ‹duinti
496 573 636 645 martyris.
663 573 730 629 Item
753 574 874 630 Socioeti.
907 572 988 645 Apud

187 646 313 712 Xanctis,
340 644 482 700 translatio
508 646 596 701 sancti
624 644 754 713 Victoris,
780 645 860 700 ducis
883 661 918 700 ex
945 646 988 701 le-

188 717 268 845 {dono
283 716 487 773 Theobeorum.
514 715 614 788 Apiani
630 716 751 798 episcopi
767 723 794 771 et
812 715 987 772 ooniessoris.

213 788 321 843 onorati
359 787 478 861 episcopi
516 795 543 843 et
581 787 755 844 confessoris.
791 787 887 844 Abdiae
925 786 989 854 epi-

187 859 262 930 scopi
291 868 318 915 et
348 858 524 927 confessoris,
548 859 627 931 quia
652 859 754 916 sanctis
778 859 910 931 apostolis
931 859 988 930 Sy-

188 945 269 987 mone
283 937 310 987 et
324 929 393 985 iuda
407 930 441 986 ad
455 929 537 986 fidem
561 946 719 997 conversus,
739 930 897 986 eorumdem
921 946 988 1001 pas-

187 1001 293 1057 sionem
317 1001 450 1058 Hebraice
475 1002 639 1072 conscripsit
664 1018 696 1057 ac
719 1001 748 1057 in
774 1018 839 1073 pace
868 1000 985 1073 quievit.

187 1071 314 1138 Vieiinae,
338 1071 474 1144 depositio
495 1072 647 1128 beatissimi
661 1072 807 1128 Theodosii
822 1072 938 1128 abbatis.
955 1073 986 1128 ln

188 1143 365 1210 monasterio,
386 1142 521 1199 adventus
548 1143 669 1216 capitum
688 1151 846 1200 sanctorum
869 1143 987 1199 duorum

188 1214 377 1282 Ewaidoruin,
392 1215 614 1286 presbyterorum
626 1223 654 1270 et
670 1223 833 1286 martyrum.
850 1214 988 1286 Aquilinai

188 1284 306 1355 virginis
316 1293 343 1339 et
356 1285 493 1356 martyris.
510 1284 679 1342 Ermeiindis
692 1284 819 1357 virginis.
830 1285 990 1342 Eidetrndis

188 1355 315 1426 virginis.
332 1355 476 1411 Keuiieriae
491 1356 619 1427 virginis.

224 1426 352 1483 Maian:
385 1451 394 1475 ι
422 1427 497 1484 Villa
519 1426 669 1492 lieldricis,
699 1434 799 1484 sancto
818 1426 991 1484 Ermeliudis

189 1496 316 1580 virginis.
331 1497 497 1566 Eodemdie,
507 1499 596 1554 sancti
606 1498 707 1572 Apiani
715 1499 837 1571 episcopi
848 1507 875 1555 et
884 1498 990 1555 conies·

190 1585 270 1627 soris.
286 1570 364 1637 item,
388 1569 475 1626 sancti
491 1570 624 1625 lionorati
638 1569 758 1642 episcopi
773 1578 800 1625 et
814 1569 989 1626 confessoris.

188 1639 226 1698 Et
239 1640 268 1696 in
283 1649 382 1709 omno,
399 1640 473 1713 quod
482 1640 578 1699 Lensis
590 1642 753 1713 appellatur,
768 1641 855 1699 uncti
872 1640 991 1714 Vulgani

1041 428 1144 485 Eodem
1160 425 1214 492 dis,
1231 425 1374 482 translatio
1388 425 1509 482 secunda
1531 423 1604 481 beati
1622 424 1770 482 Vincentii
1784 441 1850 481 cou-

1042 498 1161 557 iessoiis.
1179 498 1210 553 ln
1225 496 1324 564 Gallia,
1341 498 1451 554 Vienna
1463 496 1587 565 civitate,
1597 495 1686 552 sancti
1697 494 1850 552 Theoderii

1042 570 1162 642 episcopi
1176 576 1204 624 et
1218 568 1403 634 confessoris,
1420 577 1447 624 et
1461 568 1606 624 translatio
1625 566 1715 639 ipsius
1730 566 1763 622 iii
1778 567 1849 637 lom,

1042 642 1089 715 qui
1100 641 1204 697 dicitur
1216 638 1304 696 Vallis
1318 642 1454 697 itubiana.
1471 639 1594 695 [ledonis
1606 638 1788 706 contessoris,
1804 655 1850 696 cii·

1040 713 1086 786 jus
1100 727 1200 783 corpus
1209 709 1327 782 quiescit
1340 711 1413 783 apud
1426 711 1623 767 monasterium
1640 710 1671 766 in
1686 711 1796 767 Fama.»
1813 712 1852 768 oc

1043 801 1097 858 quo
1109 783 1209 838 iterum
1222 779 1267 836 die
1276 782 1449 852 praecedenti.
1462 782 1568 838 Deinde
1582 781 1742 837 minoribus
1754 781 1848 864 typis:

1044 875 1058 908 n
1076 857 1108 912 ln
1132 855 1244 911 civitate
1259 852 1425 921 pataviensi,
1441 853 1600 925 triumphus
1619 853 1711 909 sancti
1727 868 1823 924 episco
1843 853 1852 908 i

1042 924 1226 985 Maximiiiani
1238 925 1368 998 martyris
1378 933 1405 981 et
1415 924 1557 982 Valentini
1567 923 1767 981 confessoris·
1787 870 1856 980 Ed·

1041 999 1131 1055 tiones
1143 998 1205 1054 alias
1215 994 1249 1050 de
1261 995 1453 1053 Ermelindoet
1465 996 1590 1077 Vulgano
1600 995 1674 1051 idem
1686 994 1805 1051 habent.
1815 997 1860 1053 De

1042 1069 1196 1126 Theodario
1224 1068 1337 1147 ponitur
1354 1068 1412 1124 sola
1439 1067 1585 1193 degositio,
1609 1066 1715 1122 omissa
1729 1067 1855 1123 mansh-

1043 1141 1128 1207 tione,
1144 1147 1172 1197 et
1186 1144 1289 1195 rectius
1298 1139 1431 1196 scribitur
1442 1139 1475 1194 ab
1492 1139 1554 1206 otis,
1565 1154 1622 1194 nou
1637 1137 1765 1210 episcopi.
1784 1138 1855 1197 «bie

1044 1211 1176 1284 vigesima
1195 1223 1277 1279 nona,
1293 1212 1379 1267 sancti
1402 1208 1492 1266 Patris
1515 1207 1653 1266 Abramii.
1679 1209 1712 1265 lii
1727 1207 1854 1268 coenobio

1044 1284 1216 1355 Sonegiacas‚
1234 1282 1342 1339 :eodem
1373 1282 1429 1350 die,
1459 1280 1604 1338 translatio
1634 1280 1753 1337 secundi
1781 1279 1851 1338 beati

1045 1354 1186 1412 Viiicentii
1208 1354 1384 1413 contessoris.
1402 1377 1411 1402 ι
1432 1352 1504 1409 Vide
1523 1368 1583 1426 quae
1600 1351 1659 1408 dei
1681 1368 1713 1408 so
1729 1351 1849 1410 diximus

1046 1443 1094 1482 xiv
1110 1426 1188 1482 Julii.
1205 1431 1310 1486 Rursus
1325 1423 1480 1481 minorihus
1489 1423 1574 1497 typis,
1589 1422 1638 1479 sed
1652 1367 1710 1481 adio
1725 1422 1849 1481 nonnihil

1046 1497 1128 1553 modo
1141 1516 1147 1553 :
1163 1499 1213 1555 ‹In
1223 1497 1335 1556 civ'itate
1345 1495 1511 1561 Pataviensi,
1523 1493 1684 1567 triumphus
1693 1501 1848 1552 sauctorum

1046 1568 1250 1695 episscoporum,
1274 1566 1459 1626 Maximillam
1487 1566 1630 1640 martyris,
1659 1574 1689 1623 et
1712 1565 1848 1626 Valentini

1046 1656 1098 1697 con
1112 1657 1249 1700 essoris..

187 1806 226 1864 Hi
243 1807 308 1864 Kal.

223 1904 305 1976 Apud
316 1902 448 1973 Africam,
464 1905 565 1961 natalis
585 1912 744 1962 sanctorum
771 1912 937 1978 martyrum,
957 1921 1073 1962 numero
1087 1904 1273 1963 ducentorum
1299 1905 1414 1979 viginti.
1441 1904 1560 1963 Ciuitate
1584 1903 1739 1978 Tingitina,
1765 1903 1848 1976 passio

187 1991 276 2048 sancti
289 1991 411 2049 blarcelli
425 1993 607 2060 centurionis,
622 1993 671 2066 qni
687 1993 786 2066 eapitis
799 1993 954 2052 abscisione
974 1995 1139 2067 martyrium
1156 1994 1367 2052 consummavit
1386 1993 1437 2051 suh
1461 1994 1641 2068 Agricolano,
1656 2000 1758 2067 agente
1776 1992 1849 2050 vices

188 2077 378 2150 profectorum
389 2079 702 2150 pratori0.Antiochias,
711 2083 800 2140 sancti
808 2082 1104 2159 Serapionisepisoopi,
1117 2084 1274 2141 eruditione
1283 2084 1448 2142 clarissimi.
1457 2082 1557 2157 [Addit
1566 2082 1743 2141 Bouiltartis
1758 2086 1847 2139 tectu:

187 2165 249 2240 Ipso
259 2165 305 2224 die
317 2169 406 2224 sancti
418 2167 546 2225 Germani
560 2168 682 2241 Capuani
695 2171 817 2243 episcopi
829 2189 836 2239 ;
852 2177 876 2226 st
886 2173 923 2228 ad
936 2189 1021 2244 marg.
1038 2177 1188 2231 charactere
1203 2178 1311 2231 cursivo
1327 2194 1332 2231 :
1351 2176 1388 2231 Et
1401 2175 1491 2234 sancti
1506 2175 1610 2232 Lucani
1622 2172 1783 2250 martyris]

930 2298 1051 2356 NOTAE.

228 2395 286 2453 Soli
295 2395 410 2455 omnino
424 2396 487 2470 puri
501 2394 684 2452 inveniuntur
693 2394 844 2466 Herins'en„
861 2395 974 2453 Greosn.
987 2403 1015 2452 et
1034 2397 1137 2457 Mulon.

1739 1806 1846 1867 Dt‘sdd.

223 2546 235 2573 ¹
250 2535 389 2591 duonum
403 2548 457 2589 oro
472 2530 576 2589 codicis
586 2529 711 2589 additum
727 2531 857 2588 fatemur.
874 2533 905 2587 ln
923 2532 1055 2588 Garumna
1065 2533 1157 2606 prima
1172 2548 1284 2590 manus.
1299 2531 1476 2589 Bouiiiiiir.

794 2665 995 2723 VARIANTES
1021 2665 1228 2725 LECTIONES.

224 2767 264 2822 lle
294 2763 438 2820 abscisione
460 2771 487 2819 et
514 2760 675 2834 hujusmodi
705 2762 906 2820 variationibus
935 2780 990 2837 iiop
1005 2769 1028 2830 Β
1043 2765 1127 2820 sancti
1147 2764 1282 2832 Germani,
1301 2762 1425 2835 Caprasi
1448 2762 1583 2834 episcopi:
1607 2770 1690 2836 atque
1715 2760 1750 2818 ad
1776 2776 1850 2816 msr·

189 2837 310 2963 inquom
336 2834 397 2891 duae
420 2840 484 2890 sunt
499 2833 687 2903 notabiliores,
711 2834 740 2890 in
771 2835 990 2908 quibusaionte
1045 2836 1147 2963 qinom,
1166 2835 1240 2909 quod
1262 2835 1290 2891 in
1306 2834 1463 2917 apographo
1487 2840 1581 2891 nostro
1596 2834 1766 2891 subductum
1788 2840 1848 2888 est:

190 2906 219 2964 di
241 2915 282 2963 ert
296 2906 383 2974 rivus,
395 2905 430 2961 ab
444 2904 540 2961 Adone
554 2905 703 2976 Usuardus,
721 2922 784 2961 cum
811 2922 910 2978 nempe
956 2907 990 2961 ri·
1062 2915 1119 2975 um,
1149 2907 1234 2962 sancti
1258 2906 1359 2962 Lacaru
1391 2907 1545 2977 martyris:
1574 2920 1635 2978 qnae
1660 2905 1688 2961 in
1706 2903 1804 2961 codioe
1830 2905 1849 2959 lt

189 2979 269 3034 marii
284 2977 386 3051 quique
400 2985 427 3033 et
442 2975 627 3048 probatissimi
651 2977 759 3033 codices
776 2976 902 3034 scribunt
942 2978 990 3033 io-
1044 2986 1137 3035 textus
1171 2987 1257 3034 artem
1280 2977 1397 3034 iaciunt.
1414 2979 1517 3033 Ducem
1535 2984 1690 3049 sequnntur
1711 2976 1788 3032 soliti
1807 2991 1849 3032 co·

187 3049 322 3122 gitioa'et
349 3048 521 3120 Apruoiano,
549 3064 599 3122 pro
629 3048 770 3119 Tingitana
784 3056 811 3103 et
835 3047 987 3119 Apruolao,
1043 3049 1120 3106 dices
1166 3047 1377 3121 utnerp.—ltlaj.,
1395 3048 1541 3121 Rosweyd.
1567 3046 1782 3122 etAquiciuct.,
1804 3045 1849 3102 sed

190 3120 333 3178 utdiserte
347 3120 416 3177 alter
431 3120 541 3191 legerat.
560 3120 603 3175 Ex
624 3135 757 3192 purorum
772 3117 806 3175 ab
821 3119 897 3174 omni
913 3128 988 3191 parte
1042 3119 1138 3176 aliast
1162 3119 1279 3176 auctiori
1302 3119 1406 3192 pbrasi,
1431 3127 1461 3178 ut
1476 3120 1510 3177 de
1523 3117 1715 3177 additamento
1730 3134 1786 3174 non
1800 3116 1846 3173 du·

189 3192 315 3250 codicum
339 3207 455 3249 numero
480 3191 585 3249 exclusi
604 3197 670 3246 sunt
698 3189 788 3259 multi,
809 3197 836 3246 et
851 3190 988 3264 imprimis
1041 3191 1122 3248 bites.

189 3263 336 3334 Pratensis,
365 3264 394 3321 in
421 3280 476 3338 quo
502 3263 531 3320 in
558 3263 613 3319 fine
639 3260 817 3335 adjungitur:
844 3263 907 3335 Ipso
934 3263 985 3331 die,

862 3387 1165 3461 oesnnviriouus.

225 3481 425 3552 Aiicnprnoram
435 3478 592 3551 pbalangem
606 3477 778 3533 ducentorum
792 3476 886 3550 uiginti
899 3495 987 3534 saara·
1042 3485 1085 3535 rat
1098 3479 1216 3537 Romani
1235 3480 1312 3553 parvi
1328 3488 1424 3538 auctor
1441 3498 1446 3537 :
1467 3481 1621 3552 Tingitana,
1631 3477 1756 3538 Marcelli
1764 3485 1848 3534 centu·

189 3568 250 3607 runi
264 3552 379 3608 rnilitum
392 3550 481 3605 omitia
500 3549 659 3603 latinorum
672 3548 728 3618 fere
740 3549 990 3620 Martyrotopiaiioc
1042 3550 1128 3607 runis
1140 3552 1420 3623 stmartprisdlirum
1435 3551 1678 3624 esttamjeJ'unum
1691 3549 1848 3607 encomium

188 3621 413 3685 dieosnsrantur,
438 3618 530 3690 inquit
552 3620 748 3676 Florentinius.
771 3622 807 3674 nt
830 3620 924 3675 omnia
942 3620 990 3675 illa
1043 3621 1077 3677 ab
1098 3622 1201 3679 Adone
1219 3624 1391 3692 concinnari,
1416 3640 1479 3680 cum
1503 3631 1595 3680 umen
1618 3624 1686 3679 Acta
1713 3622 1771 3693 ipss
1793 3638 1848 3678 non

190 3691 388 3770 Martyroiogia
410 3688 580 3746 reducuntur
601 3689 635 3744 ad
660 3689 876 3768 llieronyiuiana
898 3689 990 3769 aliqua
1044 3692 1184 3764 ignorasse
1200 3694 1346 3762 videatur;
1363 3695 1537 3767 aptissimum
1546 3692 1737 3768 certeputtvit
1751 3692 1849 3750 Usuer-

189 3777 204 3816 ι
243 3760 363 3842 grapha;
381 3766 447 3815 item
462 3760 753 3839 Romanuinparvum,
774 3757 921 3840 bisverbis
938 3761 989 3815 :ln
1043 3764 1104 3831 dus,
1121 3763 1194 3836 quod
1212 3764 1241 3819 in
1251 3773 1357 3821 textum
1373 3782 1453 3822 sunm
1465 3767 1604 3838 integrum
1620 3764 1794 3833 transferret,
1814 3765 1851 3821 iis

216 3830 288 3901 [rica
297 3838 453 3909 mortuum
462 3844 544 3883 ccxx.
560 3829 631 3884 Hinc
645 3844 678 3884 ac
687 3827 824 3910 Adonem,
843 3828 943 3886 deinde
956 3829 991 3886 ad
1043 3834 1180 3891 duntaxat
1194 3837 1308 3892 mutatis
1318 3853 1379 3909 quae
1388 3838 1418 3893 in
1431 3837 1611 3894 Variantibus
1617 3837 1764 3893 observata
1774 3844 1849 3893 sunt.

189 3903 330 3969 Nostrum,
343 3902 390 3973 qui
404 3900 516 3957 solitum
529 3897 672 3954 ductorem
682 3898 836 3970 descripsit.
848 3900 929 3971 Apud
944 3917 990 3956 an·
1043 3906 1128 3962 Porro
1143 3906 1190 3978 qui
1213 3906 1247 3962 ab
1261 3908 1358 3965 Adone
1371 3909 1542 3980 Amusicus,
1558 3925 1573 3964 i
1588 3909 1687 3965 Nostro
1704 3907 1849 3979 Agricola-

190 3973 210 4031 ti
234 3989 283 4028 uos
296 3973 366 4029 alios
382 3971 410 4027 bi
423 3977 562 4051 ¹martyres
582 3970 711 4050 ιιᾳῑιιιοιι
725 3979 790 4026 sunt
803 3989 810 4038 ;
822 3972 990 4029 solusWaii-
1044 3994 1103 4045 nus,
1127 3977 1162 4034 ab
1185 3977 1248 4034 aliis
1267 3979 1452 4036 Auriculanus
1469 3981 1632 4062 appellatur.
1649 3982 1689 4036 lle
1706 3979 1848 4047 Cassiano,

189 3989 339 4126 ddbortns‚
356 4057 513 4115 nescioquo
527 4042 678 4097 verosimili
691 4039 881 4123 fundamento,
896 4051 989 4126 centu·
1044 4048 1154 4121 gloriosi
1170 4047 1253 4121 hujus
1268 4051 1397 4122 martyris
1423 4067 1567 4108 occasione
1588 4051 1621 4108 sd
1641 4049 1726 4107 iidem
1744 4048 1848 4110 Christi

190 4115 411 4183 rionillarcello,
422 4122 553 4195 tanquam
564 4128 657 4194 eorum
667 4119 849 4186 antesignato,
864 4115 989 4187 pugilum
1043 4136 1176 4177 converso
1192 4127 1219 4175 et
1228 4120 1345 4177 subinde
1355 4122 1414 4193 pari
1425 4122 1517 4179 laurea
1525 4131 1668 4190 coronato,
1683 4121 1768 4193 cujus
1783 4122 1861 4180 dota.

190 4193 309 4243 turmam
323 4185 479 4258 subjunxit,
494 4184 538 4240 bis
548 4185 689 4241 versibus:
1043 4206 1153 4318 ffimoteilsl
1159 4190 1194 4272 'iii
1205 4192 1297 4319 ⁸luctetm
1317 4194 1576 4322 pqotulittlaugatm
1589 4193 1756 4322 dnimmrltim
1769 4200 1857 4322 astque

1089 4278 1102 4315 r
1157 4278 1252 4318 ianisa
1278 4279 1479 4331 exui,aeur
1508 4282 1579 4322 ieiii
1613 4280 1661 4322 ece
1712 4280 1762 4322 ris.
1794 4282 1858 4320 erc—

1004 4333 1143 4461 (1ξὲιέἵῖιῖ
1155 4333 1372 4462 addtiddhenum
1398 4281 1492 4417 dolius
1520 4336 1554 4465 idi
1565 4338 1660 4464 Ρῧιῑοι
1673 4334 1867 4464 ghristgudtlios

462 4544 468 4556 ι
962 4546 968 4556 ¹
1043 4422 1870 4562 contraxit:&imprigeoqisscgqnssoggtiaau{qqqiannqqquocff

225 4545 288 4601 lianc
301 4545 381 4617 plane
401 4554 484 4617 gratis
507 4559 523 4599 a
545 4543 742 4602 wandalberto
766 4561 900 4614 connexa,
926 4561 990 4601 evi·
1044 4564 1116 4616 rum,
1133 4554 1308 4619 potissimum
1322 4549 1445 4618 Eusehii,
1462 4551 1530 4607 locis
1548 4549 1704 4623 colligenda
1718 4559 1797 4618 sunt,
1821 4557 1864 4606 ut

190 4615 287 4672 denter
300 4617 450 4673 ostendunt
463 4618 570 4673 sincera
584 4623 611 4671 et
651 4617 752 4672 onuina
766 4617 852 4674 sancti
868 4617 989 4675 Marcelli
1040 4617 1098 4690 jam
1114 4635 1169 4674 non
1184 4619 1322 4677 incuriose
1339 4621 1467 4693 praestitit
1478 4621 1670 4678 lillemontius
1680 4629 1760 4678 tomo
1776 4622 1824 4690 lll,
1835 4636 1865 4676 a

189 4685 329 4758 Tingitani
356 4687 589 4768 martyrisldcta,
604 4633 714 4768 aduris
729 4687 822 4757 bodie,
839 4705 855 4744 a
870 4689 989 4744 Boionio
1061 4706 1103 4762 ag.
1131 4690 1191 4746 168.
1216 4691 1361 4750 Videndus
1384 4692 1466 4750 etiam
1480 4693 1665 4766 Hieronymus
1688 4691 1724 4749 dc
1746 4691 1857 4765 Script.

189 4755 224 4813 sd
241 4772 344 4812 antium
359 4774 479 4838 ccxcviii
493 4773 521 4811 in
542 4773 689 4838 principio,
713 4764 740 4838 et
764 4760 901 4839 recentius
916 4760 988 4839 inter
1043 4707 1121 4817 dicei.
1137 4776 1197 4832 cap.
1217 4761 1262 4830 lii,
1284 4771 1311 4818 et
1325 4763 1362 4819 ibi
1377 4764 1493 4820 Auberti
1511 4765 1598 4821 Miroei
1612 4763 1731 4831 scholia,
1747 4763 1862 4837 quilius

189 4827 294 4885 Selecta
308 4825 505 4884 al'beodorieo
520 4828 665 4883 Ruinartio
692 4828 766 4884 edita
780 4838 807 4884 et
827 4837 900 4885 notis
915 4830 986 4885 illu-
1042 4832 1172 4903 praeluxit
1195 4832 1341 4901 Baronius,
1365 4843 1423 4891 tum
1454 4835 1639 4892 innotatione
1657 4833 1717 4900 bic,
1745 4835 1858 4892 tumim

189 4906 274 4957 strata
289 4915 304 4955 a
320 4914 380 4972 pag.
392 4898 453 4967 311,
465 4897 568 4955 Gallice
580 4914 645 4953 vero
655 4897 772 4979 deducta
784 4899 986 4956 aTiilemontio
1040 4903 1204 4970 Annalibus,
1231 4907 1382 4976 prasertim
1410 4906 1444 4963 ad
1471 4922 1575 4963 annum
1598 4907 1659 4964 191.
1685 4906 1856 4972 Feliciones,

187 4978 263 5029 tenio
278 4969 327 5040 lV,
344 4984 431 5042 apag.
448 4969 509 5051 575:
525 4969 612 5050 Multa
628 4969 661 5025 de
682 4969 852 5050 illustribus
867 4980 986 5044 martyre
1041 4973 1133 5030 nescio
1159 4976 1230 5056 quis,
1257 4993 1320 5032 cum
1344 4977 1437 5045 sociis,
1466 4988 1492 5034 et
1522 4979 1671 5035 Germanus
1689 4978 1853 5061 Cumanus,

190 5042 302 5100 tradunt
314 5042 462 5124 scriptores
476 5040 599 5122 iiispaiii,
611 5056 666 5112 qno
676 5047 766 5120 autem
779 5057 841 5112 jure
855 5057 918 5122 enm
933 5043 986 5124 sibi
1042 5044 1179 5101 Mosandri
1190 5053 1216 5102 et
1230 5049 1325 5105 ilosvre
1346 5048 1375 5104 di
1385 5047 1503 5120 judicio,
1523 5049 1615 5105 Adoni
1639 5048 1853 5121 abjudicantur.

189 5122 220 5170 ut
234 5115 393 5187 popularem
408 5111 561 5175 vindicent,
577 5120 623 5168 aut
633 5128 687 5185 quo
699 5110 773 5182 filios
786 5111 931 5171 duodecim
942 5122 985 5169 iti·
1042 5117 1138 5174 Utrum
1155 5126 1308 5188 postremus
1323 5065 1345 5176 V

188 5184 250 5242 dem
264 5183 496 5259 martyreseideni
512 5183 645 5252 tribuant,
658 5184 777 5240 suoioco
788 5184 986 5256 disputabitur,
1040 5188 1216 5246 claravimus.
1232 5191 1282 5245 Est
1296 5190 1324 5245 in
1336 5191 1446 5248 llabauo
1460 5193 1536 5247 solos
1551 5191 1701 5248 Pontianus
1716 5207 1796 5273 papa,
1815 5190 1853 5246 de

188 5256 419 5335 quemadmodum
434 5263 461 5312 et
470 5255 503 5311 de
518 5254 580 5311 aliis
592 5271 608 5310 a
618 5255 736 5311 Baronio
746 5255 792 5313 hic
806 5255 896 5313 obiter
910 5265 985 5313 nota·
1041 5274 1096 5332 quo
1111 5260 1210 5316 Florus
1225 5260 1316 5332 pridie
1331 5263 1467 5318 meminit.
1479 5262 1549 5320 Vide
1563 5278 1604 5319 xx
1615 5263 1795 5320 Novembris.

188 5331 234 5382 tis.
250 5329 358 5385 Primus
372 5328 445 5385 inter
455 5326 653 5399 martyrologos
667 5328 824 5386 Marcellum
834 5328 874 5385 sic
884 5345 985 5384 memo·

918 5450 1109 5510 lucranti.

205 5541 345 5624 ,rainu
365 5548 464 5628 Ι111160
486 5556 525 5630 et·
541 5547 627 5631 altero
652 5545 720 5603 item
749 5546 873 5604 Pratensi
897 5550 991 5608 codice
1010 5560 1035 5619 Ι)
1084 5553 1321 5625 iturusne-liin,
1333 5556 1361 5612 iii
1376 5563 1456 5614 textu
1468 5573 1531 5614 cum
1547 5557 1663 5628 ceteris,
1679 5557 1722 5616 sio
1735 5555 1844 5630 subjun·

189 5621 296 5686 signato
311 5615 331 5670 B
344 5615 442 5698 divim
461 5619 649 5677 Variantibus.
673 5688 679 5700 .
1045 5624 1085 5699 git
1099 5644 1108 5685 :,
1130 5628 1215 5699 ·lpso
1233 5627 1289 5695 die,
1301 5628 1390 5685 sancti
1414 5628 1544 5686 Germani
1565 5628 1826 5704 Capuanispiscopi
1836 5641 1844 5696 ;

219 5686 383 5768 ΙΤοιιιιιιιιιιιι.
399 5703 428 5741 in
443 5686 498 5769 tine
512 5696 604 5748 textus
618 5706 680 5766 puri
697 5706 703 5746 :
727 5689 851 5750 «Eodem
863 5693 989 5763 diesen·
1050 5696 1258 5770 cujusonimam
1272 5699 1627 5769 Paterlienedictusvidit,·
1644 5709 1671 5758 ot
1685 5709 1748 5761 tum
1763 5698 1843 5757 erasis

188 5765 226 5816 cti
242 5757 346 5815 Lucani
361 5764 501 5830 martyris.
516 5783 526 5806 ι
1043 5768 1191 5842 aliquibus,
1203 5770 1276 5828 inira
1286 5771 1385 5829 lineam
1397 5772 1518 5844 ponitur,
1534 5772 1585 5829 sin
1597 5772 1701 5832 coslum
1714 5772 1835 5833 utenti

251 4304 335 4354 Tertio
351 4302 496 4361 Marcellus,
510 4301 604 4351 Cbristi
618 4303 735 4364 galeatus
750 4317 845 4364 amore,

251 4368 398 4416 Centuriam
413 4370 480 4414 coelo
494 4364 598 4426 dignuin
618 4367 800 4428 geitiiniiinque
819 4366 938 4425 saciavit,

250 4429 408 4492 Martyribus
420 4427 461 4477 bis
476 4436 578 4477 centum
594 4435 619 4475 ct
636 4429 674 4476 bis
691 4426 765 4476 denis
778 4429 915 4478 coinitutns

1346 5120 1493 5176 suardinns
1506 5120 1553 5189 sit,
1573 5136 1657 5192 supra
1669 5120 1784 5177 abunde
1797 5120 1852 5177 de-

1711 6010 1719 6063 ι’

1635 6076 1640 6084 “
1712 6076 1721 6099 i
