3840 6136
213 175 265 234 227

870 171 1024 231 USUARDI
1042 167 1204 232 MONACHI

1822 165 1878 245 tta

214 303 318 359 tionem
337 298 426 356 textui
440 297 548 366 inserit,
563 312 646 370 quam
659 297 730 354 scire
743 299 843 370 potuit,
863 298 898 354 ad
910 300 1016 355 Usuar-
1030 300 1056 360 A
1069 297 1158 355 sancti
1172 297 1354 370 reperiantur,
1370 297 1424 353 hoc
1438 292 1486 354 die
1504 292 1612 353 nullum
1638 312 1753 371 usquam
1779 300 1877 370 signa-

213 375 279 431 dum
299 371 436 444 pertinere
451 385 622 444 nequaquam
646 383 735 441 posse,
759 385 822 425 cuin
846 379 966 435 sanctus,
983 369 1016 427 de

213 460 296 520 quoa
317 444 347 512 it,
363 451 421 499 toto
436 444 537 500 seculo
552 441 588 497 sit
602 442 726 497 Usuardo
741 443 885 512 posterior,
899 457 1015 514 nempe:

220 542 230 564 ‹
245 461 350 571 Eodem
366 515 421 580 die,
437 514 536 570 natalis
550 512 622 568 beati
640 512 762 593 Odolriei
777 510 898 585 episcopi
908 522 940 593 'et
953 530 1017 570 cou-

215 588 337 654 iessoris,
354 587 401 659 qui
418 587 512 642 multis
529 587 556 640 in
572 585 676 640 mundo
690 591 717 638 et
732 585 864 640 inauditis
879 586 1018 641 miraculis

214 660 326 717 claruit.
347 683 356 704 ι
384 657 487 713 Scribit
508 655 691 724 ‹Odolrici‚=
712 656 772 723 alii,
795 679 804 702 ι
828 656 970 713 Olderici·
991 665 1019 713 et

223 731 238 779 ι’
247 729 369 786 Odalrici
384 747 390 795 ;
405 753 413 775 ι
437 728 612 784 ceinmunior
623 727 771 799 appellatio
794 752 803 775 ‹
818 727 950 785 Udalrici.
966 753 976 775 ι

251 800 484 856 Auruncu-Max.
519 808 546 854 et
568 799 722 855 chnnuuv.
752 799 867 871 puritati
897 797 1017 871 proximi

216 880 290 940 sunt,
306 889 368 927 uam
386 873 476 927 solum
491 871 598 926 addunt
612 872 704 942 Appei.

252 946 421 1001 Uiriiiiscr.
432 954 460 999 et
474 943 595 998 Levoun.
607 944 689 998 etiam
700 942 845 998 scribunt:
869 965 878 989 ‹
895 943 971 999 Oscae
991 952 1018 999 et

216 1017 299 1089 Aggei
316 1015 546 1097 prophetarum.»
568 1014 603 1069 Et
624 1015 653 1068 in
678 1013 751 1070 sine:
776 1014 880 1087 «Apud
901 1016 1019 1086 provin-

215 1090 285 1144 ciam
312 1089 410 1154 llcciae,
433 1086 546 1142 civitate
570 1088 738 1156 Argustana,
768 1087 857 1141 natale
884 1085 1017 1154 Odalrici,

216 1159 338 1230 ejusdem
354 1158 476 1214 civitatis
488 1158 608 1229 episcopi
624 1165 651 1212 et
665 1157 841 1214 contessoris.
858 1183 866 1203 ·

252 1231 414 1286 Ascensus.
435 1238 463 1285 et
484 1231 581 1285 Diuic.
606 1228 640 1284 de
656 1230 766 1301 Aggaeo,
783 1236 814 1283 ut
836 1229 971 1301 proxime.
987 1231 1019 1285 ln

216 1302 346 1368 Martius,
362 1301 438 1357 deest
453 1300 587 1355 ordinatio
603 1308 630 1356 et
645 1307 704 1356 tota
722 1301 898 1357 annuntiatio
912 1301 945 1357 de
958 1300 1021 1355 Sir-

109 1390 110 1394 *
216 1373 379 1430 mieusihns.
394 1374 425 1428 ln
440 1371 496 1427 iiue
506 1372 618 1428 additur
633 1390 639 1428 :
663 1394 672 1418 ‹
687 1372 769 1446 Apud
784 1372 956 1444 provinciam
972 1373 1021 1428 lle-

217 1445 278 1511 ciae,
295 1445 384 1499 natale
401 1444 489 1500 sancti
504 1442 661 1512 Udalrici,»
684 1451 736 1502 etc.

252 1515 410 1573 Curruiru.
426 1533 432 1570 :
459 1515 599 1586 ‹Aggei,»
621 1523 653 1572 ut
666 1531 757 1587 supra.
781 1515 932 1583 «Turonis,
947 1514 1020 1572 ordi·

217 1588 295 1643 natio
308 1587 483 1658 episcopatus
497 1587 569 1643 beati
584 1594 611 1642 et
626 1591 718 1658 magni
741 1587 907 1645 confessoris
921 1587 1020 1643 Marti-

1070 377 1129 426 tum
1146 369 1277 426 hacteuus
1301 369 1472 425 invenimus.
1489 369 1580 440 Pergit
1598 368 1704 425 codex:
1729 369 1876 429 «Udalrici

1070 442 1192 569 episcopi
1206 451 1233 498 et
1248 440 1425 498 confessoris.
1441 441 1598 498 iunocentii
1614 449 1641 497 et
1656 441 1798 510 Sebastiae,
1811 458 1874 498 cum

1071 529 1087 569 a
1100 514 1133 568 iis
1146 513 1260 585 triginta
1273 513 1455 585 martyribus.
1472 539 1481 560 ·

1106 586 1138 640 ln
1154 585 1301 651 Varicaiv„
1323 601 1399 640 uum.
1415 584 1496 651 asts,
1520 584 1596 641 deest
1616 584 1691 640 Oseae
1706 591 1735 639 et
1751 583 1876 642 Martini.

1072 657 1102 711 lii
1118 657 1290 712 Uuuaitmrv.
1307 655 1407 712 desunt
1421 655 1594 712 sirmienses.

1109 727 1246 783 Airsirrs.
1263 746 1268 783 :
1280 753 1288 774 ι
1303 729 1382 794 ltem,
1394 728 1532 798 depositio
1546 727 1635 783 sancti
1648 727 1754 784 hlalrici
1771 727 1876 800 episco-

1072 799 1100 872 pi
1115 808 1141 854 et
1157 800 1321 871 martyris·
1343 801 1386 854 An
1406 815 1463 853 uon
1490 823 1498 844 ι
1515 799 1637 855 Udalrici
1661 800 1846 867 Augustani?
1861 825 1870 848 ·

1107 871 1296 930 Bizuivricuv.:
1308 871 1356 925 «lu
1368 871 1493 937 anaria,
1504 871 1640 942 depositio
1651 871 1740 926 sancti
1769 870 1879 928 Olderie

1072 941 1206 1014 episcopi,
1224 943 1329 997 virtute
1345 941 1541 997 miraculorum
1555 942 1714 999 clarissimi.
1735 967 1745 989 ι

1108 1016 1230 1070 hermus.
1247 1014 1294 1070 SS.
1311 1014 1382 1068 Tim.
1398 1021 1425 1068 et
1436 1015 1548 1085 Apoll:
1573 1015 1625 1069 ·ln
1641 1014 1782 1069 territorio
1793 1012 1877 1070 Bitu·

1073 1085 1137 1141 rice
1152 1086 1286 1154 civitatis,
1302 1086 1365 1141 vico
1375 1085 1529 1154 Vescenno,
1544 1085 1635 1141 natale
1647 1086 1734 1141 sancti
1745 1085 1876 1141 Lauriaui

1073 1158 1194 1229 episcopi
1210 1167 1237 1213 et
1252 1157 1392 1229 martyris.
1410 1183 1419 1205 ι

1107 1231 1208 1284 Enirio
1227 1228 1439 1285 beauce-Coi.:
1463 1230 1519 1285 «lu
1539 1227 1705 1284 monasterio
1724 1227 1875 1297 Tuieieusi,

1073 1316 1154 1372 super
1168 1301 1247 1356 littus
1270 1302 1350 1365 lieni,
1368 1300 1512 1356 translatio
1533 1299 1715 1372 quarumdam
1739 1300 1877 1372 reliquia-

1075 1389 1136 1427 rum
1152 1381 1252 1428 sauctae
1272 1373 1377 1429 Ursulus
1401 1373 1444 1427 vir
1463 1371 1517 1427 inis
1537 1380 1564 1427 et
1588 1371 1698 1444 reginae,
1714 1371 1877 1427 decivitate

1074 1443 1200 1501 Colonia.
1217 1444 1296 1509 ltem,
1313 1452 1413 1501 sancta
1429 1390 1576 1499 Fierentiae
1591 1442 1707 1515 virginis
1722 1449 1749 1498 et
1764 1450 1877 1515 marty·

1074 1515 1113 1571 iis
1127 1516 1160 1571 de
1174 1517 1305 1572 societate
1319 1523 1476 1572 sanctarum
1497 1513 1625 1571 undecim
1648 1513 1768 1569 millium
1785 1513 1878 1595 virgi-

1076 1603 1150 1642 num.
1168 1613 1177 1636 ι
1196 1588 1348 1669 Sequitur:
1371 1588 1475 1644 «Oscae
1498 1594 1525 1642 et
1547 1585 1642 1659 Aggei.
1665 1586 1745 1656 Apud
1765 1600 1877 1658 provin·

216 1659 298 1726 ui,et
317 1659 460 1714 translatio
484 1659 608 1730 corporis
623 1657 692 1728 eJus,
709 1667 736 1715 et
748 1659 884 1715 uedteaiio
899 1657 1144 1722 basilicaeBciam
1177 1660 1277 1727 Reciae,
1306 1659 1420 1716 civitate
1455 1661 1625 1730 Augustaua,
1662 1658 1753 1712 natale
1787 1656 1877 1713 sancti

216 1729 314 1812 ipsius.
330 1732 360 1784 ln
378 1730 519 1785 territorio
542 1729 672 1785 Biturica
693 1730 825 1799 civitatis,
841 1730 929 1786 sancti
944 1730 1020 1785 Lau-

215 1800 287 1857 riani
304 1800 443 1872 martyris.
460 1799 540 1872 Apud
556 1800 699 1869 Sirmium,
715 1809 873 1858 sanctorum
887 1803 1019 1858 Innocen-

216 1871 260 1940 tii,
278 1871 410 1937 sabacius,
425 1887 488 1928 cuni
503 1871 567 1927 aliis
581 1889 650 1927 xxx.
668 1897 677 1919 2

252 1943 433 1999 Bnumunrs.
449 1941 569 2015 incipit:
593 1967 602 1990 ι
617 1942 783 2011 Machliuiie,
799 1945 944 2001 translatio
959 1960 1019 2000 san·

216 2015 254 2073 cti
267 2014 398 2071 Rumoldi
413 2014 533 2087 episcopi
548 2022 575 2070 et
594 2014 733 2086 martyris.
748 2015 851 2071 Eodem
874 2015 928 2084 die,
944 2015 1019 2071 Oseas

216 2093 244 2143 et
267 2084 352 2159 Aggei
369 2086 600 2158 prophetarum·
622 2086 654 2142 ln
677 2086 806 2155 Martiuo,
822 2086 1020 2144 Sirmiensibus

216 2165 244 2214 et
267 2157 438 2214 iocundiauo
461 2158 527 2214 satis
551 2174 635 2230 purus
658 2165 709 2214 est.
739 2161 778 2215 De
807 2159 955 2228 barisiano,
984 2175 1020 2215 ex

217 2229 313 2285 Adone
337 2230 445 2300 inserit,
477 2251 486 2276 ι
510 2228 572 2287 vico
597 2229 716 2286 Justiuo.
742 2230 824 2302 Apud
847 2229 1019 2303 provinciam

217 2300 333 2368 liethiae,
356 2301 444 2358 sancti
468 2300 600 2369 Udalrici,
630 2301 753 2358 civitatis
780 2301 959 2375 Augustanae,
975 2300 1020 2357 vel

218 2373 421 2444 Ausburgensis
435 2372 556 2447 episcopi
574 2381 601 2429 et
617 2373 791 2430 contessoris.
808 2399 817 2422 ι

255 2445 437 2501 bisauciis.
463 2463 469 2500 :
500 2467 509 2492 ι
533 2445 609 2500 Oseae
631 2445 781 2527 prophetae,
804 2445 851 2516 qui
873 2443 926 2500 tuit
945 2444 1021 2501 filius

217 2515 307 2584 Beeri‚
331 2516 460 2572 detribu
483 2516 636 2573 Ysachar...
661 2517 713 2573 llic
735 2524 787 2573 tem
809 2517 904 2573 oribus
936 2516 1018 2583 Oziae,

217 2587 346 2654 Joathan‚
368 2587 461 2642 Achaz
485 2597 512 2644 et
526 2586 650 2642 Ezechiae
672 2604 765 2658 regum
790 2533 870 2656 iuda,
892 2595 919 2643 et
939 2586 1021 2642 lero-

217 2658 296 2713 boam
313 2673 375 2737 rege
389 2658 482 2722 lsrael,
501 2658 560 2712 lilio
583 2658 656 2723 loas,
671 2658 855 2729 prophetavit.
875 2658 928 2724 Qui
944 2658 1021 2714 Oreas

218 2728 438 2800 reprobationem
450 2727 570 2782 liliorum
583 2729 663 2783 lsrael
673 2753 681 2774 ·
735 2738 762 2784 et
777 2730 863 2785 multa
877 2729 942 2796 alia,
958 2745 1022 2784 me-

219 2800 273 2856 lius
286 2816 321 2855 ex
344 2799 428 2855 sacris
452 2798 558 2871 paginis
580 2799 769 2872 intelligenda.
785 2801 824 2855 De
839 2801 956 2855 Martius
975 2800 1020 2856 ad·

218 2871 271 2938 dit,
294 2894 303 2917 ι
318 2876 345 2924 et
360 2870 508 2938 dedicatio,
524 2894 534 2916 ι
556 2881 609 2927 etc.
623 2869 711 2926 Tum:
731 2894 739 2917 ι
756 2870 874 2928 Ciuitate
885 2874 1019 2942 Augusta,

1075 1730 1206 1798 Udalrici,
1222 1729 1344 1803 ejusdem
1366 1730 1489 1786 civitatis
1512 1727 1635 1802 episcopi
1658 1736 1685 1783 et
1698 1728 1875 1785 confessoris.

1074 1801 1126 1867 Qui
1148 1801 1263 1873 quadam
1289 1802 1334 1858 die
1354 1801 1474 1869 Paschae,
1495 1800 1561 1856 duui
1586 1798 1698 1856 missam
1713 1798 1876 1868 celebraret,

1074 1872 1187 1929 dextera
1197 1872 1308 1929 Douiiui
1318 1873 1446 1945 apparuit
1459 1887 1627 1944 supereum,
1641 1887 1701 1944 quae
1712 1887 1775 1928 cuin
1789 1870 1878 1941 ipsius

1073 1943 1187 1999 dextera
1206 1944 1259 2000 hoc
1274 1944 1364 2015 ipsum
1375 1951 1575 2000 sacramentum
1592 1941 1785 2010 sanctificavit,
1802 1941 1877 2014 quod

1074 2014 1158 2070 etiam
1174 2023 1255 2071 antea
1273 2015 1302 2070 iu
1315 2032 1393 2071 coeua
1408 2016 1519 2072 Doiniui
1535 2014 1666 2070 similiter
1678 2012 1780 2071 iactum
1796 2020 1870 2069 est·

1074 2086 1206 2158 Sequitur
1228 2093 1321 2142 textus
1345 2086 1452 2143 modice
1471 2086 1653 2158 interpolatus
1672 2092 1700 2141 et
1719 2083 1878 2157 transposi-

1074 2165 1130 2224 tus,
1150 2157 1199 2213 ubi
1213 2157 1411 2214 Sirmiensibus
1424 2157 1587 2214 tribuuntur
1600 2156 1668 2213 socii
1691 2172 1792 2213 xxxiii.
1817 2181 1826 2204 ι
1845 2156 1877 2212 ln

1074 2227 1217 2296 Behemia,
1233 2229 1320 2286 sancti
1341 2229 1468 2300 Procopii
1493 2229 1600 2285 abbatis
1621 2235 1647 2284 et
1666 2227 1874 2284 confessoris.»

1075 2299 1098 2355 A
1113 2300 1268 2358 Castellauo
1283 2301 1353 2356 male
1386 2301 1481 2357 onitur
1495 2302 1524 2356 ll
1545 2299 1659 2371 Aprilis.
1680 2299 1761 2356 Notat
1776 2298 1876 2371 Ciuge·

1075 2372 1134 2427 rius
1157 2371 1187 2427 in
1215 2371 1305 2428 Sacris
1324 2319 1463 2428 Bofiemiae
1487 2371 1662 2439 Pulverihus,
1687 2371 1788 2452 obiisse
1817 2385 1876 2425 xxv

1074 2442 1177 2512 Martii,
1193 2443 1239 2500 sed
1252 2443 1363 2500 hoodie
1377 2444 1411 2500 oh
1426 2443 1663 2501 canonizationem
1685 2442 1813 2498 festivius
1827 2456 1876 2497 re-

1076 2515 1141 2571 ooli.

1111 2587 1207 2642 listis.
1224 2587 1311 2655 addit,
1334 2611 1343 2636 ι
1358 2587 1453 2660 Aggei.
1469 2611 1479 2637 ι
1500 2588 1536 2644 Et
1550 2586 1584 2643 de
1598 2585 1727 2652 Martino,
1747 2583 1876 2640 ‹dedica-

1077 2658 1116 2714 tio
1131 2659 1251 2716 basilicae
1275 2659 1371 2731 ipsius.
1398 2683 1407 2706 ι
1442 2659 1614 2727 Sirmieuses,
1640 2659 1750 2713 inverso
1766 2654 1875 2724 ordine,

1076 2740 1218 2802 ponuntur
1233 2731 1332 2785 ultimo
1348 2732 1417 2786 loco.

1111 2800 1228 2857 curiis
1256 2820 1262 2857 :
1286 2802 1393 2873 ‹Aggei
1409 2800 1557 2873 prophetae.
1579 2800 1610 2855 lu
1629 2797 1772 2865 Bohemia,
1789 2796 1875 2855 sancti

1076 2873 1203 2944 Procopii
1219 2872 1541 2928 abhatisetconlessoris.
1554 2872 1658 2927 Nonne
1673 2870 1793 2940 virginis
1804 2869 1876 2925 Tuu-

218 2941 354 3013 depositio
369 2944 455 2997 sancti
467 2941 589 2997 Odalrici
600 2942 719 3014 episcopi
736 2951 763 2999 et
775 2942 950 2999 confessoris.
967 2943 1020 3009 Qui
1075 2945 1189 3015 grensis.
1207 2944 1361 3000 Translatio
1376 2943 1462 3000 sancti
1480 2942 1637 3010 Wilhelmi,
1651 2941 1763 2998 comitis
1781 2941 1876 2997 Picta-

218 3014 246 3068 in
271 3012 371 3085 primo,
395 3022 506 3085 propter
530 3029 655 3085 magnam
683 3029 762 3070 suain
787 3013 985 3083 humilitatem,
1008 3014 1057 3075 aC
1073 3017 1175 3071 vieusis
1199 3025 1225 3071 et
1247 3016 1426 3072 confessoris.
1452 3015 1482 3070 lu
1504 3013 1669 3070 monasterio
1690 3011 1876 3079 Tuiciensi,e

218 3083 337 3142 Martino
352 3101 460 3141 summo
481 3085 612 3155 pontifice
626 3086 813 3157 episcopatum
827 3088 949 3158 accipere
965 3103 1020 3141 no·
1074 3087 1185 3158 regione
1195 3087 1411 3158 Agrippinensis
1425 3087 1557 3153 Colouiae,
1572 3085 1716 3142 translatio
1731 3100 1875 3156 quaerum-

218 3156 283 3222 luit,
303 3156 349 3228 qui
365 3164 458 3228 postea
473 3156 545 3212 illud
559 3166 669 3213 coactus
691 3157 806 3229 accepit,
830 3158 905 3214 etin
920 3174 1019 3229 magus
1074 3158 1233 3226 dam,·etc.,
1245 3165 1376 3230 utsupra.
1396 3159 1483 3213 ‹ltem
1497 3157 1640 3213 translatio
1650 3164 1749 3213 sanctu
1760 3156 1873 3211 Floren-

218 3228 312 3283 labore
327 3228 366 3284 ibi
382 3229 501 3299 praefuit,
516 3245 545 3284 se
563 3238 591 3284 et
604 3245 669 3284 suos
681 3230 784 3300 optime
807 3244 913 3302 regens.
934 3229 1019 3301 Cujus
1073 3230 1129 3296 tiae,
1146 3255 1155 3277 ι
1176 3235 1230 3285 etc.
1247 3245 1328 3310 supra
1343 3229 1477 3285 scribitur
1497 3253 1505 3276 ι
1522 3229 1721 3285 Florentius.»

217 3300 325 3355 meritis
338 3309 365 3356 et
380 3299 507 3372 precihus
520 3316 586 3372 gens
598 3300 762 3357 Noricorum
781 3308 808 3356 et
823 3304 1019 3357 Alemauorum
1109 3301 1218 3357 Motis.
1233 3300 1304 3356 Aliis
1318 3300 1417 3357 litteris
1428 3300 1517 3356 textui
1530 3300 1642 3355 inserit:
1663 3323 1672 3346 ‹
1688 3301 1722 3354 Et
1735 3299 1873 3356 dedicatio

215 3386 249 3426 ex
264 3370 467 3427 immanissima
483 3381 523 3428 est
537 3372 729 3455 ilungarorum
745 3373 898 3429 vastatione
916 3373 1019 3428 libera·
1073 3372 1194 3429 basilice
1211 3371 1306 3444 ipsius.
1324 3399 1333 3420 ·
1355 3373 1386 3428 ln
1404 3373 1477 3428 line:
1495 3396 1504 3417 ι
1519 3371 1649 3452 EtAggei
1661 3371 1809 3443 prophete.
1821 3372 1876 3426 Eo·

112 3464 116 3474 ¹
214 3451 251 3499 ta.
268 3467 277 3491 ·
297 3443 427 3516 Sequitur
440 3443 474 3499 de
492 3445 676 3510 iocundum,
692 3460 776 3516 pure;
797 3453 894 3501 cetera
908 3444 1017 3501 desunt.
1073 3443 1136 3500 dem
1148 3444 1202 3513 die,
1219 3444 1319 3500 natalis
1333 3443 1406 3500 beati
1422 3443 1544 3500 Udalrici
1560 3442 1681 3525 episcopi
1695 3450 1721 3498 et
1736 3441 1874 3498 confesso-

234 3514 1017 3595 ⁸eluctemur.iulineaddit:·Apudprovinciamlleciae,
1074 3516 1122 3583 ris,
1147 3515 1195 3597 qui
1218 3516 1313 3572 inultis
1331 3515 1361 3570 iu
1390 3514 1493 3571 mundo
1522 3523 1549 3571 et
1575 3514 1708 3594 inauditis
1732 3512 1875 3594 miraculis

215 3586 329 3641 civitate
344 3588 515 3656 Augustaua,
538 3588 637 3642 natalis
652 3587 724 3642 beati
741 3588 871 3656 Udalrici,
895 3586 1018 3658 ejusdem
1073 3588 1183 3643 claruit.
1199 3587 1267 3642 ltem
1282 3587 1370 3643 saneti
1385 3586 1550 3655 Domitiani,
1564 3586 1694 3657 discipuli
1705 3592 1793 3640 sancti
1804 3585 1874 3640 Lau-

214 3656 337 3712 civitatis
366 3656 498 3726 episcopi.
524 3658 555 3711 ln
578 3673 646 3728 pago
669 3658 846 3726 Tervaneusi,
882 3657 1018 3730 depositio
1073 3657 1197 3713 delini.»
1219 3658 1250 3712 lu
1264 3657 1433 3714 editionibus
1447 3658 1519 3724 aliis,
1536 3680 1545 3703 ι
1563 3656 1655 3729 Aggaei
1669 3655 1874 3728 prophetas-iu

215 3735 316 3782 sancta
331 3727 418 3781 Bertae
438 3725 541 3781 nobilis
560 3735 702 3783 rnatrouae.
718 3751 727 3774 ·
1072 3735 1152 3784 textu
1166 3728 1277 3784 additur
1295 3729 1394 3783 litteris
1408 3728 1521 3797 Italicis,
1533 3728 1574 3783 uti
1585 3738 1612 3783 et
1628 3725 1799 3784 «dedicatio.
1815 3751 1825 3776 ›
1842 3726 1872 3782 lu

164 3808 166 3816 ’
249 3796 1019 3923 Vicissim:·lnAlemannia,apudAuqustauamcivita·
1072 3799 1148 3854 fine:
1174 3799 1279 3870 «Apud
1299 3799 1470 3870 provinciam
1489 3798 1627 3867 Rhetiam,
1643 3799 1756 3855 civitate
1772 3799 1873 3870 Augu-

215 3876 283 3934 leun
298 3869 372 3926 beati
387 3869 509 3925 Udalrici
528 3870 647 3942 episcopi
667 3878 694 3926 et
717 3886 767 3925 cou
782 3870 891 3937 essoris,
915 3870 1017 3942 magni,
1073 3880 1160 3938 staua,
1176 3869 1276 3926 natalis
1287 3870 1501 3939 beatiUdalriei,
1512 3870 1632 3951 episcopi
1643 3877 1669 3926 et
1684 3870 1849 3926 confessoris
1864 3887 1871 3899 ·

215 3949 243 3997 et
256 3941 369 4013 gloriosi
385 3941 419 3996 ab
434 3940 551 3996 infantia
565 3957 651 4068 usque
666 3941 700 3996 ad
714 3941 820 3996 obitum
836 3958 927 3997 suurn.
944 3964 953 3987 ι
970 3942 1018 3997 Si·
1072 3942 1120 4068 qui
1151 3941 1247 3997 multis
1276 3948 1303 3998 et
1331 3942 1465 3998 inauditis
1494 3941 1634 3998 miraculis
1657 3940 1766 3997 claruit.
1792 3913 1872 4013 Apud

214 4013 293 4068 milia
310 4012 394 4068 verba
405 4011 553 4068 citavimus
569 4014 582 4068 l
614 4012 674 4079 ulii,
691 4029 725 4068 ex
741 4012 836 4068 codice
849 4014 918 4069 ileu.
934 4013 1016 4070 Suro.

1097 4013 1261 4081 lanciacum,
1284 4013 1420 4085 depositio
1436 4022 1537 4070 sancte
1562 4014 1650 4069 Bertae
1666 4012 1797 4084 piissimus
1812 4028 1873 4085 quai

216 4083 268 4139 sub
281 4100 360 4139 num.
375 4083 435 4149 130,
450 4098 510 4156 quas
523 4083 647 4140 diximus
657 4083 711 4140 hoc
723 4083 768 4139 die
782 4084 933 4140 referenda.

1072 4084 1176 4141 ibidem
1196 4086 1282 4139 vitain
1302 4084 1394 4140 sinivit
1409 4085 1438 4140 iu
1451 4101 1528 4157 paee,
1547 4085 1642 4140 multis
1656 4085 1685 4138 in
1701 4083 1796 4139 eodem
1812 4086 1873 4139 loco

251 4153 688 4212 Mariam:Caurus-Uirunum.
707 4174 713 4212 :
740 4156 917 4212 ‹Translatiu
930 4156 1017 4213 sancti
1073 4157 1209 4212 virtutum
1226 4155 1312 4227 signis
1334 4172 1420 4229 usque
1440 4156 1522 4212 hodie
1536 4157 1682 4228 refulgens.
1699 4155 1749 4211 Die
1763 4162 1872 4228 quarta,

216 4225 339 4283 Martini.
351 4222 456 4283 Donati
479 4227 601 4300 episcopi
623 4237 651 4285 et
675 4227 814 4301 martyris.
830 4253 839 4276 ι
858 4228 975 4284 Notatur
988 4228 1017 4283 in
1071 4227 1160 4284 sancti
1180 4228 1264 4310 patris
1278 4226 1395 4284 Andreae
1419 4228 1567 4295 Cretensis,
1584 4225 1866 4297 hierosolymitani.»

217 4298 349 4371 margine,
366 4314 428 4356 eum
452 4322 461 4346 ι
481 4300 591 4357 hoodie
606 4299 673 4356 alibi
695 4316 751 4356 non
766 4299 922 4356 inveniri.»
946 4300 1018 4356 Vera
1071 4300 1151 4357 llunc
1164 4299 1311 4372 distinguit
1330 4299 1479 4358 Castellan.
1504 4299 1538 4358 ab
1559 4315 1601 4368 co,
1621 4297 1668 4373 qui
1686 4298 1788 4355 colitur
1810 4313 1872 4354 xvir

214 4378 255 4427 est
274 4369 440 4439 observatio,
458 4387 522 4428 nam
545 4372 609 4429 licet
632 4373 778 4445 plusquam
801 4370 902 4444 viginti
916 4370 1016 4427 Donati
1072 4370 1133 4429 Oct.

214 4548 252 4609 Ill
267 4549 338 4610 Nou.
1780 4545 1831 4607 ue
1844 4545 1873 4608 il.

249 4651 330 4724 Apud
340 4651 459 4724 Syriam,
473 4651 573 4709 natulis
583 4650 671 4709 sancti
681 4646 798 4710 Domitii
811 4653 952 4726 martyris,
967 4646 1014 4726 qui
1039 4647 1198 4709 virtutihus
1208 4646 1267 4707 suis
1277 4651 1366 4707 multa
1376 4650 1475 4708 incolis
1485 4648 1616 4706 beneficia
1627 4657 1745 4720 prestat.
1768 4650 1873 4715 Romu,

214 4744 313 4794 sanctae
327 4740 388 4795 Zoae
404 4739 543 4811 martyris,
561 4755 622 4812 quas
640 4739 707 4797 dum
726 4740 761 4798 ad
784 4739 991 4798 confessionem
1017 4740 1102 4797 Petri
1132 4740 1249 4812 apostoli
1274 4747 1375 4804 oraret,
1396 4755 1411 4794 a
1434 4736 1653 4811 persecutoribus
1676 4743 1780 4792 arctata
1795 4746 1822 4794 et
1845 4736 1874 4792 iu

213 4826 367 4883 custodiam
382 4826 605 4885 obscurissimam
618 4835 705 4899 trusa,
720 4828 786 4885 dein
803 4846 820 4885 a
841 4829 913 4885 collo
934 4837 961 4886 et
986 4845 1003 4886 a
1021 4829 1150 4902 capillis
1173 4827 1203 4884 iu
1227 4826 1323 4885 arbore
1335 4842 1475 4899 suspensa,
1490 4824 1614 4884 adhibito
1628 4824 1721 4882 subter
1743 4823 1874 4884 horribili

214 4913 302 4984 turno,
317 4913 347 4970 iu
361 4914 534 4973 confessione
549 4917 661 4973 Domini
671 4917 765 4974 emisit
778 4918 919 4991 spiritum.

983 5038 1100 5098 NOTAE.

248 5135 294 5195 Sic
320 5135 424 5195 habeut
445 5138 567 5207 Protea,
593 5139 742 5208 Periclem,
774 5140 930 5210 Turnacum,
954 5140 1008 5196 Au·
1024 5145 1048 5204 Ι)
1063 5156 1120 5197 ceo.
1146 5147 1173 5196 et
1195 5140 1298 5199 Molee.
1326 5139 1381 5196 Nec
1401 5138 1521 5196 multum
1540 5141 1641 5199 absunt
1662 5142 1770 5200 codices
1787 5139 1871 5199 multi

214 5211 573 5282 taeip.·ll1u5'or,llosweyd.,
587 5212 746 5281 Pulsuoeo„
770 5213 914 5281 Munerat,
938 5213 1009 5269 Gre—
1063 5213 1122 5280 alii,
1138 5220 1168 5268 ut
1183 5211 1256 5269 iufra
1270 5211 1385 5284 patebit.

802 5342 1003 5422 viniiivrss
1023 5363 1230 5423 terriones.

250 5455 379 5529 Turpiter
401 5460 430 5514 iri
454 5461 463 5516 i
483 5478 513 5517 so
531 5460 669 5535 principio
690 5468 763 5517 errat
787 5462 921 5518 Munerat.
943 5462 1012 5519 torte
1069 5462 1144 5520 licet.
1168 5462 1282 5519 Domitii
1304 5461 1451 5535 legendum
1474 5470 1525 5533 est,
1548 5466 1618 5521 male
1645 5463 1869 5550 Autuerpeblaj.

221 5545 312 5610 errore
332 5529 449 5610 librarii,
464 5478 529 5613 dum
548 5532 612 5606 legit
638 5552 644 5590 ;
667 5533 746 5605 Aput
761 5532 889 5589 Siciliam.
906 5533 1013 5603 Syrium
1069 5535 1228 5603 berniciam,
1244 5544 1271 5592 et
1289 5534 1436 5607 Rcsweyd.
1457 5535 1611 5591 domitiani.
1632 5536 1869 5595 Toruacen.om1·

219 5601 263 5656 vel
280 5602 379 5656 Surium
396 5618 551 5675 promiscue
574 5605 698 5663 scribunt
709 5603 827 5674 codices,
843 5605 883 5662 sic
904 5612 936 5660 ut
959 5605 1012 5661 sibi
1068 5607 1104 5662 sit
1119 5607 1232 5663 titulum
1249 5607 1378 5675 suncti,ei
1410 5605 1595 5678 raehgendum.
1612 5609 1674 5663 Zeu
1688 5609 1790 5665 habeut
1804 5610 1869 5666 Pra-

216 5687 273 5728 nou
288 5679 424 5731 constent.
440 5675 564 5732 lntextu
578 5678 783 5736 estsecundum
797 5677 919 5746 Prateu.,
940 5677 1015 5735 llos·
1068 5685 1135 5745 ten,
1160 5677 1303 5734 lleriuieu.
1325 5686 1352 5735 et
1403 5679 1488 5746 olan,
1513 5678 1543 5733 iu
1591 5679 1672 5735 uibus
1699 5677 1869 5754 diphthongi

214 5744 318 5818 weyt,
331 5745 478 5820 Pulsaneu.
494 5754 521 5803 et
535 5748 651 5818 Melan,
665 5750 734 5808 alios
754 5749 883 5823 praeferas
904 5764 952 5822 per
969 5764 1013 5806 ine
1068 5748 1331 5820 servantur,ceteri
1346 5765 1441 5805 omues
1455 5749 1550 5822 legunt
1563 5695 1627 5818 doe,
1642 5760 1757 5824 excepto
1770 5751 1871 5809 liuue-
