3834 6136
80 302 149 364 {261

556 305 605 365 DE
622 305 813 365 ufflnctttls
831 307 859 367 S.
879 306 1051 367 GERMANI.
1070 339 1105 353 -
1126 310 1192 370 LIB.
1213 313 1249 369 ll.

1546 268 1549 273 ¹
1648 266 1732 374 ¹nos

77 459 208 518 effectum
224 461 311 532 precis
326 469 473 518 consecuta
485 468 536 516 est.
548 461 627 520 lllico
641 460 740 517 intima
753 460 875 519 faucium
890 471 915 530 Α
930 470 982 531 est,
1013 471 1163 535 comperta
1187 466 1326 523 virtutum
1348 466 1432 537 fante,
1447 480 1480 524 eo
1500 482 1621 538 gresstmr
1640 469 1739 528 temler

77 554 183 620 negatas
206 547 312 605 dudum
338 549 414 606 vocis
430 567 524 624 cepere
540 565 678 619 canorem,
701 558 882 624 promptaque

76 636 225 692 verborum
251 636 393 694 affluentia
410 636 537 696 diuturni
549 638 650 695 damna
671 640 775 696 silentii
800 657 882 697 com-

32 745 33 748 *
75 732 236 798 pensamnt.
259 725 305 783 Sic
319 743 478 785 concessum
490 727 656 786 beneficium
671 729 804 786 exercitio
818 746 880 786 ser-

76 814 168 872 monis
188 830 366 888 exaggerans,
393 818 502 875 Ararim
525 827 536 854 ·
558 834 645 892 usque
664 827 808 892 prosecuta
827 827 877 890 est,

76 904 222 962 misertum
237 905 281 960 sui
296 906 438 979 plasmatis
453 915 479 965 et
493 907 592 965 affectu
607 915 635 964 et
647 908 762 966 vocibus
776 909 879 967 collau·

75 994 145 1052 dans
158 996 257 1053 Deum.

112 1085 171 1142 tlt.
184 1084 255 1142 ilinc
264 1084 322 1142 illis
333 1101 432 1159 pagum
443 1084 621 1143 Oscarensem
636 1088 875 1160 bpermeantibus,

73 1173 166 1248 puella
180 1173 283 1243 infans,
298 1173 415 1231 honesto
428 1177 489 1232 loco
499 1183 573 1245 nata,
586 1191 646 1250 quae
657 1183 685 1231 et
698 1175 756 1249 ipsa
768 1180 876 1251 cognati

74 1264 230 1338 patiebatur
244 1266 411 1323 detrimenta
424 1266 540 1336 silentii,
556 1264 590 1323 de
599 1268 663 1323 sinu
678 1269 795 1327 nutricis
805 1270 875 1327 exsi·

73 1355 154 1423 liena,
170 1371 251 1412 eursu
266 1355 442 1428 rapidissimo
455 1356 490 1414 ad
500 1356 614 1415 Sanctus
626 1359 720 1425 veuit;
734 1359 873 1432 amplexo·

72 1463 126 1520 que
140 1446 250 1516 feretro,
267 1464 331 1505 suos
344 1449 438 1506 adesse
451 1449 590 1519 dominos,
602 1449 686 1508 etiarn
699 1461 780 1526 atque
789 1454 873 1510 etiam

71 1535 248 1610 inexplebilis
263 1537 438 1597 inclamabat.
450 1538 497 1596 Sic
506 1540 607 1612 lingue
618 1540 730 1598 vinculo
741 1543 873 1614 resoluto,

70 1624 166 1683 landes
179 1642 310 1700 aggerans
324 1628 462 1698 laudibus,
477 1628 512 1686 ad
530 1637 650 1687 castrum
669 1645 756 1704 usque
771 1632 874 1689 Divio-

69 1730 163 1771 neme
185 1732 278 1773 cernes
297 1716 443 1775 individua
466 1718 637 1792 perduravit.
662 1719 743 1776 Pater
764 1720 824 1793 ejus
846 1730 873 1779 et

936 552 1060 609 animum
1074 553 1198 612 induxit.
1215 557 1281 613 Erat
1295 573 1361 614 sane
1377 556 1512 630 paralysis
1525 557 1655 614 violenta
1669 559 1737 616 totis

934 642 1050 701 artubus
1063 644 1212 701 resolutus.
1229 646 1269 701 Ea
1282 654 1374 713 nocte,
1392 646 1472 719 cujus
1486 646 1623 720 postridie
1639 647 1737 722 profe-

934 730 1055 791 ctionem
1070 733 1193 806 parabat,
1210 732 1360 791 dormienti
1375 735 1400 790 ei
1411 734 1567 800 vir,habitu
1582 736 1735 811 pontificis,

933 824 1058 896 speciosa
1070 824 1171 881 canitie
1182 829 1331 896 spectatus,
1343 824 1470 895 appamit
1482 840 1488 879 :
1504 840 1586 898 seque
1594 825 1735 885 Urbanum

933 913 1075 970 confessus
1089 932 1096 970 :
1108 914 1190 982 Eece,
1207 913 1309 985 inquit,
1321 928 1404 968 sanus
1414 911 1515 978 factus,
1527 914 1734 972 incommodum

932 1001 1094 1069 excessisti;
1111 1010 1302 1058 verumtamen
1320 1006 1393 1056 recta
1408 1015 1498 1073 perge,
1523 1017 1579 1074 quo
1601 1000 1736 1059 deereve-

932 1109 985 1164 ras,
1002 1110 1034 1151 ee
1053 1110 1102 1167 pro
1117 1093 1206 1150 salute
1234 1099 1345 1166 recepta
1372 1106 1494 1163 congrua
1508 1101 1649 1151 memento
1670 1102 1736 1152 vota

931 1184 1097 1256 persolvere.
1114 1182 1241 1239 iubentis
1255 1180 1377 1238 edictum
1402 1178 1559 1237 obedientia
1572 1197 1664 1239 comes
1679 1199 1734 1240 ex-

930 1272 1015 1344 cepit,
1032 1287 1211 1344 pergensque,
1238 1278 1268 1327 ut
1284 1271 1454 1342 imperatum
1466 1276 1534 1339 eret,
1550 1269 1624 1343 quod
1639 1286 1732 1328 secum

930 1369 1021 1420 aetum
1032 1363 1132 1430 fuerat,
1150 1362 1241 1435 palent
1255 1359 1401 1434 explicuit.

967 1455 1028 1513 llll.
1044 1454 1118 1510 Exin
1141 1454 1237 1510 multis
1262 1454 1353 1510 lecum
1375 1452 1571 1525 expetentibus
1586 1452 1732 1511 innumera

930 1545 1101 1618 prestitere;
1131 1545 1239 1603 cunctis
1267 1551 1405 1618 postremo
1430 1543 1484 1600 rite
1512 1545 1732 1618 supplicantibus

929 1638 1085 1695 indubitata
1104 1653 1194 1694 rernm
1210 1624 1350 1694 evidentia
1363 1651 1421 1692 sese
1440 1634 1592 1692 exhibuere
1606 1653 1731 1710 prosen-

928 1729 1069 1785 tissimos:
1085 1728 1214 1802 quodque
1229 1735 1336 1800 gratum
1352 1725 1482 1795 habeant,
1499 1723 1675 1783 honestasibi
1697 1725 1726 1783 in

70 1817 159 1866 mater
172 1808 224 1866 iter
233 1811 377 1884 agentibus
389 1814 566 1888 postmodum
579 1813 764 1887 competentia
779 1813 872 1869 itineri
886 1830 909 1890 Β
928 1819 988 1875 loco
1003 1818 1104 1874 deferri
1123 1817 1247 1886 servitia,
1256 1815 1386 1890 plurimis
1401 1823 1547 1889 expertum
1559 1814 1726 1884 mediamna

71 1918 188 1960 munera
198 1903 381 1963 destinarunt.

106 1989 271 2051 Alisiensem
295 2002 357 2068 post
371 1994 431 2052 hare
445 2000 668 2066 pertranseuntes
689 2009 789 2065 pagum
804 1993 826 2061 ⁶,
843 1993 873 2049 in

69 2077 149 2146 villa,
165 2095 225 2152 qua
240 2081 346 2136 Fanum
356 2080 469 2149 dicitur,
480 2088 591 2139 noctem
605 2080 769 2152 exigendam
780 2079 872 2138 decre·

65 2175 180 2223 verunt.
204 2167 328 2224 Ecclesia
351 2167 410 2239 ejus
424 2167 479 2224 loci
493 2167 568 2225 beati
593 2167 723 2224 Germani
740 2168 872 2227 solemnis

64 2270 175 2320 consul
191 2262 313 2319 nomine.
330 2262 361 2318 ln
377 2260 430 2320 bae
444 2262 562 2335 pretiosa
581 2270 739 2321 sauctorum
754 2265 871 2338 pignora

63 2350 248 2409 collocarunt.
265 2351 360 2407 Puella
373 2352 429 2407 fere
441 2351 597 2408 duodennis
610 2351 769 2423 advenerat,
787 2370 869 2427 quam

65 2441 242 2499 deformitate
265 2441 418 2498 damnabili
445 2440 511 2498 colli
527 2442 697 2516 cervicisque
712 2444 867 2501 contractio

65 2527 215 2584 humerum
239 2529 384 2601 complexa
407 2527 545 2600 turpabat.
567 2529 631 2587 llaec
654 2530 817 2603 pervigilem
837 2532 868 2588 in

64 2618 180 2675 ecelesia
191 2626 299 2676 noctem
315 2619 427 2690 ducens,
441 2627 468 2677 et
483 2628 639 2694 praeoptata
654 2621 738 2678 saluti
753 2621 867 2679 etabso·

65 2708 130 2765 luta
140 2708 344 2781 pulchritudini
353 2710 802 2785 restituta,coelumipsumvctiset
810 2712 866 2768 lau·

64 2798 147 2855 dibus
171 2799 311 2857 onerabat.
328 2800 464 2857 ductores
488 2798 616 2857 beneficii
637 2800 865 2857 Autissiodorum

66 2896 220 2959 prosecuta,
252 2889 408 2946 santaribus
444 2888 584 2962 obsequiis
620 2889 759 2962 integrum
785 2889 865 2962 exegi

63 2992 178 3033 annum.

98 3074 130 3129 ln
145 3074 251 3144 villam,
268 3075 464 3149 Pompeiacum
480 3075 596 3147 dictoni,
611 3078 762 3147 venientes,
780 3079 809 3135 in
822 3093 864 3136 cc·

928 1915 1048 1976 tantum,
1076 1905 1224 1978 eademque
1248 1904 1376 1979 perbrevi
1405 1904 1554 1961 admodum
1594 1904 1728 1962 relatione

927 1993 1075 2051 constabit.
1091 1994 1170 2049 beati
1182 1993 1314 2065 martyris
1321 1992 1441 2048 Tiburtii
1452 1992 1660 2051 anniversarius
1669 2011 1728 2068 pas·

926 2083 1013 2139 sionis
1025 2081 1085 2138 dies
1098 2081 1256 2149 advenerat,
1264 2089 1290 2137 et
1304 2081 1347 2152 pia
1363 2083 1481 2137 fratrum
1492 2080 1605 2138 devotio
1617 2089 1728 2142 noctur·

926 2172 970 2229 nis
983 2170 1089 2242 vigiliis
1103 2168 1255 2224 officiosius
1270 2169 1424 2225 insistebat.
1451 2171 1527 2226 Inter
1540 2170 1600 2228 hac
1616 2171 1727 2230 cuidam

926 2263 1041 2319 fratrum
1057 2262 1087 2316 in
1106 2260 1230 2317 oratione
1246 2259 1378 2316 secretius
1391 2259 1596 2332 procumbenti,
1605 2269 1686 2336 atque
1696 2263 1726 2319 in

925 2351 1028 2408 divinar
1042 2348 1285 2421 contemplationis
1301 2346 1442 2418 fastigium
1449 2346 1623 2420 aliquatenus
1632 2356 1723 2422 rapto,

925 2456 952 2496 se
986 2438 1139 2495 videndum
1165 2436 1304 2504 exhibuit,
1320 2451 1351 2492 ea
1380 2435 1475 2492 formae
1492 2436 1666 2508 habitudine,
1692 2455 1725 2496 ea

924 2528 1133 2604 pulchritudine
1145 2525 1279 2599 juventa,
1296 2542 1350 2600 qua
1363 2527 1518 2599 expressius
1532 2528 1723 2602 ch.,expres-

923 2618 981 2694 sus]
998 2621 1026 2674 in
1044 2635 1100 2675 suae
1112 2616 1251 2673 Passionis
1273 2624 1355 2672 textu
1382 2613 1559 2674 describitur.
1582 2617 1666 2675 Visus
1680 2627 1722 2678 est

922 2716 1012 2764 autem
1027 2713 1090 2763 ante
1103 2706 1225 2763 loculum
1241 2705 1422 2779 reliquiarum
1433 2721 1555 2775 suarum,
1572 2705 1678 2764 libratis
1692 2707 1722 2765 in

921 2812 985 2852 aera
1006 2794 1153 2868 gressibus,
1170 2794 1310 2862 assistere,
1336 2800 1363 2848 et
1381 2794 1512 2866 expensis
1524 2793 1559 2850 ad
1574 2793 1721 2865 orientem,

922 2886 1061 2955 manibus,
1078 2901 1195 2959 quarum
1210 2901 1265 2941 una
1283 2884 1389 2955 virgam
1410 2884 1516 2941 ferebat
1535 2900 1655 2955 auream,
1671 2903 1721 2961 pro

923 2978 1008 3034 totius
1022 2977 1109 3034 salute
1124 2975 1221 3051 populi
1242 2974 1393 3031 instantius
1407 2974 1573 3047 supplicare.
1588 2977 1614 3032 ls
1635 2975 1718 3033 nohis
1805 3015 1806 3019 ,

920 3074 971 3134 hoc
999 3072 1176 3146 postmodum
1203 3087 1266 3127 eum
1295 3069 1424 3140 lacrymis
1439 3067 1582 3126 referebat.
1603 3069 1635 3125 ld
1651 3069 1720 3126 mire

61 3162 145 3219 clesia
159 3165 246 3221 sancti
262 3164 457 3239 Christophori
471 3174 614 3223 nocturnae
628 3168 757 3224 stationis
772 3183 862 3223 excu-
880 3186 901 3247 C
919 3173 1025 3236 gratum
1041 3161 1182 3229 omnibus,
1199 3167 1225 3214 et
1239 3157 1367 3231 praesenti
1398 3165 1425 3213 et
1454 3155 1559 3213 futurae
1575 3155 1719 3214 devotioni

61 3250 122 3308 bias
136 3262 307 3326 peregerunt.
323 3255 395 3311 Puer
408 3255 478 3311 hene
493 3263 583 3325 natus,
600 3256 791 3312 llerimbertus
803 3271 860 3311 no·
914 3252 1058 3314 conduxit.

61 3341 146 3409 mine,
162 3342 276 3398 immani
291 3343 596 3417 febriumtorquebatur
606 3360 735 3400 accessu:
753 3343 861 3401 delatus

60 3431 256 3502 aparentibus,
267 3424 475 3488 incommodum
486 3431 581 3497 exuit,
592 3430 710 3487 robusta
718 3432 860 3505 sospitatis

59 3519 219 3590 optantibus
234 3517 364 3589 gaudium
379 3516 544 3573 cumulavit.

97 3616 159 3670 tle.
180 3614 246 3670 lude
261 3612 390 3686 profectis
405 3613 536 3670 solemnis
548 3613 734 3672 antissiodori
749 3617 859 3690 paraba-

59 3703 321 3775 turexcepti0;quo
329 3703 439 3760 tandem
450 3704 538 3775 pridie
548 3704 734 3762 Kalendarum
742 3706 858 3764 Novem-

57 3792 151 3848 brium
175 3799 368 3862 pervenerunt,
395 3793 483 3847 multa
497 3793 603 3864 gloria,
627 3793 732 3865 ingenti
747 3812 856 3869 pompa,

56 3879 248 3952 inexplicabili
273 3896 365 3956 rerum
393 3882 562 3952 praestantia.
588 3879 742 3937 Creverunt
765 3899 801 3939 ex
826 3901 858 3941 co

56 3970 192 4027 miracula
202 3968 350 4026 visibiliter
359 3968 524 4042 corporalia,
537 3967 720 4025 invisibiliter
729 3971 857 4042 spiritua·

55 4059 104 4129 lia,
117 4075 172 4131 quo
183 4059 270 4131 magis
279 4057 403 4125 subtilia,
419 4072 452 4113 eo
464 4055 551 4128 magis
561 4055 654 4124 utilia,
666 4057 859 4115 indesinenter

952 3347 1083 3402 Preterea
1093 3355 1166 3396 anno
1176 3336 1328 3394 [lominica
1338 3335 1540 3394 incarnationis
1554 3335 1606 3393 86l
1617 3336 1716 3394 merite

914 3453 971 3492 suae
984 3431 1127 3506 religionis
1139 3428 1309 3486 venerahilis
1327 3427 1528 3496 herchenraus,
1545 3427 1716 3487 Catalauno-

915 3542 977 3581 rum
997 3524 1150 3597 episeopus,
1181 3520 1215 3576 ad
1236 3518 1393 3576 caenobium
1416 3517 1503 3575 saneti
1519 3517 1647 3574 Germani
1662 3536 1715 3576 ve-

915 3616 1005 3684 niens,
1021 3612 1166 3685 largitione
1180 3610 1296 3666 fratrum
1310 3607 1441 3682 reliquias
1456 3606 1570 3680 pretiosi
1589 3623 1665 3682 papae
1683 3616 1711 3666 et

914 3702 1045 3776 martyris
1060 3699 1164 3758 Urbani
1177 3699 1314 3766 obtinuit;
1330 3696 1712 3771 eisquesusceptismouaste·

914 3792 987 3848 riunr
1007 3793 1037 3850 in
1056 3806 1124 3865 pago
1137 3787 1260 3846 Pertensi
1274 3786 1334 3859 ejus
1354 3786 1460 3844 bonore
1473 3786 1640 3844 construxit.
1651 3787 1712 3856 Quo

914 3881 975 3938 loco
989 3890 1067 3939 tanta
1083 3890 1194 3954 tamque
1217 3877 1373 3952 frequentia
1396 3877 1571 3952 postmodum
1589 3876 1711 3935 claruere

913 3970 1056 4038 miracula,
1072 3977 1113 4037 ut,
1130 3970 1153 4026 si
1168 3969 1270 4027 litteris
1285 3968 1415 4026 universa
1436 3966 1646 4037 mandarentur,
1661 3982 1709 4024 seu

912 4075 960 4132 per
974 4075 1002 4114 se
1016 4063 1128 4130 possent
1143 4059 1316 4130 suppeditare
1330 4057 1469 4114 volumini
1484 4059 1503 4117 ¹.

55 4147 177 4217 assidua,
191 4146 381 4204 indubitanter
393 4145 524 4219 proficua,
541 4154 699 4219 quantoque
710 4147 858 4219 perennius
947 4147 1110 4204 Sanctorum
1119 4148 1205 4203 Roma
1218 4145 1372 4201 delatorum
1384 4150 1641 4206 commemorationi
1647 4166 1711 4222 pau·

55 4239 198 4308 durature,
216 4245 292 4294 tanto
307 4237 409 4294 ceruus
424 4236 577 4309 profutura.
912 4239 963 4306 eis,
973 4246 1004 4294 ut
1020 4243 1096 4309 pute,
1115 4250 1217 4291 marem
1234 4233 1385 4307 gessimus:
1408 4249 1483 4291 nunc
1498 4251 1542 4292 res
1557 4239 1654 4309 exigit,
1673 4238 1708 4294 iis

92 4334 240 4392 Folcoldus
251 4332 301 4408 [al.
313 4332 461 4402 Fuealdus,
473 4334 524 4401 cl,
535 4330 708 4406 Fuleoldusl,
722 4347 756 4388 ex
766 4347 856 4390 coeno·
911 4328 1006 4386 dilatis
1020 4328 1063 4383 vel
1076 4326 1197 4395 omissis,
1212 4326 1241 4381 in
1260 4325 1366 4398 reliqua
1378 4324 1526 4398 proficisci.
1746 4404 1749 4409 Ι

53 4426 102 4483 bio
126 4427 212 4483 sancti
227 4425 356 4484 lolianie
378 4424 505 4493 clericus,
522 4432 655 4497 quartano
680 4422 856 4479 incommodo
948 4417 1247 4491 lll.Postqnamlonge
1261 4414 1708 4491 superiuscemprehensumopus

53 4515 182 4590 paranni
197 4518 253 4574 fere
269 4516 387 4589 spatium
405 4520 530 4583 vexatus,
552 4513 586 4570 ad
598 4519 707 4570 sanctos
722 4526 751 4570 se
762 4511 853 4569 humi·
868 4539 896 4601 D
911 4508 1002 4566 visum
1017 4515 1059 4564 est
1069 4514 1095 4563 et
1107 4505 1293 4565 ecclesiastico
1306 4504 1400 4564 decori
1424 4523 1580 4579 congruum
1594 4517 1622 4567 et
1639 4525 1708 4565 san-

52 4605 120 4662 liter
133 4605 261 4664 contulit.
285 4605 349 4662 llos
363 4603 429 4662 fidei
445 4602 564 4660 donatus
585 4603 708 4676 praemio,
724 4601 854 4675 sospitate
910 4607 1018 4656 ctorem
1032 4595 1231 4669 componendis
1244 4594 1405 4668 pignoribus
1415 4595 1595 4670 condignum,
1605 4595 1708 4654 exerci-

52 4693 173 4762 reddita,
189 4696 350 4766 languorem
365 4693 492 4751 excessit.
907 4695 964 4746 tata
974 4686 1140 4761 sapientium
1152 4684 1289 4742 sententia
1304 4684 1441 4758 optimum
1459 4684 1534 4742 factu
1550 4685 1707 4758 judicatum
1792 4763 1796 4770 Ι

89 4784 150 4840 Non
167 4791 229 4858 post
252 4784 354 4841 multos
379 4782 448 4852 dies,
468 4783 583 4839 colonus
611 4780 723 4856 quidam
740 4781 855 4839 familiae
908 4787 959 4848 est,
974 4784 1006 4833 ut
1020 4792 1102 4849 supra
1116 4781 1276 4833 memoratae
1285 4782 1439 4848 martyrum
1449 4774 1585 4850 reliquias,
1598 4793 1707 4835 necnon

51 4872 142 4930 sancti
158 4871 299 4942 Germani,
322 4888 357 4928 ex
372 4887 445 4942 rure,
467 4869 513 4928 cui
527 4870 672 4943 sorgiacus
687 4870 854 4928 vocabalum
908 4876 935 4925 et
947 4881 1062 4940 corpora
1076 4863 1218 4923 beaterum
1234 4863 1396 4937 pontificum
1413 4863 1702 4935 Altissiodorensium,

88 4969 100 4995 ¹
118 4960 251 5017 Ararseu
264 4961 374 5028 Araris,
387 4960 471 5031 vulgo
487 4959 620 5028 testem,
637 4958 739 5016 fluvius
754 4959 852 5017 Gallie
943 4956 1007 5014 ‘lle
1017 4972 1086 5028 papo
1096 4954 1235 5023 alisiensi,
1252 4970 1300 5011 seu
1327 4954 1458 5012 Absiemi
1473 4954 1579 5036 dictum
1603 4963 1644 5012 est
1659 4970 1704 5012 su·

51 5031 215 5089 notissimus
229 5040 287 5099 est;
303 5032 336 5089 de
346 5046 401 5114 quo
415 5042 506 5102 supra.
909 5045 966 5102 pra.
982 5027 1057 5085 Situs
1070 5033 1111 5108 est
1138 5026 1286 5108 Divioucm
1312 5026 1385 5082 inter
1408 5032 1435 5082 et
1459 5024 1702 5083 antissiodorum:

88 5109 101 5144 t
120 5105 210 5174 Papus
222 5105 374 5161 oscarense
387 5100 421 5157 ab
435 5101 627 5157 Oscarafluvio
640 5116 741 5157 nomen
752 5102 848 5159 babet:
908 5098 955 5155 sed
966 5099 1079 5156 Divionr
1096 5098 1195 5171 propin
1217 5113 1288 5153 trior.

53 5176 155 5231 Oscare
171 5182 274 5239 autem,
289 5175 372 5246 vulgo
389 5173 497 5239 Ouselte,
512 5172 543 5229 in
558 5173 664 5228 Ducatu
684 5173 851 5245 burgundias
944 5182 954 5252 ξ
970 5171 1053 5227 Plura
1075 5114 1294 5253 fueruntssruius
1312 5170 1389 5251 tituli
1404 5166 1541 5235 eoenobia,
1566 5175 1593 5224 et
1615 5183 1704 5250 unum

51 5245 81 5301 in
97 5244 207 5300 Ararim
224 5245 316 5303 influit
330 5244 404 5318 apud
423 5243 582 5300 haudonam
599 5242 628 5300 S.
648 5244 770 5312 loannis,
786 5244 854 5301 alias
908 5242 1020 5314 quidem
1028 5238 1355 5308 Antiss10d0r1,ubrolrm
1367 5237 1549 5297 monachoset
1560 5238 1705 5306 moniales,

52 5317 80 5373 S.
102 5316 169 5371 Jeea
188 5317 219 5372 de
235 5317 324 5372 Luem
335 5334 343 5371 :
355 5314 420 5372 inde
430 5332 459 5372 er
477 5330 588 5397 ousque
604 5315 638 5372 ad
652 5331 752 5388 pagum
759 5315 853 5371 Divio·
908 5313 1052 5386 separatim
1077 5317 1180 5380 umen,
1196 5310 1335 5369 habitasse
1357 5312 1437 5370 docet
1450 5311 1487 5392 be
1501 5309 1573 5392 beuf
1594 5310 1624 5367 in
1638 5326 1705 5382 prae·

51 5403 165 5443 oensem
189 5386 303 5445 extendi
318 5386 439 5443 videtur.
489 5386 591 5442 alesius
616 5385 696 5442 illurn
711 5385 854 5443 concludit
908 5383 1011 5440 fatione
1028 5382 1062 5438 ad
1078 5382 1195 5464 Captum
1209 5392 1236 5439 et
1252 5382 1401 5440 liberatum
1415 5380 1651 5439 autissiodorum.
1673 5451 1691 5465 ..

49 5458 142 5526 Arari,
159 5458 269 5527 (lecara,
285 5474 317 5515 ac
331 5458 402 5514 'lilla
416 5456 589 5513 fluminibus.
948 5454 1007 5512 'De
1021 5454 1066 5511 his
1079 5452 1124 5510 adr
1140 5458 1209 5511 heta
1223 5455 1251 5511 S.
1265 5455 1369 5512 Urbani
1381 5470 1466 5538 papas,
1486 5460 1512 5510 et
1526 5451 1563 5510 tl.
1578 5453 1613 5511 25
1627 5453 1703 5537 ldarr.

110 5528 201 5598 Dicin,
214 5546 264 5587 seu
277 5529 432 5596 Diuioaum,
449 5529 533 5599 vulgo
550 5527 641 5598 otton,
657 5528 723 5585 urbs
737 5534 778 5583 est
787 5542 854 5599 per·
908 5526 1103 5584 Perstetetiom
1124 5542 1194 5581 ausc
1213 5527 1458 5583 hccmoaestermm
1473 5523 1521 5580 sub
1535 5524 1704 5582 &adscisce

49 5598 166 5656 celebris
191 5601 225 5656 ad
245 5602 374 5659 Oscaram
398 5598 526 5666 fluvium,
546 5600 667 5658 baeatus
686 5598 854 5673 Burgundiae
908 5597 1143 5725 ceaqreqefigaegg.
1158 5597 1254 5667 Vitoai,
1263 5595 1704 5727 {aquitllabilloniushnnalium

55 5678 147 5743 ceput.
910 5676 976 5727 tom.
1013 5687 1083 5739 ,ι.
1138 5684 1242 5738 ,num.
1301 5714 1307 5728 .
