3834 6136
72 315 144 373 ttae
813 315 984 375 CANONES.

1653 325 1722 385 {llll

70 473 218 542 prestatur
235 464 367 533 interris,
382 471 527 537 praestante
549 466 668 523 Domino
691 472 786 522 nostro
807 465 871 522 lesu
882 471 909 531 Α
922 467 995 524 vivit
1007 474 1035 524 et
1048 476 1141 540 repeat
1158 484 1205 540 per
1228 469 1397 527 immortalia
1420 471 1522 527 secuta
1543 474 1721 544 saeculorum,

68 556 195 628 Christo,
209 556 333 630 quicum
349 565 485 614 coaeterno
502 557 580 614 Patre
604 573 636 615 ac
655 557 759 629 Spiritu
776 564 871 614 saneto
924 558 1023 613 Amen.

1135 719 1303 730 -a——--

541 882 882 995 CANONES
927 881 1251 992 ORDONIS

635 1085 672 1147 In
693 1083 817 1164 synode
839 1079 1165 1162 postponentem·

492 1205 584 1281 (Apud
603 1204 767 1273 Babuzium,
786 1203 974 1277 Capituarium
995 1214 1062 1262 tom.
1084 1206 1118 1274 ll,
1141 1221 1211 1277 pag..
1235 1204 1296 1262 tte.

103 1485 204 1541 Sancta
213 1480 336 1553 synodus
348 1497 408 1554 qua
423 1481 452 1537 in
467 1480 578 1537 nomine
587 1480 709 1551 Domini,
722 1481 866 1540 vocatione
920 1479 1048 1552 Augusti,
1064 1486 1153 1538 tactus
1178 1478 1272 1537 dolore
1296 1480 1396 1549 cordis,
1425 1481 1588 1538 acceleravit
1609 1482 1721 1540 mittere

68 1575 166 1633 domni
183 1574 297 1632 loannis
310 1583 352 1631 ter
366 1572 517 1630 beatissimi
540 1590 572 1630 ac
592 1574 756 1631 universalis
779 1590 863 1646 papae,
921 1569 1018 1625 missos
1032 1587 1106 1640 suos,
1121 1570 1253 1627 loannem
1272 1570 1402 1628 videlicet
1412 1578 1439 1627 et
1447 1571 1593 1639 loannem,
1607 1586 1720 1629 venera·

66 1675 94 1723 et
103 1664 226 1738 jussione
242 1664 337 1720 domni
352 1663 443 1722 Caroli
458 1670 589 1736 perpetuo
604 1663 732 1736 Augusti,
748 1678 867 1735 congre·
920 1661 989 1718 biles
1002 1661 1152 1733 episcopos,
1168 1678 1231 1719 cum
1246 1662 1309 1719 aliis
1322 1662 1380 1718 suis
1394 1661 1528 1734 epistolis,
1546 1663 1642 1719 volens
1656 1678 1719 1719 eum

65 1764 128 1826 gata
142 1762 183 1811 est
199 1755 227 1811 in
243 1754 304 1810 loco
315 1753 363 1828 qui
378 1761 493 1810 vocatur
507 1753 678 1826 Pontigonis,
694 1768 766 1809 anno
776 1753 866 1809 lncar·
921 1765 1033 1806 monere
1046 1757 1106 1806 uta
1121 1757 1198 1806 tanto
1219 1750 1290 1807 nialo
1310 1751 1511 1823 poenitudinem
1526 1749 1559 1806 de
1574 1751 1721 1824 praeteritis

65 1843 189 1901 nationis
202 1843 355 1901 Dominicce
372 1843 434 1912 876,
447 1842 599 1900 indictione
613 1859 653 1911 ra,
669 1842 745 1915 regni
759 1838 865 1915 praelati
920 1849 1020 1912 ageret,
1037 1850 1064 1898 et
1078 1840 1188 1898 tandem
1204 1842 1353 1898 fraternum
1370 1858 1483 1914 regnum
1506 1841 1636 1899 invadere
1650 1841 1719 1899 desi·

64 2038 125 2080 xvrr
140 2023 280 2080 Kalendas
293 2021 422 2095 Augusti,
437 2020 496 2080 haec
509 2022 630 2096 capitula
643 2037 703 2095 quae
713 2020 807 2078 subter
817 2036 863 2076 an·
920 2015 986 2075 dum
1001 2018 1121 2092 recipere
1135 2021 1234 2076 voluit.

61 2126 135 2170 nexa
150 2121 216 2170 sunt
230 2111 361 2168 instituit.

410 2230 477 2290 Cur.
494 2232 516 2289 1.

98 2330 224 2389 obeunte
240 2328 390 2398 Ludoviec,
406 2330 454 2403 qui
469 2330 586 2388 Romani
600 2328 711 2403 imperii
727 2329 790 2403 jura
813 2346 862 2386 rs·
918 2348 980 2388 nem
997 2331 1103 2388 scilicet
1121 2328 1327 2386 sanctissimum
1350 2328 1534 2386 Gabinensem
1558 2329 1718 2402 episcopum

62 2420 156 2494 gebat,
182 2420 301 2478 domnus
323 2422 441 2478 loannes
463 2429 506 2477 ter
527 2419 701 2477 beatissimus
724 2436 793 2494 papa
814 2436 862 2491 per
917 2429 944 2478 et
963 2427 1063 2477 sanctes
1083 2421 1212 2477 Romana
1228 2418 1357 2476 Ecclesia
1378 2419 1492 2475 missum
1517 2425 1544 2474 et
1565 2416 1720 2490 apocrisia-

60 2512 228 2570 Gadericum
243 2513 474 2584 Veliternensem,
488 2516 650 2571 Formosum
670 2514 859 2581 Portuensem,
918 2510 1001 2577 rium,
1017 2509 1174 2582 pariterque
1187 2516 1215 2567 et
1224 2510 1335 2566 Petrum
1360 2509 1647 2581 Forcsemproniatem
1665 2523 1720 2565 re-

60 2602 196 2660 loannem
211 2604 367 2673 Aretinum,
384 2605 554 2661 venerabiles
564 2605 718 2677 episcopos,
726 2602 859 2658 domnum
916 2601 1066 2658 nerabitem
1090 2601 1261 2674 episcopum,
1277 2602 1336 2659 haec
1350 2603 1446 2659 cadem
1461 2602 1642 2671 obsecrando,
1655 2618 1719 2659 mo-

61 2691 192 2751 Carclnm
210 2704 275 2753 tunc
292 2711 382 2768 regem
399 2695 432 2751 ad
450 2695 546 2750 limina
560 2695 702 2750 beatorum
716 2693 859 2765 apostolo·
916 2691 1006 2747 nendo
1021 2699 1181 2763 protestans.
1207 2691 1330 2760 Quorum
1354 2693 1460 2750 monita
1480 2700 1574 2751 utrum
1597 2693 1719 2765 recipere

1258 2134 1324 2193 Cae.
1345 2134 1380 2193 v.

953 2236 1018 2292 Post
1031 2235 1081 2291 hos
1095 2233 1214 2308 denique
1229 2233 1305 2290 misit
1320 2234 1420 2290 iterum
1435 2233 1505 2290 alios
1523 2233 1637 2304 legatos,
1653 2232 1719 2290 Leo

60 2797 124 2838 rum
139 2783 279 2853 invitavit,
294 2800 413 2858 eumque
427 2784 557 2840 Ecclesiae
580 2783 667 2854 ipsius
688 2781 859 2839 defensorem

60 2887 94 2929 ac
109 2879 228 2929 tutorem
238 2873 330 2945 elegit,
344 2871 696 2945 imperialiquediademate
705 2870 858 2937 coronavit,

61 2977 126 3018 eum
142 2978 195 3034 prae
219 2963 327 3020 eunctis
350 2963 440 3018 solum
465 2969 493 3018 et
518 2959 663 3032 specialem
688 2959 790 3032 eligens
811 2958 859 3030 qui

61 3051 178 3108 Rotnani
196 3053 303 3127 imperii
320 3063 425 3124 sceptra
439 3059 554 3108 teneret,
574 3049 659 3122 Cujus
675 3049 759 3106 sacris
774 3047 860 3104 insti-

60 3142 217 3199 tutionibus
230 3160 279 3216 pro
296 3143 390 3199 debite
405 3150 539 3216 parentes,
564 3141 638 3215 quod
662 3140 719 3213 ipse
738 3139 860 3193 institnit

61 3230 246 3301 instituimus,
262 3242 288 3289 et
303 3233 377 3306 quod
392 3250 449 3306 ipse
460 3230 636 3290 confirmarit
653 3229 712 3303 pari
725 3242 860 3287 consensu
951 3274 957 3284 .

59 3342 157 3385 omnes
168 3329 319 3389 firmamus.

402 3446 468 3503 Cae.
482 3447 517 3501 ll.

95 3544 267 3617 Congregata
281 3542 367 3614 igitur
382 3540 412 3596 in
426 3541 547 3597 Romana
561 3537 629 3594 urbe
639 3536 859 3611 sanctasynodo,

57 3648 122 3696 ante
142 3639 293 3695 adrentum
317 3636 438 3709 prsdcti
457 3635 562 3693 domni.
577 3634 759 3707 imperatoris,
784 3633 859 3689 misit

54 3747 122 3790 oum
139 3745 275 3787 consensu
287 3727 410 3784 oninium
424 3728 553 3800 epistolas
563 3725 703 3784 Ludovice
714 3724 782 3798 regi,
794 3725 859 3781 siliis

56 3835 169 3894 quoque
186 3818 282 3891 ipsius,
298 3818 522 3892 archiepiscopis,
538 3819 683 3892 episcopis,
701 3817 857 3885 abbatrbus,

56 3925 90 3966 ec
101 3908 216 3980 reliquis
232 3908 400 3981 primoribus
414 3906 490 3980 regni
506 3906 559 3975 sui,
575 3914 717 3962 monentes
731 3921 777 3962 eos
789 3922 860 3978 apo-

57 3999 157 4056 stolica
169 3999 333 4056 auctoritate
348 4014 424 4054 more
440 4005 554 4069 paterno
568 4011 677 4052 servare
701 4011 761 4068 qum
785 3994 860 4067 pacis

58 4098 134 4156 eunt,
147 4106 197 4164 ,ne
223 4089 354 4146 videlicet
381 4087 501 4162 aliquam
525 4086 703 4160 irreptionem
724 4085 754 4141 in
775 4100 859 4157 regno

59 4177 168 4253 prelati
182 4179 299 4250 Augusti
316 4177 397 4234 lacile
416 4183 553 4234 tentarent
577 4192 664 4249 usque
686 4175 753 4231 dum
776 4175 859 4232 simul

59 4270 94 4326 ad
118 4276 245 4325 mutuum
260 4266 429 4342 colloquium
445 4268 582 4334 venirent,
599 4265 697 4338 etipse
720 4265 793 4322 inter
813 4280 859 4321 eos

58 4360 134 4416 etde
149 4374 213 4433 pace
226 4357 414 4416 conservanda
427 4366 454 4414 et
469 4357 503 4414 de
512 4356 575 4430 juro
596 4372 741 4428 regnorum
756 4370 859 4413 secun-

61 4448 125 4507 dum
140 4450 194 4508 sihi
218 4467 234 4507 a
254 4452 311 4506 Dec
335 4448 520 4506 ministerium
545 4446 680 4505 creditum
702 4446 860 4504 decerneret

60 4540 163 4613 pariter
179 4548 206 4596 et
219 4539 397 4598 discerneret.
414 4538 487 4607 Quas
510 4537 639 4610 epistolas
662 4551 711 4608 per
734 4535 859 4592 Odonem

60 4628 269 4686 Bellovacorum
279 4628 465 4686 venerabilem
473 4627 631 4701 episcopum
645 4624 698 4682 sibi
710 4624 860 4682 destinatas

59 4727 87 4775 et
101 4718 144 4775 bis
157 4719 262 4779 delatas
276 4722 391 4779 omnino
405 4720 525 4793 recipere
540 4726 702 4777 renuerunt.

395 4841 461 4900 mr.
478 4840 525 4898 lll.

95 4938 156 5012 lpse
174 4955 239 4997 vero
253 4939 404 5013 apostolica
418 4948 445 4997 et
459 4945 572 5011 paterna
587 4937 692 4993 monita
711 4935 859 5010 parvipen-

58 5028 139 5097 dens,
152 5036 180 5087 et
193 5029 314 5087 fraterna
333 5030 436 5087 leaders
458 5027 643 5098 disrumpens,
665 5025 761 5082 hostili
776 5040 859 5081 manu

58 5120 208 5194 tyrannico
224 5137 299 5177 more
315 5120 467 5178 fraternum
483 5133 597 5189 regnum
611 5114 803 5189 depopulando
819 5114 861 5170 in·

57 5211 150 5279 vasit3
168 5208 330 5281 homicidia,
342 5221 446 5284 stupra,
458 5208 604 5277 adulteria,
618 5206 770 5278 sacrilegia,
782 5213 809 5261 et
819 5205 860 5261 in·

58 5316 176 5358 numera
190 5302 336 5377 malaque
355 5300 512 5359 enumerari
536 5305 688 5374 nequeunt,
698 5294 862 5353 ·auctoritas

58 5390 223 5450 facientium
239 5391 416 5467 perpetravit.

395 5511 461 5570 Cae.
481 5508 529 5570 tv.

96 5608 161 5670 lloec
175 5612 247 5669 mala
260 5609 376 5668 audieus
389 5616 432 5666 ter
440 5603 616 5665 beatissimus
628 5619 698 5678 papa
706 5607 864 5676 perpetrata

56 5717 119 5761 esse
135 5704 166 5760 in
181 5719 265 5777 reguo
278 5701 413 5777 spiritalis
426 5698 479 5757 filii
492 5696 536 5756 sui
550 5694 646 5754 domni
657 5694 747 5755 Caroli
758 5708 864 5768 semper

915 2782 993 2851 velit,
1008 2782 1098 2840 adbuc
1112 2784 1274 2857 ambiguum
1287 2790 1406 2841 constat.

1252 2898 1315 2957 Cae.
1329 2901 1378 2958 Vl.

950 2995 1065 3065 Verum,
1080 2996 1145 3069 quia
1159 2997 1288 3069 praelatus
1303 2997 1357 3053 Leo
1372 2996 1537 3054 Gabineusis
1556 2996 1718 3054 reverentis·

840 3137 845 3147 ,
916 3082 1002 3140 sinsus
1014 3085 1157 3158 episcopus
1171 3097 1307 3143 etsanctae
1323 3087 1451 3143 Romanae
1469 3085 1600 3142 Ecclesia
1618 3086 1719 3141 missus

916 3182 943 3229 et
965 3174 1169 3246 apocrisiarius,
1194 3192 1243 3231 seu
1271 3182 1299 3231 et
1326 3175 1423 3231 Petrus
1451 3175 1718 3248 Forcsemproniatis

915 3290 1069 3349 episcopus,
1083 3292 1132 3348 pro
1146 3274 1311 3347 quibusdam
1332 3275 1502 3332 utilitatibus
1526 3271 1718 3332 ecclesiasticis

914 3370 1013 3424 morari
1034 3367 1080 3424 bic
1102 3367 1208 3423 diutius
1226 3376 1377 3440 nequeunt,
1404 3384 1494 3441 neque
1517 3367 1660 3441 episcopos
1683 3366 1717 3423 de

913 3459 1065 3530 longinquo
1078 3457 1221 3514 vestientes
1236 3455 1349 3529 latigare
1365 3458 1475 3530 longius
1487 3457 1601 3530 dignum
1612 3463 1664 3524 est,
1671 3453 1716 3512 de·

913 3546 1199 3603 creueruntloaunem
1215 3545 1415 3603 Tuscanensem
1436 3554 1463 3603 et
1480 3547 1614 3603 loannem
1628 3543 1716 3601 Areti-

913 3650 980 3690 num
997 3636 1165 3693 reuerendos
1180 3637 1333 3709 episcopos,
1348 3637 1395 3710 qui
1411 3636 1575 3709 legationem
1592 3634 1716 3706 praelato·

912 3739 974 3780 rum
995 3724 1098 3794 pariter
1119 3740 1182 3781 cum
1204 3725 1290 3799 priori
1316 3726 1452 3796 legatione
1475 3724 1666 3797 suscipientes,
1686 3737 1717 3779 ea

913 3832 973 3889 qua
983 3816 1134 3889 peragenda
1143 3826 1219 3887 sunt,
1230 3816 1557 3891 cumcaeteriseprscopis‚
1568 3833 1716 3891 quoscum·

913 3907 992 3962 reruni
1002 3924 1138 3964 consensu
1148 3909 1291 3982 elegerint,
1303 3910 1361 3967 vice
1371 3909 1497 3977 omnium
1509 3906 1715 3980 episcopcrum,

914 3993 1049 4066 quidquid
1057 4012 1105 4050 seu
1120 3996 1150 4051 in
1164 3998 1305 4055 evocando
1319 4015 1368 4056 seu
1380 3998 1409 4055 in
1428 3996 1665 4070 contemptoribus
1679 3995 1716 4053 le·

913 4082 1011 4138 riendc
1026 4082 1196 4152 definierint,
1212 4087 1363 4157 apostolica
1377 4090 1541 4146 auctoritate
1556 4085 1716 4145 liberedell·

913 4172 1001 4240 niant,
1013 4180 1040 4228 et
1049 4171 1185 4245 quidquid
1195 4173 1246 4246 ipsi
1257 4173 1643 4242 deliberaverint,etdomnus
1653 4189 1716 4246 apo·

913 4263 1027 4318 stolicus
1038 4278 1101 4319 cum
1112 4261 1189 4317 omui
1199 4273 1294 4320 sancta
1309 4262 1432 4320 llomaua
1448 4261 1571 4319 Ecclesia
1585 4261 1716 4319 determi-

913 4357 991 4414 nabit
1004 4365 1031 4414 et
1045 4358 1245 4431 inperpetuum
1263 4370 1421 4411 mansurum
1436 4360 1537 4411 statuet
1544 4351 1714 4411 etfirmabit.

1231 4479 1302 4537 vCere.
1323 4477 1384 4536 Vll.

948 4577 1026 4636 Sicut
1039 4575 1168 4635 domiuus
1186 4592 1255 4650 papa
1264 4577 1382 4634 loannes
1396 4573 1498 4644 sanxit,
1509 4572 1676 4632 connivente
1687 4577 1716 4631 el

874 4666 898 4726 D
914 4670 1103 4727 consentiente
1116 4674 1144 4724 et
1157 4667 1377 4726 condecernente
1391 4668 1494 4726 domno
1510 4674 1537 4724 et
1551 4663 1716 4740 gloriosissi·

914 4780 960 4820 mo
975 4762 1074 4820 Carolc
1089 4762 1253 4837 imperatore
1267 4779 1374 4837 semper
1393 4762 1528 4835 Augusto,
1551 4758 1715 4832 Ansigisum

914 4853 1098 4910 venerabilem
1113 4853 1282 4927 episcopum,
1303 4853 1442 4910 Senonum
1462 4850 1713 4924 archiepiscopum,

914 4959 991 4999 suam
1001 4943 1089 5001 ricem
1104 4952 1206 5011 tenere,
1222 4952 1249 5000 et
1264 4942 1412 5015 primatum
1423 4941 1447 4996 ei
1459 4940 1555 4997 Galliae
1565 4945 1593 4994 et
1602 4936 1716 4993 Germa·

913 5033 968 5090 nise
982 5033 1101 5092 contulit
1115 5034 1144 5090 in
1156 5032 1296 5091 evocanda
1311 5032 1418 5105 synodo
1428 5041 1456 5088 et
1466 5028 1624 5087 deliniendo
1634 5039 1714 5082 cano·

915 5123 976 5180 uice
991 5124 1013 5179 si
1029 5124 1158 5195 qualibet
1173 5124 1375 5180 insurrexerint
1394 5120 1558 5188 necessaria,
1571 5125 1599 5175 et
1611 5121 1643 5172 ut
1656 5128 1714 5187 pra·

916 5211 994 5267 viora
1007 5212 1041 5268 ad
1058 5211 1146 5284 ipsius
1167 5214 1295 5269 ncillam
1315 5211 1425 5279 referat,
1443 5216 1471 5266 et
1484 5225 1535 5266 nos
1548 5203 1716 5265 unanimiter

916 5302 992 5358 omni
1012 5300 1160 5358 devotione
1179 5302 1332 5370 laudamus,
1353 5309 1381 5357 et
1395 5307 1426 5357 ut
1440 5299 1478 5355 its
1491 5299 1549 5372 ipse
1564 5296 1714 5369 primatum

917 5399 1008 5452 teneat
1021 5391 1117 5450 Gallia
1132 5399 1159 5450 et
1170 5392 1323 5449 Germanis
1339 5389 1513 5448 decernimus
1526 5395 1553 5445 et
1564 5386 1713 5446 sancimus.

1242 5497 1307 5556 Cae.
1320 5498 1394 5556 Vlll.

952 5599 1095 5676 Syncdum
1119 5616 1202 5677 quam
1226 5599 1344 5657 domnus
1364 5597 1483 5656 loannes
1502 5595 1669 5670 apostolicus
1688 5599 1716 5653 et

917 5691 1084 5751 universalis
1102 5708 1172 5767 papa
1193 5706 1276 5765 super
1297 5687 1481 5766 quorumdam
1501 5687 1714 5762 depositionem,
1751 5724 1816 5760 Δ.
