3834 6136
218 194 271 254 tle
879 191 1031 250 USUAltlil
1050 192 1212 251 ttoltnclll
1817 195 1875 253 3²0

219 322 285 391 tius,
308 337 341 378 ac
362 319 491 387 modste,
517 317 659 390 Syracusis
681 317 830 390 plumbatis
855 317 929 385 cesi,
952 334 1015 373 cum
1030 329 1056 386 Α
1072 316 1161 372 millia
1175 331 1224 388 per
1233 314 1357 371 eamdem
1368 313 1642 384 esnmmabarbarie,
1653 314 1783 372 adsuere
1793 315 1875 374 Cbri·

219 387 1015 462 diislitarenollent,decollatisunt.llietrigesimaprima,
1071 386 1876 459 stijugumsubeundumrcvocataesseeognovit.Omnia

219 462 306 520 eeiicti
321 469 349 516 et
359 459 428 531 justi
444 459 601 515 Eudocimi.
617 485 626 507 ι
649 461 729 527 Tum,
756 462 830 532 typis
844 460 1015 515 minoribus:
1071 460 1144 514 euim
1161 460 1220 530 ejus
1234 457 1351 514 consilia
1372 467 1400 514 et
1418 459 1510 515 studia
1524 457 1684 530 spectabant
1696 458 1734 514 ad
1755 474 1875 516 conser-

226 533 353 598 «Romae,
369 530 438 586 obiit
453 530 761 604 beatissimuslgnatins
772 531 875 597 Loiola,
887 531 1017 586 fundator
1071 530 1201 595 vendam,
1225 529 1407 586 revocandam
1431 537 1458 585 et
1477 528 1717 600 multiplicandam
1731 545 1782 603 per
1800 546 1830 586 se
1847 538 1875 586 et

219 601 365 659 Societatis
381 602 454 657 lesu.
470 601 556 667 Quam
583 610 640 657 toto
661 603 858 729 propemodum
880 610 1017 657 terrarum
1072 618 1135 656 snos
1161 600 1226 655 fidei
1247 600 1389 658 catholicae
1411 600 1635 658 sinceritatem.»
1670 600 1714 657 Ad
1739 599 1874 674 majorem

220 673 286 730 orbe
303 672 513 744 multiplicatam
525 673 606 728 vidit.
619 674 663 732 llu
676 681 704 729 ta
716 689 825 747 qnoque
839 673 1017 729 barbarorum
1072 671 1122 728 Dei
1137 672 1262 745 gloriam.

758 991 967 1070 nausis
1007 958 1329 1066 iocosius

882 1183 989 1231 HABET
1012 1181 1084 1229 DIES
1107 1180 1203 1229 xxxi.

218 1467 419 1619 Kiieiintislisciiim
436 1553 535 1609 natalis
549 1556 707 1609 sauctorum
722 1544 951 1605 blachabaeorum.
969 1545 1073 1612 Roma,
1086 1541 1121 1600 ed
1135 1549 1262 1600 sanctum
1276 1540 1430 1599 Petrumad
1440 1542 1563 1599 vincula.
1581 1543 1668 1616 Apud
1682 1456 1874 1603 iuriam]

217 1651 273 1701 tate
288 1643 418 1711 Vercelli,
428 1641 501 1698 beati
514 1639 628 1697 Eusebii
641 1636 772 1709 episcopi,
789 1636 838 1710 qui
853 1635 888 1691 ob
902 1633 1103 1691 contessionem
1116 1631 1181 1690 fidei
1195 1649 1211 1687 a
1225 1629 1389 1689 Constantio
1403 1630 1580 1703 scitopolim,
1602 1641 1630 1689 et
1647 1631 1714 1690 iude
1726 1632 1874 1708 Cappado-

126 1753 129 1765 “
217 1735 287 1791 ciam
304 1733 448 1803 relegatus,
460 1738 522 1802 post
534 1729 569 1785 ad
583 1728 726 1785 ecclesiam
738 1741 815 1781 suam
830 1741 965 1791 reversus,
983 1722 1133 1779 novissime
1149 1720 1375 1795 persequentibus
1390 1721 1515 1790 Arianis,
1532 1722 1700 1795 martyrium
1715 1740 1814 1796 passus
1822 1735 1873 1783 cst.

217 1825 285 1881 Item
304 1824 408 1884 Romae,
425 1821 515 1893 passio
534 1827 690 1875 sanctarum
704 1815 845 1888 virginum
864 1815 937 1887 Spei,
954 1814 1032 1870 Fidei
1047 1820 1075 1869 et
1089 1809 1237 1867 Charitatis
1258 1818 1286 1866 et
1309 1810 1407 1866 matris
1429 1827 1524 1866 earum
1551 1810 1718 1883 Sapientiae:
1744 1829 1806 1886 que
1825 1813 1875 1871 sub

218 1912 342 1969 Adriano
357 1910 481 1983 principe
493 1907 620 1979 martyrii
628 1923 758 1963 coronam
772 1905 877 1977 adeptae
892 1913 967 1961 suiit.
983 1904 1036 1961 Via
1050 1900 1158 1967 Latine,
1168 1906 1326 1955 sanctorum
1341 1908 1494 1971 martyrum
1506 1901 1577 1956 Boiii
1589 1901 1757 1974 presbyteri,
1768 1903 1875 1967 Fausti,

218 2001 318 2069 llaurl,
334 2017 396 2056 cum
406 2000 469 2055 aliis
483 2006 597 2070 septem,
614 1997 701 2070 quiin
716 1995 847 2068 Stephani
863 2012 938 2068 papie
949 1993 1064 2051 Actibus
1077 1993 1282 2050 deseribuntur.
1296 1993 1327 2047 lii
1338 1991 1480 2064 Hispaniis
1495 1992 1610 2049 civitate
1623 1992 1767 2061 Gerunda,
1775 1994 1875 2051 natalis

216 2090 305 2147 sancti
320 2089 429 2158 Felicis,
444 2105 526 2162 quem
534 2087 617 2160 jussit
628 2086 716 2160 judex
727 2086 874 2151 Decianus,
887 2092 948 2158 post
959 2086 1036 2143 illata
1044 2092 1246 2143 tormentorum
1258 2083 1490 2156 genera,ungulis
1502 2081 1622 2154 detrahi,
1636 2099 1668 2141 ac
1678 2082 1876 2158 deiudensque

217 2179 252 2238 ad
266 2195 328 2237 ossa
337 2177 447 2248 laniari,
464 2185 491 2234 et
504 2176 611 2234 tamdiu
629 2176 745 2232 vulnera
764 2174 929 2231 vulneribus
944 2175 1102 2243 instaurari,
1122 2174 1290 2249 usquedum
1315 2173 1454 2229 invictum
1468 2171 1581 2230 Christo
1595 2171 1726 2245 spiritum
1742 2171 1873 2229 reddidit.

216 2269 299 2342 Apud
315 2268 455 2328 Arabiam,
466 2267 578 2326 civitate
593 2263 795 2337 Philadelphia,
808 2271 965 2321 sanctorum
978 2271 1133 2336 martyrum
1145 2264 1248 2332 Cirilli,
1264 2263 1386 2337 Aquilae,
1398 2262 1484 2332 Petri,
1501 2262 1668 2333 Domiciani,
1680 2263 1755 2333 Rufi,
1766 2264 1875 2320 lleuaii·

216 2357 271 2425 dri,
286 2375 342 2414 une
356 2356 400 2414 die
413 2365 619 2416 coronatorum.
630 2357 662 2413 lii
672 2355 811 2413 territorio
825 2354 984 2424 Parisiensi,
1004 2355 1107 2412 lustini
1128 2354 1270 2430 martyris.
1286 2355 1319 2411 lii
1341 2370 1410 2428 pago
1423 2354 1547 2422 Lisuino,
1563 2354 1652 2411 sancti
1668 2355 1791 2413 Nemesii
1805 2371 1875 2412 eou-

218 2444 339 2504 sessoris.

987 2566 1106 2625 NOTAE.

252 2668 318 2724 Puri
332 2676 398 2725 suiit
412 2668 534 2734 Proteo,
549 2668 697 2736 Heriuieii,
714 2665 958 2736 Aulaeum-dimon
976 2666 1086 2723 Greoeu.
1102 2674 1129 2722 et
1144 2667 1246 2722 Molee.

825 2781 1027 2849 VARIAWES
1046 2790 1251 2848 LEC'I'IONES.

252 2887 361 2960 Reliqui
380 2887 497 2954 Vercelli,
511 2903 546 2943 ex
561 2886 669 2942 Praten.
681 2886 861 2943 etlleriuien.
878 2887 933 2942 Alii
968 2903 1016 2942 as·
1031 2891 1053 2951 B
1068 2887 1114 2944 bet
1138 2888 1278 2944 deciduus.
1304 2887 1409 2945 Deinde
1429 2906 1493 2946 cum
1519 2890 1647 2946 Greveno
1671 2889 1740 2964 legit
1763 2891 1875 2948 uinculis

215 2960 267 3017 sim
291 2958 389 3015 melius
412 2958 507 3030 legunt
529 2957 662 3015 Vercellis.
683 2956 800 3038 Grercu.
825 2957 916 3037 babet,
941 2903 1016 3014 goii-
1070 2959 1185 3025 detrahi,
1209 2977 1258 3032 pro
1274 2961 1380 3031 ungulis
1396 2962 1511 3017 detrolii.
1538 2961 1606 3017 ltem
1622 2968 1751 3036 uterque,
1775 2963 1875 3020 uude

215 3030 313 3088 etuutio
327 3029 465 3101 pi·iucipe,·
481 3030 595 3096 Molem,
610 3029 782 3084 Constantino
799 3029 889 3099 princi
908 3045 935 3084 e:
953 3031 1016 3084 Aii-
1069 3031 1222 3086 uulneribus
1235 3031 1398 3088 instaurari.
1415 3032 1573 3098 Herinien.,
1593 3034 1711 3090 Vulnera
1726 3034 1875 3091 uerberibus

216 3099 382 3176 tuerp.·ldaj.
408 3099 513 3156 omittit
534 3100 664 3171 principe,
689 3100 737 3155 sed
760 3108 852 3156 serrat
898 3107 1014 3154 postcu-
1068 3102 1229 3157 restuirori.
1259 3104 1341 3160 Recte
1369 3104 1478 3160 Praten.
1508 3111 1535 3159 ct
1567 3103 1786 3178 Arituerp.·h{ej.
1812 3122 1873 3163 cciii

216 3175 280 3231 tium
310 3172 407 3231 Ceteri
430 3172 482 3227 siin
506 3171 606 3239 liciter,
630 3179 661 3227 ut
680 3180 721 3226 est
745 3171 774 3227 in
799 3180 888 3227 textu.
917 3170 1013 3227 Scribo
1069 3171 1179 3241 Adone,
1195 3182 1225 3229 ut
1238 3181 1279 3229 est
1294 3174 1323 3229 in
1338 3175 1492 3230 textu.Sed
1508 3191 1564 3231 uon
1578 3175 1648 3232 bene
1658 3174 1874 3250 Amasim-blei.

215 3244 368 3317 Seitopelim
393 3259 457 3300 cum
481 3189 635 3310 iierinien,
665 3241 877 3314 Autnerp.·llaj.
902 3251 929 3298 et
952 3243 1014 3298 aliis
1070 3244 1172 3324 reddit,
1222 3261 1252 3300 ro
1288 3245 1413 3301 reddidit.
1445 3245 1657 3317 Aiituerp.·lla'.
1696 3247 1876 3306 uniformiter

215 3317 361 3390 plerisque.
383 3316 415 3371 In
439 3313 562 3370 Pratensi
586 3323 626 3369 est
642 3315 828 3395 Seithopolim,
849 3315 878 3395 in
894 3312 1012 3394 Greuen.
1072 3316 1170 3395 scribit
1194 3261 1354 3387 tiliodium
1380 3317 1534 3385 Herinien.,
1556 3264 1738 3390 Filmietpbiu,
1762 3319 1876 3393 praeiere

216 3387 374 3460 Scytopolim
383 3405 393 3452 ;
407 3386 434 3441 iii
450 3385 754 3457 blolen.,Sclsytopelim.
767 3386 931 3456 Spei,Fidei,
948 3393 1012 3452 etc,
1069 3388 1137 3441 alios
1161 3396 1225 3443 tres.
1250 3387 1330 3443 Solus
1345 3388 1453 3444 Praten.
1475 3389 1541 3460 legit
1556 3389 1693 3446 territorio
1715 3391 1875 3459 Perisierrei,

214 3468 321 3531 ponunt
344 3474 449 3525 omnes,
467 3465 582 3529 excepto
597 3455 858 3539 muncip-Maiore,
883 3457 929 3529 qui
950 3473 1013 3512 cum
1069 3457 1155 3512 ferme
1169 3465 1379 3514 contraomues.
1397 3459 1457 3514 Non
1474 3458 1656 3531 distinguitur
1671 3460 1700 3517 iii
1717 3462 1877 3536 Amnem.-

214 3530 356 3586 uonnnllis
388 3528 450 3583 aliis
476 3527 611 3600 praeponit
634 3528 718 3583 Fidei.
744 3529 775 3583 ln
801 3526 1012 3599 Autuerp.·blaj.
1070 3527 1171 3600 Majorc
1185 3545 1286 3585 nomen
1298 3529 1407 3586 Justiui.
1424 3530 1500 3586 ldem
1518 3531 1599 3587 babet
1615 3531 1729 3588 Bisus‘no
1743 3539 1771 3590 et
1790 3534 1878 3592 dieue·

216 3599 308 3657 hiulca
321 3607 362 3655 est
372 3599 552 3662 constructio,
563 3615 640 3667 quem
646 3598 733 3665 judee
748 3598 895 3664 Decianus,
912 3599 1014 3654 omisso
1070 3600 1114 3654 sii.
1132 3600 1264 3666 Grevem,
1277 3601 1393 3671 Lisuguo
1415 3603 1467 3656 Pro
1482 3609 1562 3659 textu
1575 3608 1629 3658 stat
1643 3601 1772 3660 codicem
1783 3613 1877 3661 aucto

215 3671 300 3726 uerbo
308 3669 400 3739 jussit.
415 3668 517 3724 Melan.
531 3667 695 3739 typothetae,
711 3668 740 3723 ui
756 3667 847 3736 lallor,
863 3685 955 3724 errore
968 3669 1013 3724 ha·
1070 3670 1146 3737 ritas,
1165 3671 1193 3727 iu
1214 3672 1316 3744 quibus
1336 3672 1469 3729 minutias
1483 3672 1551 3730 alias
1573 3674 1751 3748 negligendas
1767 3675 1876 3748 putaui.

894 3798 1199 3858 OBSERVATIONES.

251 3898 354 3955 Tertiis
368 3896 419 3952 vix
430 3903 489 3952 toto
502 3911 576 3952 anno
595 3892 733 3961 diffusior,
750 3910 785 3950 eir
809 3894 899 3951 solitis
920 3904 1013 3952 tamen
1067 3905 1177 3970 sumpta
1190 3906 1265 3955 sunt.
1284 3898 1423 3956 Notlierus
1437 3901 1558 3974 explicat
1572 3903 1712 3975 quomodo
1726 3914 1755 3963 et
1771 3917 1875 3979 marty-

216 3968 350 4038 lontibus‚
382 3967 512 4022 misertim
528 3965 747 4046 Adoniano,pro
761 3964 857 4046 majori
873 3976 948 4037 parte
960 3967 1013 4024 de-
1067 3968 1140 4024 rium
1164 3970 1314 4043 pessussit‚
1340 3978 1365 4026 et
1378 3971 1407 4026 iu
1420 3989 1484 4042 poce
1501 3974 1637 4042 Ecclesiae,
1649 3974 1752 4031 circum
1764 3977 1876 4048 mases-

216 4040 331 4095 rivetus.
378 4038 513 4093 ccbcboeos
528 4037 625 4092 iratres
643 4036 677 4092 ab
693 4052 759 4106 ipsis
773 4037 868 4107 primis
882 4038 1012 4095 Ecclesia
1067 4040 1149 4096 sionis
1173 4059 1228 4096 suc
1254 4044 1483 4100 consummaverit.
1509 4046 1562 4101 Pro
1583 4045 1638 4101 huc
1663 4062 1751 4119 iisque
1777 4047 1876 4114 dietis,

215 4110 324 4167 seculis
341 4125 439 4181 magna
449 4124 554 4179 semper
566 4107 596 4162 iii
608 4109 784 4164 veneratione
795 4108 888 4173 luisse,
900 4108 1014 4165 demon·
1066 4119 1246 4168 monumenta
1259 4112 1345 4169 tradit
1371 4113 1480 4180 Surius,
1494 4123 1521 4171 et
1535 4132 1599 4172 cum
1614 4117 1718 4174 nostris
1740 4120 1878 4176 convenit

215 4186 303 4238 strant
318 4181 429 4236 Petrum
444 4179 569 4236 encomia
583 4178 656 4250 apud
671 4178 885 4247 Florentinium,
901 4190 927 4237 et
943 4196 1011 4236 mer·
1066 4183 1292 4251 wandalbertus,
1307 4184 1347 4240 sic
1362 4186 1518 4257 Augustum
1531 4186 1680 4244 exordiens
1696 4206 1703 4245 ε

214 4253 404 4336 tyrologorum
426 4260 581 4306 nostrorum
612 4265 771 4306 consensus.
797 4250 1012 4332 llieronymiaria
1128 4279 1377 4338 Augustusdeinum
1393 4283 1468 4340 pleno
1480 4282 1534 4343 juin
1550 4283 1617 4331 farre
1635 4285 1757 4346 refertus,

215 4339 353 4395 lfflpf¹ffl¹8
363 4323 491 4395 ampliOFi
502 4338 549 4403 00?
559 4321 651 4394 Phffli
664 4337 832 4377 ⁰0ffl¹1¹³¹¹¹0s
833 4331 891 4387 ³1¹²,
911 4339 971 4395 ‘111OE
982 4339 1011 4378 ¹1¹
1026 4342 1048 4403 G
1125 4341 1190 4399 Quis
1201 4356 1344 4392 norasaera
1354 4344 1427 4401 iuerat,
1442 4347 1742 4397 riionstremusearmine
1751 4355 1872 4407 uastos,

215 4394 312 4451 mediae
327 4402 399 4451 uotae
413 4394 522 4451 codices
536 4391 656 4463 irrepsit.
678 4391 776 4448 Noster
791 4393 934 4472 perpaucis
953 4394 1010 4449 Be-

213 4465 288 4534 dem,
304 4466 458 4523 Bouianum
472 4480 586 4536 parvum
597 4471 623 4518 et
634 4463 758 4519 Adonem
769 4473 902 4536 sequitur,
914 4465 943 4521 in
959 4464 1011 4522 boc

214 4538 318 4609 dispar,
332 4537 406 4610 quod
421 4553 467 4592 eos
481 4535 571 4608 primo
586 4536 811 4591 locoauuuiitiet.
826 4536 907 4593 Plura
917 4537 946 4592 iii
963 4537 1010 4609 ip-

214 4625 306 4664 sorum
323 4608 431 4665 laudem
447 4608 543 4679 legesis
557 4606 629 4679 apud
640 4606 856 4675 Florentinium,
869 4607 964 4663 matris
983 4615 1009 4664 et

214 4678 335 4734 tiliorum
348 4677 853 4749 nominasingillatimenumerantem.
866 4678 1010 4735 EtNotlie·

215 4764 262 4804 rus
281 4748 387 4822 aliquid
406 4765 488 4820 supra
510 4747 634 4803 Adonem
649 4755 764 4803 conatus
785 4756 837 4803 est.
861 4750 964 4806 Rursus
980 4749 1010 4806 iii

214 4817 438 4890 ffieronymianfs
454 4819 685 4888 pluranarrautur
695 4818 729 4872 de
738 4817 901 4874 dedicatione
913 4821 1008 4891 prime

213 4907 230 4946 a
243 4889 323 4947 beato
338 4889 418 4944 Petro
432 4888 563 4956 ecclesiae,
578 4888 850 4969 atqueViuculorum
861 4891 1008 4959 solutione,

213 4976 274 5044 quei
287 4977 303 5016 a
315 4960 437 5016 Notliero
448 4958 576 5014 nonnihil
586 4967 667 5014 etiam
678 4959 847 5029 amplificata
858 4963 1009 5029 sunt,lleda

213 5032 336 5101 iuterim,
361 5033 485 5089 Romano
500 5045 584 5101 parvo
604 5037 631 5085 et
647 5029 743 5086 Adone
768 5031 928 5089 brevissime
951 5050 1008 5090 rem

213 5102 434 5177 expedientibus,
446 5102 525 5230 filans
535 5108 565 5156 ut
576 5103 604 5156 in
619 5106 698 5181 textu
710 5101 817 5181 legitur.
830 5105 878 5183 ‘lie
891 5105 980 5176 prima
994 5121 1010 5160 a

213 5175 294 5232 Petro
307 5175 432 5232 dedicate
469 5189 539 5229 oniae
553 5173 666 5228 eiiclesia
686 5173 793 5228 erudite
808 5172 930 5247 disputat
947 5176 1009 5231 leu-

212 5246 293 5302 datus
308 5243 505 5303 Florentiuius.
522 5243 651 5300 Eusebius
671 5244 836 5300 Vercelleissis
860 5245 893 5301 ab
915 5245 1008 5303 lliero·

214 5319 353 5388 nymianis
375 5324 486 5373 notatur
509 5323 556 5371 taii
577 5330 639 5371 uam
663 5314 805 5385 miisessor.
826 5316 909 5385 Reda,
925 5334 941 5372 a
955 5335 1009 5390 quo

213 5401 275 5441 eum
295 5386 432 5444 Germano
457 5332 676 5443 inrisioioremi
700 5386 810 5468 conjugi
827 5404 914 5459 nuper
929 5388 1009 5445 diiii-

213 5470 284 5522 mus,
308 5457 408 5514 diserte
421 5458 470 5526 ait,
486 5460 646 5515 mouentibus
664 5465 868 5528 persecutionem
886 5459 1007 5528 Arionis,

213 5527 372 5595 iucrtprium
383 5546 499 5600 possum.
513 5531 554 5586 Tu
566 5530 628 5587 vide
643 5529 851 5585 Tillemontiuui
873 5536 948 5585 tomo
961 5531 1009 5587 Vll

212 5611 229 5651 a
245 5611 272 5667 p.
288 5596 350 5654 bae.
365 5600 519 5656 Romanum
534 5618 649 5674 parvum
664 5601 755 5658 solum
769 5601 855 5658 dicit:
876 5601 1007 5671 Vercellis,

1127 4403 1274 4464 Qiiosterus
1283 4408 1308 4453 in
1316 4416 1427 4458 mortem
1440 4410 1584 4458 Antiochus
1595 4423 1655 4460 curri
1665 4418 1748 4460 matre
1755 4410 1872 4474 subegit,

1123 4465 1241 4516 Venturo
1260 4481 1375 4528 sanguen
1394 4469 1437 4531 qui
1451 4471 1554 4520 Christo
1570 4483 1662 4532 sponte
1674 4470 1808 4534 dicarunt,

1127 4530 1260 4589 Augustas
1277 4532 1388 4580 retinent
1403 4533 1544 4584 mactabat
1555 4534 1614 4597 jure
1624 4535 1765 4585 Ostendes.

1124 4591 1233 4640 earcere
1242 4592 1325 4643 Roma
1337 4594 1563 4645 Petrumcelebrat
1575 4597 1717 4660 vinclisque
1725 4596 1873 4649 reductum:

1127 4652 1321 4718 Eusiibiumque
1334 4670 1410 4705 suum
1430 4656 1540 4708 Vercelli
1560 4661 1608 4708 rite
1622 4660 1800 4722 frequentant.

1099 4751 1258 4825 Sequuntur
1271 4773 1375 4812 sorores
1389 4758 1503 4829 virgines
1517 4775 1583 4816 cum
1594 4766 1681 4817 matre
1696 4760 1868 4835 vidua,quts

1064 4823 1152 4879 fateor
1167 4840 1209 4879 me
1225 4827 1339 4890 nescire.
1353 4829 1425 4885 nnde
1442 4830 1580 4887 Usuardus
1598 4832 1788 4899 accersiverit,
1805 4849 1871 4890 cum

1064 4896 1270 4975 antiquioribus
1285 4899 1479 4973 Martyrologis
1495 4902 1691 4961 omnibussiut
1705 4903 1867 4977 incognite.

1064 4965 1123 5021 Non
1138 4983 1244 5048 ignoro,
1259 4969 1293 5024 ed
1312 4970 1347 5026 iu
1365 4970 1441 5027 lunii
1456 4972 1529 5028 inter
1545 4974 1676 5031 Auctaria
1697 4974 1797 5031 relerri
1814 4981 1871 5031 tres

1063 5053 1181 5118 sorores,
1199 5040 1295 5096 iisdem
1309 5042 1470 5099 nominibus
1485 5046 1578 5100 thece
1593 5044 1751 5118 insignitas,
1770 5045 1867 5113 Pictis,

1064 5109 1152 5178 Elpis,
1177 5109 1288 5182 Agcpis,
1310 5128 1378 5185 quas
1402 5113 1535 5171 nimirum
1557 5115 1597 5172 ibi
1615 5116 1765 5184 thlierus,
1791 5117 1871 5190 isque

1064 5181 1149 5260 solus,
1162 5180 1329 5239 Nicomediae
1343 5200 1434 5255 passas
1449 5186 1556 5242 asserit.
1572 5186 1709 5244 Batonius
1734 5187 1764 5244 in
1779 5187 1871 5245 Nota-

1063 5252 1193 5307 tionibus
1215 5253 1281 5308 satis
1304 5254 1408 5323 innuit,
1424 5272 1452 5311 se
1467 5257 1496 5313 in
1512 5257 1636 5315 Usuardo
1649 5274 1696 5316 eas
1723 5275 1753 5316 re
1790 5258 1869 5326 risse,

1064 5321 1137 5393 qnod
1152 5338 1187 5377 ex
1202 5323 1345 5381 codicibus
1361 5327 1462 5383 nostris
1480 5329 1656 5386 manifestum
1671 5336 1723 5386 eet.
1766 5346 1801 5386 ur
1814 5346 1870 5387 aii-

1064 5401 1118 5472 teiu
1134 5401 1251 5451 matrem
1265 5411 1281 5450 a
1295 5395 1406 5453 filiabus
1418 5409 1598 5471 segregatam,
1609 5400 1644 5457 ad
1653 5401 1688 5458 30
1697 5400 1871 5473 Sepoembris

1065 5464 1199 5546 rejecerit,
1215 5466 1334 5548 necdum
1353 5468 1440 5525 liabeo
1453 5480 1519 5527 satis
1532 5472 1719 5542 exploratum.
1736 5471 1868 5530 Geddcsii

1064 5545 1331 5606 ineptiasoccasiouc
1346 5542 1444 5597 haruin
1457 5543 1806 5614 sancmrumexcogitatas,
1816 5542 1868 5598 vix

1063 5616 1104 5662 est
1113 5623 1203 5686 operae
1219 5611 1340 5680 pretium
1350 5613 1505 5679 nominare,
1517 5613 1619 5671 nedum
1632 5614 1763 5672 refutare.
1776 5615 1870 5673 Faclle

213 5666 323 5748 Eusebii
335 5669 448 5740 episcopi
474 5670 642 5754 Viennensis¹
650 5673 763 5729 titulum
779 5683 927 5753 utrumque
944 5689 1007 5729 con·
1024 5698 1049 5757 D
1064 5677 1228 5736 crediderim
1251 5683 1323 5739 Acta
1336 5683 1429 5756 aliqua
1451 5693 1563 5741 nactum
1587 5684 1755 5754 Usuardum,
1773 5685 1871 5760 qualia

213 5742 310 5807 nectit,
324 5754 359 5794 eir
378 5754 433 5812 quo
452 5749 546 5797 nostra
568 5759 671 5812 omnia,
696 5744 813 5801 sublatis
835 5742 938 5812 dubiis,
953 5744 1006 5800 de·
1062 5748 1135 5818 apud
1149 5749 1260 5808 Surium
1274 5761 1392 5823 exstant,
1415 5757 1486 5813 unde
1510 5771 1604 5813 earnm
1622 5758 1785 5814 memoriam
1816 5755 1870 5814 liae
