3840 6136
119 228 173 291 637

663 227 977 289 uaevtuoteeittu.
997 261 1028 273 -
1051 231 1154 289 MENS.
1176 229 1254 290 OCT.

1720 229 1773 293 6³8

119 358 216 415 Plures
241 355 276 413 de
299 357 396 416 eodem
421 366 515 432 agunt,
529 357 580 415 hae
602 358 645 416 vel
665 359 795 415 nonnihil
811 359 960 421 diversah
1008 359 1102 418 Codex
1112 363 1145 417 D.
1161 376 1197 416 nu
1212 358 1336 415 Ciiiivii..
1352 357 1476 429 signatus
1491 356 1530 416 G:
1550 359 1699 429 «Tholosa,
1710 375 1772 417 sau·

117 430 226 504 phrasi.

153 504 316 570 Roswiivn.,
345 503 427 582 paule
455 503 582 573 ampliori
610 503 714 577 phrasi,
742 503 780 559 ita
803 503 919 576 adjicit:

123 574 211 657 «Ipso
224 574 279 639 die,
295 582 384 629 sancti
410 573 539 655 Germani
555 575 677 648 Capuani
692 575 823 647 episcopi,
841 574 921 647 cujus

116 662 240 774 pnpmam
256 646 337 701 Pater
351 644 517 703 Benedictus
531 648 602 705 vidit
615 650 650 704 ab
662 647 767 719 angelis
781 648 810 703 in
820 649 920 704 caelum

135 734 257 774 cerri.»

152 790 311 870 Puteanus.
336 787 453 869 incipit:
482 813 491 835 «
514 788 618 846 Natalis
630 789 703 846 beati
717 790 847 846 Germani
863 790 920 849 Ca·

115 862 209 943 praui·
221 876 354 933 episcopi.
376 884 385 907 ι
407 859 477 916 Tum
501 863 530 917 iii
551 861 641 935 prima
662 869 689 917 et
707 862 807 919 ultima
822 879 917 935 purus,

115 939 224 989 omittit
238 931 403 990 secundam.

150 1007 309 1085 Aurorae,
335 1004 530 1060 blau-Lusus.
555 1013 582 1060 et
600 1004 785 1073 Uessuuium,
801 1006 863 1088 puri
888 1007 917 1063 in

114 1085 206 1146 textu,
221 1076 378 1157 adiiciunt:
400 1075 533 1143 «Tolosa,
560 1076 648 1132 sancti
669 1076 821 1133 Saturnini.
848 1077 918 1134 Aliis

113 1155 157 1206 est
170 1149 337 1213 translatam
349 1156 376 1203 et
385 1157 467 1215 recte,
482 1164 546 1204 nam
561 1148 591 1203 in
606 1148 730 1204 Usuardo
744 1149 858 1220 ponitur
872 1166 918 1205 na·

114 1219 179 1276 talis
195 1236 267 1276 xxix
278 1218 455 1275 Novembris.

150 1291 313 1373 libusuam,
328 1291 357 1346 iu
372 1289 445 1347 sine:
467 1291 594 1348 «Eodem
609 1291 665 1360 die,
678 1290 814 1348 festivitas
828 1293 915 1349 saneti

114 1363 222 1419 Lucani
234 1370 306 1419 uiart
328 1362 376 1418 ris.
393 1385 402 1409 ι

151 1435 309 1491 huruuua·
338 1450 398 1500 ax,
410 1435 591 1503 Uirniiucr,
604 1434 740 1502 Lirinus,
750 1435 917 1505 Lovrmnu,

115 1505 294 1588 humasset
317 1508 429 1573 Diuic,
450 1506 478 1561 in
499 1514 577 1562 textu
598 1507 680 1563 etiam
697 1508 769 1578 puri,
785 1507 913 1563 addunt:

127 1575 318 1656 «Bodemdie,
327 1578 410 1634 uncti
420 1577 549 1634 Germani
561 1577 683 1649 Capuani
695 1578 827 1650 episcopi,
837 1577 917 1651 cujus

120 1662 245 1702 animam
259 1648 334 1704 Pater
352 1649 517 1706 Benedictus
532 1648 603 1705 vidit
613 1649 642 1704 iii
657 1650 755 1705 coeliiin
771 1649 882 1706 deferri.
899 1675 909 1698 ι

119 1719 222 1773 Ferme
236 1725 365 1791 utsupra.

115 1858 121 1868 ⁹
155 1789 327 1869 &arctans
351 1791 452 1864 «Apud
467 1793 504 1851 Ca
525 1809 599 1861 uam,
615 1792 702 1849 sancti
716 1790 852 1859 Germini,
870 1811 916 1852 cu·

107 1876 158 1940 pus
172 1875 295 1917 animam
307 1861 382 1945 vidit
393 1809 593 1921 encaushaier
602 1863 767 1921 Benedictus
778 1863 806 1918 iu
817 1863 916 1934 sphera

108 1946 194 2013 ignea
208 1930 243 1986 ab
257 1935 363 2006 angelis
375 1952 405 1990 in
420 1938 520 1992 coelum
538 1936 649 1992 deterri.
665 1937 697 1992 ln
713 1935 833 1992 Lucania
847 1952 916 2007 pro-

109 2018 219 2070 vincia,
226 2014 385 2061 sanctorum
400 2006 526 2075 lacincti,
537 2008 645 2076 Quinti,
658 2007 789 2064 Feliciaui
799 2014 826 2062 et
837 2008 915 2064 Lucii

109 2080 302 2154 martyrum.»
317 2078 360 2132 Ex
368 2077 414 2133 die
424 2080 597 2151 praecedenti.
618 2104 626 2126 «
642 2079 744 2134 Eodem
759 2078 814 2141 die.
826 2079 915 2135 sancti

108 2144 219 2228 Lucam
229 2149 369 2230 martyris.
382 2150 500 2207 Civitate
511 2151 781 2223 Thingitana,sancti
792 2151 914 2207 Marcelli

107 2223 295 2288 centurionis,
310 2221 520 2292 quidecollatus
534 2229 575 2277 est
590 2239 639 2294 pro
659 2223 779 2279 Christe.
796 2244 805 2267 ι

145 2288 346 2348 uicinorum:
371 2293 476 2376 «Apud
501 2293 635 2361 Africam,
651 2295 741 2349 natale
755 2301 913 2350 sanctorum

107 2364 426 2446 martyrumllogatiaui
450 2365 603 2437 presbyteri
618 2372 644 2421 et
661 2364 836 2421 Felicissimae
852 2363 914 2448 [pro

107 2430 293 2512 felicissimi]
309 2434 417 2507 quisuh
432 2436 623 2507 persecutione
637 2437 713 2494 Decii
731 2445 758 2492 et
772 2436 913 2493 Valeriani

107 2513 324 2587 imperatorum,
345 2507 447 2588 illustri
476 2516 542 2564 sunt
559 2508 694 2580 martyrio
716 2507 850 2564 coronati.
875 2508 914 2564 Be

105 2574 215 2647 quibus
229 2584 312 2632 etiam
325 2578 422 2634 scribit
434 2579 530 2636 beatus
545 2578 701 2652 Cyprianus
711 2579 739 2633 in
750 2579 865 2650 epistola
879 2578 913 2635 ad

104 2645 293 2704 consessores.
305 2671 319 2698 n
331 2650 418 2707 Multa
427 2668 498 2724 sape
513 2651 606 2707 turbat
618 2651 664 2706 hic
678 2651 766 2706 codex
777 2650 805 2705 in
816 2650 913 2706 ordine

104 2717 322 2788 Kalendarum3
344 2731 462 2791 sanctos,
477 2729 509 2778 ut
530 2723 598 2778 alibi
616 2724 699 2778 etiam
712 2722 848 2788 diximus,
883 2737 914 2777 ro

103 2805 189 2870 mero
203 2806 256 2847 suo
272 2791 354 2848 libitu
367 2794 453 2850 variis
467 2794 565 2851 diebus
579 2796 756 2865 consignans,
767 2809 836 2875 quos
845 2738 914 2848 aiibi

101 2876 147 2915 sic
163 2869 278 2918 notatos
291 2880 425 2937 nusquam
436 2866 546 2938 reperit.
562 2867 601 2922 Be
615 2865 659 2921 his
669 2865 840 2920 marturibus
850 2864 913 2919 vide

99 2948 193 3005 supra
210 2949 281 3016 xxvi
297 2934 433 2993 Octobris.
451 2938 597 3010 Sequitur:
621 2938 710 2992 «Item
732 2925 914 3008 Theodegarii

98 3002 288 3061 censeamus.
307 3032 317 3054 ι
338 3007 468 3065 Crederes
491 3026 548 3065 esse
571 3009 722 3075 Theodecti,
744 3008 778 3064 de
811 3024 847 3063 uo
868 3007 914 3064 die

976 433 1012 490 cti
1034 433 1176 517 Saturnini
1197 432 1336 504 martyris.
1360 429 1464 486 Eodem
1480 428 1536 498 die,
1558 431 1645 489 sancti
1661 429 1771 489 Geuesii

976 514 1166 634 mqpppppqppn:
1185 577 1271 648 «Ipso
1285 573 1340 641 die,
1357 573 1495 631 ordinatio
1519 572 1686 630 sanctissimi
1701 572 1771 628 anti·

975 651 1048 706 stitis
1061 657 1142 722 atque
1159 646 1267 722 patroni
1286 645 1371 700 nestri
1387 645 1528 701 Swithini.
1546 671 1554 692 ι
1577 644 1648 700 Vide
1661 661 1681 699 ii
1692 643 1769 700 Julii.

975 722 1045 778 Hinc
1059 730 1139 788 reete,
1154 720 1184 775 ni
1197 718 1287 784 fallor,
1303 717 1444 788 colligitur
1455 717 1578 773 codicem
1590 716 1665 772 hunc
1675 716 1772 771 Usuer-

974 794 1071 877 dinum
1095 793 1123 848 iu
1148 789 1247 863 Anglia
1267 795 1389 856 auctum,
1414 788 1501 845 leima
1523 787 1644 844 ecclmiae
1663 785 1772 844 Winte-

973 882 1196 994 melpisviiiimriua
1221 932 1365 1000 «Tolosa,
1395 932 1486 988 natale
1507 930 1596 987 sancti
1617 926 1771 998 Saturnini,

973 1010 1027 1065 viri
1043 1008 1145 1064 virtute
1160 1004 1317 1064 clarissimi.
1336 1029 1345 1051 ›

1008 1082 1179 1140 Cauniicsiv.
1199 1095 1204 1132 :
1228 1103 1236 1124 «
1251 1076 1405 1132 Translatio
1420 1073 1509 1133 saneti
1523 1072 1646 1132 Gervasii
1660 1077 1771 1145 marty·
1870 1117 1877 1130 .

972 1153 1020 1209 ris.
1037 1177 1045 1199 ι
1065 1151 1163 1209 Melius
1197 1164 1260 1204 uam
1280 1147 1371 1204 caeteri
1385 1163 1477 1219 supra.

1007 1227 1131 1282 Bsusus.
1154 1165 1201 1277 Si.
1220 1220 1292 1301 Tim.
1314 1226 1353 1300 et·
1364 1219 1455 1291 Apoll.
1471 1237 1481 1299 Ι;
1504 1217 1627 1272 «Tolosa
1644 1215 1770 1282 civitate,

973 1296 1116 1352 translatio
1130 1309 1253 1363 corporis
1267 1299 1354 1346 sancti
1367 1289 1509 1347 Saturnini
1519 1288 1602 1360 episc.
1618 1294 1645 1342 et
1661 1292 1763 1342 mart·

1006 1369 1106 1423 Enirio
1128 1362 1315 1421 busiaco-Cei.
1333 1361 1448 1442 incipit:
1474 1360 1598 1417 «Octava
1616 1356 1772 1429 depositio-

971 1438 1015 1493 nis
1027 1436 1193 1494 sanctissimi
1209 1434 1294 1506 patris
1304 1432 1429 1489 Severini
1446 1430 1644 1504 archiepiscopi
1657 1437 1684 1484 et
1698 1442 1770 1483 con-

970 1510 1121 1566 fessoris.»
1153 1505 1282 1581 Sequitur
1317 1512 1411 1560 textus
1447 1503 1513 1559 satis
1549 1518 1645 1574 purus.
1678 1499 1769 1555 Tum:

978 1580 1109 1637 «Eodem
1134 1579 1189 1646 die,
1209 1575 1295 1633 sancti
1316 1574 1446 1632 Germani
1461 1573 1582 1646 Capuani
1602 1569 1724 1651 episcopi
1742 1574 1770 1625 et

969 1652 1135 1709 confessoris
1146 1670 1153 1717 ;
1163 1649 1248 1720 hujus
1263 1647 1381 1702 animam
1394 1654 1504 1702 sanctus
1515 1646 1594 1700 Pater
1604 1642 1770 1698 Benedictus

932 1725 954 1784 B
969 1724 1042 1780 vidit
1056 1725 1085 1779 in
1100 1723 1200 1780 coelum
1215 1720 1326 1775 deterri.
1344 1719 1394 1774 Hic
1409 1718 1514 1773 scilicet
1528 1714 1716 1781 Paschasiuni,
1726 1728 1767 1768 ar·

970 1797 1164 1853 chidiaconum
1187 1794 1315 1849 ltemaiiae
1330 1789 1471 1856 Ecclesiae,
1492 1787 1583 1843 hostia
1596 1785 1710 1842 salutari
1732 1782 1767 1839 de

970 1867 1128 1940 purgatorio
1143 1862 1280 1921 liberavit.
1292 1863 1360 1916 lteiu
1375 1861 1435 1932 ipsc
1448 1859 1504 1926 die,
1516 1858 1605 1915 sancti
1620 1854 1768 1912 Theonesti

970 1939 1090 2023 episcopi
1114 1944 1141 1993 et
1162 1933 1300 2005 martyris.
1324 1932 1405 1988 Troia
1427 1931 1550 1994 civitate,
1568 1945 1629 2002 quae
1651 1923 1768 1982 Xauetis

969 2013 1083 2079 dicitur,
1099 2006 1243 2066 translatio
1262 2004 1348 2060 sancti
1364 2002 1485 2060 Victoris
1505 1999 1644 2073 martyris.
1661 2023 1670 2045 «
1688 1998 1713 2052 ls
1727 2003 1769 2052 est

969 2083 1043 2139 haud
1053 2081 1137 2138 dubie
1147 2080 1254 2145 Victor,
1267 2075 1301 2131 de
1310 2074 1389 2147 cujus
1402 2074 1487 2130 natali
1498 2088 1561 2129 cum
1576 2069 1659 2127 sociis
1672 2067 1767 2124 decem

969 2165 996 2212 et
1008 2162 1111 2225 septem
1126 2167 1209 2222 supra
1222 2148 1328 2221 egimus
1343 2163 1361 2202 x
1379 2144 1517 2203 Octobris.

1004 2226 1101 2281 Baiis.
1122 2223 1149 2278 in
1166 2221 1238 2276 siue:
1264 2219 1403 2284 «Tolosae,
1426 2215 1514 2272 saneti
1529 2211 1683 2271 Saturnini.
1708 2210 1770 2265 Eo-

969 2298 1031 2354 dem
1047 2296 1091 2352 die
1107 2292 1237 2351 Germani
1252 2289 1373 2362 episcopi
1386 2286 1519 2361 Capuani,
1534 2301 1639 2357 magna
1660 2280 1768 2339 sancti-

968 2368 1033 2426 tatis
1048 2367 1137 2423 viri.»

1004 2439 1131 2496 Gunviiu.
1145 2454 1150 2491 :
1176 2459 1184 2481 «
1199 2433 1395 2500 Nichcmediae,
1406 2437 1563 2487 sanctorum
1576 2423 1767 2492 Kalendionis,

968 2509 1114 2576 Marcialis,
1140 2505 1299 2588 Theophili,
1327 2503 1460 2571 ianuarii,
1486 2499 1561 2557 Petri
1580 2506 1607 2554 et
1634 2494 1759 2552 Marci·

969 2581 1039 2638 Vide
1063 2581 1288 2649 Hieroiiymiana.
1311 2579 1403 2633 «item
1422 2571 1553 2630 Feliciani
1578 2577 1605 2625 et
1628 2568 1766 2624 sociorum

969 2652 1027 2723 ejus
1045 2660 1209 2722 martyrum.
1224 2648 1336 2705 Eusebii
1351 2645 1491 2718 martyris.
1506 2640 1634 2715 lpsodie,
1647 2653 1766 2696 comme-

969 2725 1086 2780 moratio
1115 2721 1204 2778 sancti
1228 2718 1375 2776 Theonesti
1398 2714 1518 2840 episcopi
1541 2720 1569 2768 et
1592 2708 1722 2781 martyris
1732 2723 1767 2790 ac

968 2796 1106 2852 sociorum
1123 2792 1193 2866 ejus.
1208 2793 1317 2847 Jeronis
1339 2787 1479 2860 martyris.
1518 2782 1611 2841 uolani
1624 2787 1766 2861 martyris.

968 2867 1123 2922 Translatio
1144 2864 1215 2920 beati
1241 2860 1384 2919 Saturnini
1411 2856 1533 2931 episcopi
1560 2853 1710 2909 Tholosani
1733 2857 1767 2933 'et

970 2938 1109 3010 martyris.
1126 2935 1255 2991 Germani
1276 2931 1397 3005 Capuaui
1412 2926 1533 3002 episcopi
1546 2934 1573 2983 et
1590 2923 1765 2990 confessoris,

968 3009 1046 3081 cujus
1067 3008 1188 3064 animam
1214 3014 1326 3063 sanctus
1348 3003 1428 3059 Pater
1440 2998 1606 3057 Benedictus
1621 2997 1649 3052 in
1665 2993 1766 3051 coelum

97 3073 239 3201 Ῑίἷθῐῑῐῠθ
254 3079 418 3148 Tfaeoedessll
432 3081 497 3146 ;sed
513 3090 605 3152 postea
617 3081 709 3153 ponit:
727 3082 779 3136 «ln
822 3080 914 3148 ienna,
930 3080 952 3140 G
966 3081 1067 3137 delerri
1083 3079 1237 3152 conspexit.
1253 3077 1305 3132 llic
1318 3073 1506 3139 Pasctiasium,
1526 3071 1654 3126 llomanae
1674 3065 1766 3121 Eccle·

125 3146 249 3203 heodori
262 3149 370 3207 abbatis
380 3152 412 3207 T·
428 3152 494 3208 Tres
503 3161 596 3209 textus
610 3151 835 3208 annuntiationes
844 3150 912 3207 satis

120 3233 193 3300 uras
212 3218 308 3276 relert.
330 3223 420 3277 Tum:
443 3224 549 3296 «Apud
573 3223 748 3295 Ratispeuam
769 3223 909 3279 civitatem

143 3306 231 3371 uriae,
254 3289 288 3346 de
307 3293 389 3349 ositio
408 3296 495 3351 sancti
511 3295 642 3367 Wlffangi
658 3295 777 3367 episcopi
803 3304 830 3350 ct
847 3309 911 3350 coii-

95 3360 264 3443 ieesorisB
302 3364 911 3438 eiiidie,sanetiGermaniCapuauiepiscopi,

94 3448 159 3488 viri
181 3448 235 3514 per
257 3435 349 3490 omnia
372 3437 537 3505 laudabilis;
565 3437 644 3510 cujus
666 3437 786 3492 animam
801 3446 912 3494 sauctus

92 3503 278 3587 Benedictus
288 3505 386 3588 abbas,
401 3509 480 3564 Pater
494 3510 636 3578 nigrorum
652 3507 860 3576 monachorum,
877 3508 911 3565 ab

93 3576 226 3657 angelis·
236 3577 308 3633 vidit
322 3579 351 3633 in
366 3581 467 3636 coeluui
483 3581 595 3647 deterri,
611 3590 641 3635 ut
654 3579 724 3637 dicit
738 3579 834 3635 beatus
846 3579 911 3636 Gre-

94 3663 204 3721 gorius
217 3663 248 3702 in
263 3649 383 3706 soeuudo
396 3653 571 3724 llialogorum
588 3652 688 3708 libro.»
704 3651 783 3707 adde
792 3666 851 3723 cap.
863 3651 909 3707 35.

138 3719 308 3801 Aouieuicr.
325 3731 387 3792 post
399 3730 507 3779 textum
522 3722 634 3780 subdit:
654 3750 662 3770 «
678 3725 740 3795 lpse
750 3722 805 3790 die,
821 3722 910 3778 sancti

96 3789 242 3870 Germani
255 3791 293 3873 Ca
312 3794 378 3873 uani
392 3795 523 3866 episcopi,
539 3795 619 3867 cujus
633 3795 754 3851 animam
771 3795 850 3851 l’ater
861 3795 910 3850 Be-

99 3859 242 3942 nedictus
261 3809 333 3919 vuiit
354 3865 383 3946 in
404 3867 504 3922 coelum
522 3865 598 3922 ferri.
624 3866 728 3924 Eodem
744 3865 800 3932 die,
822 3866 910 3922 saneti

95 3931 239 3987 Gervasii
255 3945 396 4007 martyris.
417 3962 427 3985 ι
448 3938 504 3992 Alii
521 3940 720 3995 tumulationem
737 3937 857 4008 signant.
874 3938 911 3994 Bt

88 4009 195 4131 Ἧι),
209 4019 272 4060 cum
287 4021 369 4064 verus
383 4008 483 4064 natalis
497 4009 556 4064 dies
565 4009 602 4064 sit
616 4028 666 4065 xix
681 4007 768 4064 lunii.

169 4089 294 4132 aaronis.
309 4087 336 4133 et
348 4080 416 4136 Rsc.
431 4079 512 4136 Sere.
524 4081 545 4136 si
567 4097 608 4148 u,
624 4097 701 4137 num.
718 4078 779 4146 130,
795 4077 824 4132 in
836 4078 909 4136 fine:

97 4171 115 4196 ι
129 4145 250 4228 Tolosa,
265 4151 352 4205 sancti
370 4150 521 4233 Saturnini.
539 4098 648 4224 (iapuae,
667 4149 754 4207 sancti
780 4148 911 4207 Germani

82 4231 242 4291 episcopi.
257 4219 293 4275 Et
307 4219 421 4277 blaxinii
434 4223 574 4295 martyris.
591 4248 599 4269 ·

114 4288 348 4370 ‘Davuaouuua
372 4293 500 4361 «Tolosa,
525 4295 613 4351 sancti
638 4293 780 4351 Saturnini
801 4302 912 4366 marty-

80 4373 156 4417 ris.
175 4382 186 4406 ι
208 4359 376 4435 Videsupra
390 4367 544 4434 huruuua,
560 4374 613 4423 etc.

967 3153 1013 3208 sie
1037 3151 1273 3219 archidiaconum,
1301 3145 1414 3203 salutari
1438 3142 1529 3199 hostia
1552 3141 1586 3196 de
1626 3134 1766 3209 urgatorio

967 3223 1105 3279 liberavit.
1122 3219 1274 3277 Talaricani
1294 3216 1426 3289 episcopi.
1450 3216 1481 3271 ln
1496 3211 1591 3293 Dacia,
1606 3156 1767 3291 ibeoigaris

966 3293 1141 3351 coulesseris.
1158 3291 1239 3364 ilpud
1252 3289 1426 3345 'Terracinam
1442 3286 1597 3357 Campaniae
1611 3286 1764 3358 civitatem,

965 3365 1054 3423 sancti
1077 3363 1187 3420 Leoncii
1202 3360 1355 3418 consularis
1379 3366 1406 3414 et
1420 3355 1595 3414 confessoris.
1611 3354 1651 3409 Be
1665 3365 1719 3423 qno
1735 3363 1764 3402 iii

966 3438 1048 3510 gestis
1061 3435 1134 3491 beati
1149 3433 1259 3491 cesarii
1276 3428 1467 3503 legitur,quod
1479 3428 1506 3482 in
1521 3425 1580 3497 ejus
1592 3421 1765 3481 confessione

967 3509 1080 3565 credens
1093 3513 1219 3563 sanctum
1231 3512 1380 3574 martyrem
1392 3499 1498 3556 nudum
1508 3496 1626 3554 clamide
1639 3509 1689 3574 sua
1702 3506 1764 3564 ope·

967 3580 1033 3637 ruit.
1047 3578 1204 3650 Baptizatus
1214 3574 1323 3641 deiude,
1332 3590 1393 3629 cum
1406 3571 1529 3628 divinam
1540 3578 1764 3646 communionem

966 3649 1125 3721 accepisset,
1151 3646 1244 3704 emisit
1264 3645 1403 3719 spiritum.
1430 3645 1507 3712 Item,
1523 3641 1610 3696 beatas
1625 3650 1765 3694 inemorlae

966 3721 1110 3779 Dorotlieae
1123 3719 1156 3775 de
1171 3718 1277 3786 Prusia,
1293 3717 1415 3773 inclusae.
1432 3741 1441 3763 «
1494 3779 1497 3787 Ι

1002 3794 1111 3849 hlocas.
1140 3799 1201 3862 pest
1228 3788 1381 3854 clarissimi,
1396 3787 1474 3843 addit
1491 3783 1646 3841 minoribus
1668 3779 1762 3853 typis:

974 3892 981 3913 «
1002 3863 1087 3935 Cujus
1111 3861 1247 3919 Eusebius
1269 3860 1397 3916 meminit
1418 3859 1546 3914 ilistoriae
1561 3851 1764 3932 Ecclesiasticus

967 3937 1016 3993 lih.
1029 3955 1056 4004 v,
1068 3952 1127 4008 cap.
1142 3935 1185 4002 le,
1197 3934 1242 4002 22,
1257 3941 1284 3988 et
1300 3933 1349 3988 lih.
1365 3949 1405 4000 vi,
1421 3947 1479 4002 cap.
1498 3930 1522 3985 l.
1542 3928 1631 3982 «Tum
1642 3924 1762 3982 italicis:

974 4009 1082 4079 «hpud
1111 4007 1242 4071 Calariin,
1276 4004 1409 4060 Sardiniae
1442 3999 1592 4076 provinciae
1618 3995 1763 4070 oppidum,

967 4081 1056 4136 natale
1066 4078 1139 4135 beati
1150 4075 1290 4134 Saturnini
1302 4073 1443 4148 martyris,
1454 4074 1500 4147 qui
1512 4070 1562 4128 suh
1573 4067 1765 4146 persecutione

966 4150 1131 4207 Diocletiani
1148 4148 1239 4222 gladie
1253 4155 1295 4203 est
1309 4154 1462 4202 truncatus.
1478 4143 1582 4200 Eodem
1597 4142 1654 4209 die,
1676 4143 1763 4194 sancti

967 4222 1095 4277 Germani
1110 4220 1231 4301 episcopi
1257 4216 1390 4289 Capuam,
1411 4230 1516 4286 magnae
1530 4210 1684 4269 sanctitatis
1698 4206 1762 4263 viri.

966 4291 1071 4347 Eodem
1084 4290 1282 4359 die‚lestivitas
1297 4287 1383 4344 sancti
1396 4285 1498 4341 Lucani
1515 4283 1653 4353 martyris.
1666 4282 1764 4336 Trans·

967 4363 1034 4418 latio
1049 4362 1137 4420 sancti
1150 4361 1279 4427 Victoris,
1296 4357 1404 4430 patroni
1425 4353 1530 4419 nostri;
1547 4377 1556 4398 ·
1579 4367 1676 4408 rursus
1689 4350 1764 4422 typis

133 4430 599 4494 Marsic.·Cinrus.·Uiruiiscr.:
619 4435 767 4492 «Germani
790 4433 911 4507 Capuani
926 4439 950 4497 D
968 4433 1131 4500 minorihus,
1159 4458 1166 4479 «
1184 4435 1210 4487 in
1225 4432 1338 4488 civitate
1352 4446 1412 4502 quae
1428 4425 1544 4482 Xanctis
1558 4422 1671 4479 dicitur.
1681 4419 1764 4492 Apud

76 4512 242 4584 episcopi.
253 4504 324 4586 'Sera
343 4506 416 4563 iouis
431 4509 550 4581 episcopi
567 4516 594 4565 et
611 4508 785 4564 contessoris.
801 4506 910 4562 lerenis

78 4582 176 4655 quart
201 4588 280 4631 risui
340 4578 471 4635 merida.»
488 4579 555 4636 Vide
565 4596 625 4636 xvii
637 4577 753 4650 Augusti
768 4577 797 4632 iii
809 4582 907 4633 hucta-

74 4652 172 4782 ἑιιιι
207 4661 273 4702 um:
293 4647 480 4707 «Sanctorum
495 4659 648 4723 martyrum
671 4651 854 4708 ducentorum
870 4647 910 4703 vi-

109 4733 145 4773 iii
164 4733 214 4772 i.«

132 4788 290 4869 Bicoriau.
319 4790 391 4864 sign.
407 4793 475 4850 Pe:
499 4793 637 4862 «Tolosa,
657 4793 745 4850 sancti
766 4791 909 4850 Saturnini

75 4864 272 4932 martyris.»
294 4864 335 4918 Be
349 4880 403 4935 quo
416 4863 473 4937 jam
488 4864 598 4937 saepius.

104 4930 332 5013 ‘Ceuuiacsum
352 4936 477 4993 «Eodem
487 4937 543 5005 die,
562 4937 650 4994 sancti
663 4937 787 4994 Gervasii
807 4943 909 5008 marty·

74 5003 146 5058 l'ls.
162 5024 174 5049 υ
206 5001 279 5060 Vide
293 5006 416 5063 codicem
432 5011 593 5070 heuiciucr.

129 5072 210 5155 Bxp.
228 5073 311 5158 Sese.
324 5078 376 5134 sub
391 5095 467 5135 uum.
477 5079 543 5137 428:
563 5080 687 5136 «Eodem
703 5079 758 5146 die,
772 5078 909 5135 festivitas

79 5143 908 5227 ⁸auctihucanimartyrisCivitateCapua,sanctiGermaui

79 5218 196 5298 01)qu
217 5225 271 5272 iet
294 5220 470 5290 confessoris,
489 5248 498 5272 ι
519 5230 572 5279 etc.
589 5223 624 5279 Ut
636 5221 692 5294 jam
713 5237 783 5294 supe
797 5236 832 5275 eii
845 5219 910 5278 aliis

82 5286 182 5344 codic
217 5303 251 5344 us
264 5291 423 5349 retulimus.

965 4505 1139 4560 Terracinam
1155 4502 1320 4574 Campani-e,
1336 4526 1344 4547 ι
1362 4508 1415 4556 etc.
1433 4507 1463 4554 ut
1478 4497 1604 4552 Gairvsu.
1618 4491 1763 4548 Editioues

963 4576 1043 4632 aliae:
1064 4601 1073 4622 «
1089 4574 1210 4640 Parisiis,
1226 4572 1362 4630 festivitas
1376 4570 1463 4626 sancti
1476 4566 1579 4624 Lucani
1594 4562 1756 4645 martyris.)

963 4650 1003 4704 De
1017 4646 1166 4703 Saturnino
1178 4645 1334 4702 Calaritano
1348 4652 1374 4700 et
1388 4643 1526 4698 Germano
1535 4638 1665 4711 Capuano
1680 4635 1764 4692 simr-

964 4719 1003 4774 les
1014 4725 1079 4775 sunt
1089 4716 1185 4790 priori.
1197 4717 1281 4772 Tum:
1297 4714 1397 4786 «Apud
1413 4714 1551 4780 Altinum,
1563 4708 1664 4766 natalis
1676 4707 1763 4764 Theo·

964 4791 1033 4847 nesti
1049 4788 1179 4860 martyris
1197 4796 1225 4844 et
1240 4785 1388 4859 pontificis,
1405 4785 1453 4858 qui
1473 4783 1633 4856 ldoguntiai,
1648 4779 1713 4837 fidei
1724 4794 1764 4836 re·

963 4871 1014 4918 ctae
1038 4859 1261 4933 praedicationem
1286 4874 1400 4914 exorsus
1429 4864 1480 4925 est,
1513 4863 1541 4911 et
1567 4854 1705 4911 Albanum
1729 4849 1764 4906 ab

963 4932 1074 4988 Arianis
1085 4931 1252 4988 trucidatum
1260 4930 1343 4986 vidit.
1366 4931 1395 4985 ln
1407 4927 1504 4996 Bania,
1513 4927 1601 4983 sancti
1611 4920 1764 4994 Tlieodgari

963 5005 1138 5072 confessoris,
1163 5003 1211 5076 qui
1235 5002 1350 5057 verbum
1375 5002 1439 5056 vitae
1464 4997 1648 5071 praedicando,
1670 4994 1762 5060 horas,

964 5076 1070 5141 missus,
1095 5083 1246 5147 ceteraque
1275 5071 1366 5128 officia
1393 5072 1491 5127 devote
1514 5065 1689 5132 celebrando,
1712 5078 1763 5135 pro

964 5147 1050 5203 Olavo
1065 5163 1126 5218 rege
1142 5154 1262 5213 terreno,
1276 5143 1379 5201 coelesti
1395 5142 1450 5213 regi
1466 5138 1613 5197 serviebat.
1641 5135 1691 5193 Die
1706 5134 1763 5191 tri·

963 5219 1076 5345 ppsima,
1101 5226 1259 5275 sanctorum
1283 5223 1436 5286 martyrum
1450 5210 1565 5267 Zenobii
1581 5216 1608 5265 et
1621 5205 1761 5264 zenobia.

991 5289 1093 5359 anthis,
1110 5287 1253 5346 translatio
1272 5287 1300 5343 S.
1316 5284 1447 5343 Victoris.
1464 5307 1472 5330 ι

102 5538 198 5605 Pridie
215 5548 282 5607 ilat.

1652 5539 1702 5596 ne
1719 5538 1764 5611 si,

136 5636 248 5710 Vigilia
261 5635 388 5693 omnium
403 5636 577 5695 Sanctorum.
595 5639 697 5705 Romae,
722 5637 823 5694 natalis
837 5635 910 5695 beati
924 5638 1044 5695 Nemesii
1058 5638 1180 5710 diaconi,
1190 5648 1217 5696 et
1232 5637 1346 5695 Lucilla
1361 5635 1426 5691 fllia
1442 5631 1514 5705 ejus,
1530 5631 1577 5705 qui
1598 5648 1662 5690 eum
1675 5646 1690 5686 a
1704 5631 1758 5688 lide

110 5716 209 5783 Christi
240 5724 315 5783 flecti
339 5741 511 5800 nequaquam
532 5734 653 5798 possent,
674 5726 791 5799 jubente
813 5725 961 5783 Valeriane
987 5735 1014 5783 et
1033 5726 1157 5797 Galieuo,
1172 5726 1301 5785 decollati
1317 5733 1381 5782 sunt
1395 5723 1447 5780 sub
1461 5730 1561 5780 octavo
1577 5719 1762 5779 Kalendarum

111 5805 310 5889 &ptemBrium
334 5816 390 5874 die.
416 5818 468 5876 llic
488 5824 581 5874 tamen
613 5816 802 5874 venerabilior
828 5815 945 5876 habetur
969 5816 1130 5874 solemnitas
1148 5815 1282 5891 ipsorum,
1301 5813 1413 5889 quando
1426 5831 1442 5871 a
1455 5811 1535 5872 heato
1553 5811 1632 5869 Sixto
1651 5818 1766 5881 corpore
