3834 6136
123 191 175 251 tut
791 171 943 232 usurum
961 167 1121 228 mouscin
1727 155 1784 214 ise

124 328 196 372 ream
216 305 404 381 Cappadocia,
421 302 521 359 natalis
543 306 702 358 sauctorum
721 297 834 365 Donati,
848 297 921 353 For·
935 299 960 359 Α
973 292 1070 352 statuit
1087 291 1116 347 iu
1131 297 1256 363 tempore
1270 286 1411 346 Dominici
1427 284 1551 357 corporis
1568 281 1784 347 contractionis,

123 381 225 449 tunati,
236 375 389 436 Ammonii.
406 375 509 442 lloinae,
520 371 656 444 depositio
667 371 738 427 beati
748 368 834 440 Sergii
847 385 921 442 pape
975 368 1068 439 Aquita
1078 361 1266 420 Beiaeleroet
1279 377 1294 416 a
1307 360 1411 441 populo
1425 355 1582 438 decantari:
1598 363 1625 410 et
1634 352 1786 435 constituit

123 446 395 515 etconiessorisQui
405 445 484 502 Sirus
497 445 607 500 natione
617 441 698 498 annis
708 458 760 498 xiii
769 439 921 498 Ecclesiam
975 436 1117 495 utdiehus
1139 432 1373 491 denunciationis
1395 431 1519 488 llomini,
1547 429 1733 483 dormitionis
1755 429 1785 481 et

124 524 174 584 liei
190 521 366 580 laudabiliter
381 516 462 574 rexit.
478 517 510 572 ln
525 515 606 571 Missa
622 520 682 583 post
698 512 858 571 fractionem
872 512 924 568 Do·
976 505 1131 566 nativitatis
1147 513 1248 562 sanctie
1263 502 1311 561 Ilei
1328 499 1470 572 genitricis
1486 497 1579 554 liariae
1593 506 1621 553 ιι
1634 494 1725 553 sancti
1741 495 1783 553 Si·

124 594 220 653 minici
232 591 366 659 corrosis,
382 589 474 660 Aquas
489 586 533 641 liei
543 594 584 642 ter
598 584 655 641 diei
667 584 765 641 aelero
778 591 806 640 et
822 582 923 654 populo
976 581 1093 648 meanis,
1104 579 1176 649 quod
1193 575 1309 649 hypanti
1321 573 1414 629 ιιι-ιιι
1426 570 1539 637 dicitur,
1556 567 1666 625 letaniae
1680 572 1785 622 exeant

125 667 248 725 instituit
263 682 279 736 p
291 675 413 733 eritisque
423 657 552 733 operibus
562 655 766 729 bonisquieiit.
784 653 924 710 berlendis
976 649 1240 717 esaiictoddriaiio,
1254 656 1281 703 et
1293 645 1328 702 ad
1342 652 1464 701 sanctam
1475 642 1588 699 hieriam
1601 638 1721 712 populus
1731 654 1785 695 oc-

125 736 242 808 virpiuis
256 742 284 791 et
296 733 433 790 sociarum
461 730 520 802 eius
544 725 712 860 ssraiislatio]
733 725 846 783 civitate
867 724 924 782 Ba·
977 732 1106 782 currat.·
1127 720 1296 777 Posteriores
1310 715 1447 773 editiones
1464 731 1470 769 z
1489 712 1563 769 «Die
1584 726 1668 778 nona,
1693 709 1785 766 sancti

124 808 271 880 heuhsrga‚
285 802 430 861 translatio
445 802 531 860 heatae
568 800 723 872 uneguudis
742 796 859 870 virginis
873 797 923 853 iiu-
979 793 1110 867 martyris
1124 790 1275 850 Severiaui.
1297 790 1326 846 lu
1344 783 1669 858 Bethuei,quamvillam
1687 795 1784 838 receu-

125 879 278 955 peratrieis.
295 901 304 924 ·
978 865 1063 923 tiores
1078 863 1201 923 Stadlort
1215 859 1370 927 nominant,
1386 855 1475 915 sancti
1493 852 1638 912 Bertellini
1658 850 1785 909 eremitar

160 951 270 1008 Motis.
286 947 320 1005 de
334 944 493 1003 Audomero
517 942 636 1000 inserit:
660 940 737 1009 «Qui
761 939 831 997 ohiit
851 954 925 995 auno
979 947 1006 994 et
1020 936 1194 995 contessoris.
1210 935 1276 991 Alto
1288 931 1390 996 ldonte,
1406 926 1531 984 inventio
1546 924 1635 983 sancti
1656 922 1785 980 Marcelli

127 1021 211 1080 Verbi
228 1019 362 1077 incarnati
378 1033 440 1073 cxci
451 1034 481 1082 ς»
497 1015 558 1071 aliae
566 1012 701 1070 editiones
715 1028 815 1068 uexev.
829 1012 858 1068 lu
872 1011 925 1066 line
998 1025 1055 1081 apae
1068 1019 1096 1067 ιι
1118 1018 1188 1064 ιιιιιι
1210 1005 1257 1061 ιιι.
1282 1003 1440 1068 Meilieecae,
1460 996 1604 1054 translatio
1627 992 1784 1060 berlendis,

126 1109 162 1151 ex
175 1091 320 1151 h'otliero:
344 1087 453 1168 «Sergii
482 1102 567 1157 papae,
585 1085 717 1158 quisedit
734 1084 926 1159 Romaeuuiios
979 1025 1064 1138 Keleai
1088 1088 1169 1154 atque
1191 1023 1279 1134 bone
1308 1067 1685 1153 virgiiium.···lle·5erqio
1714 1080 1784 1148 papa

126 1181 189 1221 xiii.
206 1164 257 1221 llic
271 1161 379 1218 invenit
394 1175 469 1215 ciriae
484 1155 683 1230 magnitudinis
693 1156 846 1227 portionem
858 1153 925 1222 tipni
980 1151 1037 1208 iere
1051 1151 1146 1209 eadem
1160 1153 1288 1221 repetunt
1303 1161 1363 1219 quoe
1378 1159 1413 1200 ex
1428 1158 1514 1215 priori
1533 1139 1657 1197 editione
1680 1137 1786 1194 retuli-

127 1226 671 1294 salutariellominieaecrueisiusacrario
686 1226 757 1284 beati
782 1218 927 1282 Postridie
981 1239 1053 1280 mus.

851 1357 1045 1375 ——n—r—

127 1434 267 1590 Νιιῖιίιιιιιι,
284 1519 356 1578 beati
373 1519 472 1576 Hilarii
485 1534 570 1591 pape.
594 1515 675 1589 Apud
689 1515 823 1585 Africam,
839 1516 938 1574 natalis
961 1522 1121 1572 sanctorum
1146 1512 1345 1586 episcoporum
1361 1502 1528 1573 Nemesiani,
1549 1500 1660 1569 Felicis,
1671 1408 1785 1556 ιΙἘιιιιοῑ

128 1615 194 1671 item
207 1608 318 1677 Felicis,
333 1608 426 1677 Littei,
445 1606 562 1674 Poliaui,
579 1604 709 1674 Victoris,
725 1604 831 1661 luderis
845 1614 872 1661 et
884 1603 987 1675 dativi,
1001 1604 1049 1678 qui
1063 1603 1115 1660 suh
1132 1602 1225 1660 Decio
1239 1610 1266 1658 et
1285 1599 1442 1665 Valeriano,
1456 1601 1605 1666 exurgente
1618 1585 1785 1664 persecutio·

127 1703 171 1761 uis
186 1699 270 1768 rabie,
284 1697 319 1754 ad
332 1697 448 1771 primani
464 1693 647 1753 confessionis
661 1692 764 1751 Christi
780 1692 973 1752 constantiam.
991 1696 1113 1769 graviter
1128 1692 1252 1750 fustibus
1271 1690 1347 1759 eresi,
1361 1686 1461 1746 deiude
1483 1681 1663 1758 compedibus
1685 1677 1795 1747 vincti,¹

128 1801 155 1850 et
172 1794 206 1850 ad
225 1789 355 1848 fodienda
377 1787 488 1843 metalla
506 1784 641 1857 deputati,
665 1781 790 1856 gloriose
809 1784 990 1842 contessionis
1014 1800 1130 1857 agonem
1155 1786 1436 1841 consummaverunt.
1460 1777 1545 1833 Extat
1571 1770 1686 1847 epistola
1710 1767 1785 1826 beati

128 1881 261 1956 Cypriani
271 1878 305 1935 ad
321 1877 394 1950 ipsos
406 1885 433 1933 et
447 1875 481 1932 de
498 1874 566 1946 ipsis
583 1871 694 1946 scripta.
711 1872 815 1929 Eodem
831 1872 877 1930 die
891 1873 920 1930 in
936 1871 1111 1940 tlalcedonia,
1132 1879 1290 1929 sanctorum
1312 1865 1455 1926 Sosthenis
1478 1873 1505 1922 et
1526 1859 1658 1929 Victoris,
1681 1858 1731 1932 qui
1750 1855 1786 1913 oli

128 1969 193 2027 sidei
207 1968 420 2032 confessionem,
435 1964 487 2020 sub
500 1963 593 2020 Prisco
608 1961 731 2030 consule,
746 1976 893 2031 carcerem,
910 1961 1024 2019 vincula
1037 1970 1065 2019 et
1079 1962 1181 2021 bestias
1195 1968 1365 2034 superantes,
1380 1956 1494 2015 tandem
1510 1955 1540 2012 iu
1554 1951 1681 2011 oratioue
1694 1945 1784 2005 vocati

128 2058 162 2115 de
175 2059 256 2123 coelo,
271 2054 400 2130 spiritum
416 2051 577 2109 emiserunt.

891 2182 1010 2244 NOTAE.

164 2295 204 2350 lta
217 2293 338 2360 Prolem,
353 2288 620 2361 deluere-Major,
636 2287 768 2360 dutiterp.
784 2296 811 2345 et
824 2289 1022 2361 Haeduico,
1038 2293 1185 2360 Munerat,
1207 2290 1318 2348 Greoeu.
1333 2297 1361 2345 et
1375 2290 1478 2349 Molee.

743 2419 946 2478 vertiturus
964 2419 1171 2483 thermulis.

163 2522 203 2603 De
219 2519 329 2592 Hyiurii
342 2518 434 2576 adhue
448 2516 514 2573 alibi
529 2516 634 2598 dietum
649 2524 699 2572 est.
709 2514 741 2571 ln
751 2515 928 2599 edormandis
944 2520 968 2579 B
984 2527 1075 2575 autern
1088 2517 1190 2600 mirum
1205 2525 1256 2600 est,
1272 2517 1407 2582 llolauus,
1423 2514 1470 2597 qui
1485 2510 1669 2593 diphthongis
1682 2510 1783 2578 utitur,

131 2592 325 2649 Africanorum
339 2585 925 2662 prasutunnoininihns,noannaoiuuiuin
983 2599 1045 2645 ante
1059 2587 1239 2716 eoqqeesmiuc
1256 2588 1348 2658 posuit
1370 2587 1482 2658 plemeus
1504 2582 1712 2648 adverbialiter,
1737 2582 1785 2638 sed

129 2662 328 2743 estratiquro
343 2657 679 2741 Neineeiouima‘leposuit
694 2657 928 2740 deincep-Maior
982 2660 1082 2716 melius
1119 2671 1218 2728 ratem,
1237 2655 1576 2728 Herinienetltosweyd.
1594 2669 1658 2710 euin
1675 2652 1783 2722 Adone,

128 2733 282 2791 dissessum.
298 2732 351 2787 Pro
367 2731 442 2812 baeu
452 2739 493 2784 est
504 2746 553 2810 qui
581 2730 651 2801 legat
675 2729 759 2811 Lecta
772 2730 806 2810 ln
827 2729 927 2798 Liiiei'„
982 2732 1105 2803 piorioeoe
1118 2731 1299 2801 ‹rorifeseiouia
1316 2730 1355 2785 Ile
1371 2727 1486 2800 reliquis
1497 2723 1637 2797 judicium
1654 2723 1715 2781 lieri
1728 2740 1784 2782 nou

129 2803 203 2878 quod
218 2819 269 2860 nos
283 2801 464 2882 prefecimus,
481 2816 601 2883 maxima
616 2808 657 2856 est
680 2809 807 2883 variatio.
825 2800 927 2859 Melan.
982 2810 1081 2875 potest.
1098 2801 1215 2859 Greven.
1227 2800 1361 2858 etldolau.
1386 2817 1435 2873 pro
1449 2798 1518 2854 beuti
1531 2795 1783 2870 Cypriani,habent

129 2890 194 2957 cum
207 2874 305 2956 didone
320 2872 401 2929 habet
425 2872 502 2952 hius,
521 2870 662 2954 Gremn,
678 2871 765 2937 Lucem
791 2871 927 2929 blunerat.
982 2874 1075 2930 saneti.
1092 2875 1226 2947 hntuerp.
1238 2872 1468 2930 elliam-Lumo.
1485 2869 1611 2926 scribunt
1627 2866 1786 2925 Celeidouie

130 2946 230 3026 Licte3
246 2944 371 3016 Antuerp
385 2943 471 3024 islep,
487 2943 572 2998 Lutea
589 2943 641 3029 llic
655 2952 721 2999 item
744 2943 860 3012 Juredie,
878 2959 929 3000 nec
982 2945 1130 3013 Munerat,
1148 2945 1303 3013 Ceteidcao,
1319 2945 1420 3000 omissa
1441 2939 1688 3014 praepositionem.
1705 2937 1786 2996 Solus

130 3015 355 3098 meliusdreven.
374 3013 626 3096 l'aderiuGreveu.
642 3021 679 3069 et.
694 3012 795 3094 blolan.
822 3013 926 3085 legunt,
982 3016 1084 3073 llolan.
1100 3025 1173 3072 recte
1187 3017 1239 3073 seri
1261 3015 1297 3072 sit
1312 3013 1454 3080 coementi,
1475 3027 1526 3068 nos
1540 3011 1664 3084 reliquos
1688 3025 1785 3066 omues

129 3084 583 3170 mmpedibueviuetiedfodtende,
598 3093 663 3152 ete,
684 3100 784 3165 omissa
807 3085 930 3141 con'un-
982 3087 1058 3161 sequi
1083 3087 1112 3142 ιιι
1136 3094 1216 3144 textu
1240 3033 1396 3144 debuimus.
1421 3081 1615 3140 liax.·Lubee.
1643 3079 1784 3154 expunxit

129 3167 220 3241 ctione
236 3165 269 3214 et.
293 3157 324 3239 ln
349 3157 491 3238 ldunerato
520 3155 651 3213 mendose
675 3153 827 3212 scribitur:
844 3101 930 3212 delet
983 3157 1066 3215 verba
1080 3157 1188 3228 ultima,
1206 3159 1330 3230 spiritum
1343 3157 1494 3214 emiserunt.

128 3231 239 3302 epistole
252 3230 320 3285 beuti
335 3229 467 3301 Cyprium
481 3227 517 3283 ud
531 3228 603 3298 ipsos
626 3232 649 3281 et
674 3226 749 3297 ipsis,
770 3234 824 3283 ete.
849 3227 928 3295 Quod

801 3353 1104 3413 OBSERVATIONES.

162 3451 247 3538 0¹¹9d.
257 3451 302 3509 die
315 3450 482 3532 precedenti
497 3450 570 3507 eirca
584 3448 659 3532 beati
678 3450 763 3522 Serpii
779 3468 814 3524 pu
835 3469 857 3508 e
870 3468 925 3509 an·
979 3453 1138 3522 Nouaesium,
1154 3451 1249 3509 Felicis
1262 3459 1287 3509 et
1307 3451 1426 3509 otiorum
1448 3456 1552 3522 septam.
1575 3448 1708 3523 Singulos
1727 3467 1785 3508 no·

128 3531 330 3608 nuntiationem
337 3520 693 3604 observavimushocidem
705 3537 801 3605 rursus
808 3469 925 3581 (stibium
979 3525 1105 3581 minutim
1120 3524 1252 3596 exprimit
1263 3523 1332 3588 Ado,
1351 3539 1446 3579 eorum
1463 3522 1584 3593 elogium
1598 3521 1780 3603 potissimum

129 3605 255 3678 recurrit,
273 3602 364 3650 utrum
387 3608 485 3721 nemqqe
499 3593 533 3650 de
548 3593 655 3674 Hilario
669 3609 718 3673 seu
740 3593 836 3650 Heloro
852 3612 926 3666 papa
979 3595 1126 3652 desumens
1140 3612 1174 3652 eii
1188 3595 1304 3669 epistola
1318 3594 1405 3652 saneti
1418 3593 1550 3667 Cypriani
1567 3592 1668 3650 ibidem
1685 3594 1781 3660 citata,

127 3676 212 3749 egerit
232 3665 435 3748 llartyrologus
475 3679 625 3731 rennensrs,
648 3663 876 3746 discrepantibus,
894 3673 925 3722 ut
979 3667 1053 3722 inter
1065 3668 1153 3723 editas
1168 3667 1211 3721 77.
1228 3666 1293 3733 Quas
1309 3682 1375 3722 vcro
1395 3665 1492 3721 Noster
1504 3664 1532 3719 ιιι
1547 3663 1680 3722 laterculo
1698 3679 1784 3720 eom-

129 3740 179 3805 ihi,
195 3735 349 3793 editoribus
363 3735 510 3791 Mosandro
523 3743 552 3818 et
569 3734 732 3807 ttosweydo.
747 3735 844 3817 &¹¹¹⁰
857 3736 926 3808 qui-
979 3738 1138 3809 peudiosius
1149 3737 1255 3803 recitat,
1276 3753 1310 3793 ex
1323 3735 1435 3809 praelato
1448 3735 1546 3793 Adone
1557 3736 1695 3808 eleganter
1707 3750 1783 3792 eou-

128 3806 190 3888 dem
214 3805 337 3888 seeundo
367 3806 427 3862 loco
451 3813 543 3878 posuit
568 3823 573 3862 :
596 3807 695 3887 Rome,
709 3805 836 3877 depositio
857 3807 925 3864 beuti
979 3817 1064 3865 tracta
1079 3817 1153 3865 sunt.
1170 3807 1294 3864 [liversis
1309 3814 1336 3863 et
1350 3807 1448 3864 diebus
1461 3814 1488 3863 et
1503 3806 1571 3863 loeis
1584 3805 1705 3863 athletos
1716 3806 1783 3862 illos

128 3878 229 3933 Hilarii
241 3893 330 3948 pope,
343 3893 398 3950 quo
413 3876 498 3958 ferme
518 3876 600 3933 inodo
614 3876 661 3934 hie
674 3875 773 3933 Noster
788 3878 921 3952 loquitur,
937 3883 959 3943 G
974 3880 1156 3937 confessionis
1171 3895 1281 3937 cursum
1298 3894 1503 3936 consummasse
1527 3876 1707 3934 notissimum
1730 3885 1782 3944 est,

127 3946 393 4030 Notlieroueontiade
403 3949 511 4027 llstuqm
525 3948 607 4028 plane
625 3956 741 4028 tacente.
752 3947 923 4022 Rosweydus
977 3949 1024 4007 sed
1039 3950 1086 4009 hic
1099 3950 1128 4006 iu
1142 3967 1227 4007 uuam
1238 3960 1354 4007 termam
1370 3951 1502 4007 collectos
1515 3947 1696 4016 crediderim,
1707 3945 1783 4021 quod

127 4026 218 4099 autem
234 4014 540 4099 eitatanliosandrianm
565 4016 700 4099 editionis
714 4018 807 4088 verba,
827 4019 854 4076 in
878 4037 923 4093 ap·
977 4022 1146 4096 aCypriano
1162 4023 1243 4079 sininl
1255 4029 1503 4078 connumerentur.
1525 4022 1666 4092 Responsa
1686 4035 1782 4076 eorum

128 4088 271 4171 peudicein
286 4087 437 4169 rejicienda
443 4087 923 4172 censuit.lnteriminllieronymia·
976 4100 1086 4150 exstant
1099 4110 1161 4166 epp.
1181 4093 1224 4159 77,
1239 4094 1284 4161 79,
1296 4092 1342 4159 80,
1356 4092 1391 4148 de
1405 4092 1506 4166 quihus
1518 4091 1583 4148 vide
1598 4090 1783 4147 disserentem

128 4175 171 4215 nis
186 4159 437 4240 plerisquesiguari
454 4164 557 4214 certum
573 4165 624 4239 est,
639 4175 673 4215 ex
688 4159 788 4233 quibus
811 4178 841 4217 iu
865 4162 924 4219 lia-
977 4164 1186 4220 Tillemontium
1202 4171 1279 4219 tomo
1294 4164 1343 4233 iv,
1359 4180 1448 4237 apag.
1463 4163 1524 4230 ill,
1540 4170 1567 4219 et
1585 4163 1613 4218 iu
1625 4169 1694 4217 nota
1719 4176 1781 4234 paq.

128 4231 229 4311 hunum
245 4239 386 4288 transiisse
397 4237 525 4311 putamus
536 4245 637 4312 qenins
652 4231 711 4289 haec
725 4238 766 4288 est
776 4233 922 4315 annuntia·
977 4235 1039 4291 mv.
1055 4235 1138 4291 Sedes
1152 4233 1321 4316 episcopales
1334 4235 1507 4307 singulorum
1523 4235 1650 4307 proprias
1664 4232 1783 4290 adnotat

128 4311 167 4384 tio
183 4318 189 4357 :
206 4304 306 4385 Romo,
322 4302 449 4373 depositio
462 4301 565 4358 Heloria
575 4319 662 4384 pupae,
675 4319 726 4374 per
739 4319 815 4373 quem
834 4305 924 4362 Victo·
978 4305 1150 4364 Castellanus
1168 4322 1196 4363 iu
1206 4307 1403 4379 ldartyrologio
1418 4305 1569 4362 universali
1585 4304 1638 4362 hoc
1652 4303 1700 4361 die
1716 4320 1723 4360 :
1740 4318 1780 4360 re·

126 4389 185 4428 raus
203 4372 488 4456 ordinemPusehulem
503 4379 667 4456 conseripsit.
693 4373 872 4440 Castellanus,
889 4391 923 4431 ex
979 4378 1053 4451 liqua
1066 4394 1116 4435 nos
1135 4377 1224 4434 fusius
1247 4395 1297 4433 suo
1320 4378 1391 4434 lucc.
1413 4378 1587 4435 Soetbeneaet
1602 4375 1702 4444 Viator,
1722 4375 1784 4432 llic·

126 4443 305 4571 Paqqehrothi
321 4452 526 4571 supputatione,
542 4446 673 4527 Helorum·
683 4443 798 4526 retrahit
821 4445 854 4501 ad
873 4462 923 4503 xxi
978 4449 1159 4522 rouyniianis,
1173 4448 1262 4518 Bedae,
1282 4450 1364 4505 Floro
1377 4459 1404 4506 et
1418 4449 1530 4506 Rabauo
1561 4463 1640 4521 sique
1653 4463 1687 4504 ac
1698 4461 1785 4519 supe-

126 4517 162 4572 Fe
183 4531 280 4582 ruarii,
295 4530 349 4588 quo
385 4531 409 4598 ie
426 4531 456 4571 in
473 4532 563 4587 primo
579 4532 629 4572 suo
646 4514 770 4598 dimestri
788 4518 923 4573 nonnulla
977 4520 1064 4601 riores
1077 4519 1165 4594 ignoti
1178 4527 1253 4576 sunt.
1272 4521 1424 4581 Romanum
1441 4493 1557 4594 parvum
1571 4521 1613 4576 sie
1627 4519 1663 4576 de
1677 4517 1782 4574 iislire·

126 4586 254 4668 observat
268 4603 328 4659 quae
338 4587 394 4668 'legi
411 4597 561 4670 merentur,
575 4603 734 4643 nonminirs
748 4603 828 4660 quam
842 4589 923 4645 Baro·
977 4601 1051 4648 viter
1072 4610 1078 4648 :
1103 4592 1183 4663 Apud
1210 4591 1422 4659 Clioleedouiam,
1448 4591 1581 4649 Sostlimie
1602 4595 1627 4645 et
1660 4588 1782 4646 Victoris.

126 4672 167 4738 nii
181 4658 387 4737 etoFlorentinii
402 4664 566 4739 notationes.
579 4660 618 4714 De
632 4666 731 4715 caetero
741 4660 923 4742 undecunque
977 4663 1038 4718 Ado
1050 4680 1085 4719 ex
1099 4662 1337 4745 qualibuscunque
1363 4663 1467 4719 inclitae
1480 4659 1598 4742 virginis
1609 4669 1636 4716 ιι
1652 4658 1783 4731 martyris

126 4726 275 4806 lidericus,
290 4735 321 4782 ut
336 4742 386 4807 nos
401 4729 558 4808 scribimus,
577 4729 715 4808 [isuardus
727 4740 873 4802 acceperit,
888 4748 923 4788 ex
977 4734 1138 4804 Eupheiniae
1148 4731 1227 4789 Actis
1241 4736 1359 4805 elogium
1372 4744 1561 4799 concinnavit,
1577 4729 1653 4806 quod
1668 4731 1723 4786 iere
1735 4731 1777 4785 in·

126 4796 271 4876 codicibus
294 4807 396 4852 nostris
419 4797 533 4854 evidens
557 4807 749 4855 existimamus
777 4818 839 4857 eum
867 4817 924 4858 esse
979 4814 1084 4877 tegruni
1110 4804 1230 4860 reddidit
1244 4805 1390 4871 Notlierus,
1406 4806 1453 4861 sed
1477 4805 1601 4861 strictius
1620 4817 1678 4858 rem
1700 4817 1784 4858 com·

126 4866 322 4950 Usuardiuumu.
339 4866 473 4950 llultaab
487 4884 519 4924 eo
533 4870 662 4995 qraeelare
683 4877 756 4940 gesta
777 4879 804 4927 et
823 4873 925 4942 scripta
978 4876 1076 4948 plexus
1089 4883 1131 4930 est
1142 4874 1249 4945 Noster,
1264 4885 1296 4932 ut
1310 4877 1338 4932 in
1354 4877 1487 4934 laterculo
1501 4874 1694 4933 exhibuimus.
1712 4872 1782 4929 Eos·

124 4940 296 5023 colliguntur
311 4955 337 5020 in
350 4938 484 5020 Conciliis
499 4938 536 4995 ha
557 4940 600 4995 hei
617 4948 693 4996 tomo
705 4941 777 5005 lV,a
787 4943 922 5001 eolldill.
978 4946 1040 5005 dem
1055 4947 1094 5003 ita
1108 4956 1242 5004 memorat
1256 4948 1471 5005 Waiidalhertus
1488 4965 1494 5005 :

125 5009 196 5069 Vide
209 5019 292 5068 etiam
307 5011 526 5079 Tillemoutium,
542 5018 617 5066 tomo
631 5011 683 5068 XV
698 5012 783 5069 variis
798 5014 874 5071 loeis.

160 5085 201 5141 De
216 5099 315 5141 nouem
334 5081 520 5140 celeberrimis
542 5083 706 5156 presulibus
721 5084 859 5142 Africanis
884 5087 922 5143 ita
1040 5063 1181 5141 ⁸⁰²¹''''.'¹⁶⁴
1198 5069 1224 5116 ‘t
1239 5065 1330 5117 V5⁰¹⁰f
1342 5067 1442 5142 quarite
1456 5073 1644 5126 ‘mmmmm’
1664 5058 1782 5114 “mm

126 5152 208 5212 habet
228 5157 383 5214 Romanum
408 5170 524 5229 parvum
542 5171 548 5212 :
565 5156 598 5213 qn
617 5156 715 5226 Africa
739 5156 923 5231 mmmm
1039 5127 1135 5179 Christi
1147 5144 1194 5194 pro
1207 5144 1287 5193 regno
1299 5141 1382 5182 sortiti
1399 5141 1425 5180 et
1438 5131 1514 5182 laude
1526 5143 1660 5181 coronam.

852 5286 1042 5347 nucinum.

162 5376 308 5439 Huniunis.
333 5397 395 5440 raro
418 5383 545 5456 exemplo
568 5382 741 5467 defectuosus
764 5395 814 5455 est,
835 5388 958 5458 purusi)
1010 5388 1176 5458 Porsinna,
1192 5389 1220 5445 in
1236 5389 1325 5463 prima
1339 5398 1366 5446 et
1380 5389 1480 5447 ultima
1503 5388 1570 5447 satis
1584 5403 1683 5462 purus,
1699 5386 1783 5447 Atri-

129 5460 214 5528 usque
226 5451 258 5507 ad
273 5461 531 5538 consummaverunt,
543 5463 673 5513 omittens
685 5458 918 5516 constructionem
975 5476 1058 5517 canos
1072 5461 1187 5517 omniuo
1202 5461 1307 5518 reticet.

127 5515 252 5644 qqltimam
277 5530 304 5605 et
326 5541 419 5585 omnia
445 5544 506 5603 quae
527 5526 561 5584 de
575 5525 708 5585 Sostheue
721 5537 748 5585 et
762 5526 874 5588 Victore
887 5531 922 5588 eli
1011 5533 1233 5589 Macran-liiii
1248 5577 1255 5596 ,
1272 5532 1442 5591 Uiriatum.
1457 5541 1485 5590 et
1500 5533 1638 5602 Luscum,
1656 5532 1684 5588 iu
1702 5538 1783 5588 textu

151 5588 252 5644 suardo
265 5591 405 5654 dicuntur.
976 5603 1131 5734 satisoqmri,
1146 5602 1282 5688 adjiciunt
1298 5623 1304 5662 :
1337 5605 1468 5662 «Eodem
1490 5605 1547 5675 die,
1573 5604 1666 5679 passio
1690 5602 1784 5661 saneti

125 5658 922 5820 dissssffiffwffisglmwfdffifitsqlitssqmntsqqqtqimqldqeri
976 5675 1034 5736 'lhe
1072 5675 1132 5734 ardi
1146 5678 1267 5750 episcopi
1281 5676 1474 5749 l'rajectensis.
1491 5675 1542 5749 Hic
1556 5675 1630 5733 beati
1656 5673 1782 5735 nemeti
