3834 6136
490 230 809 291 Maeuiuonouiutt.
829 263 863 274 -
882 233 988 289 MENS.
1006 232 1091 290 NDV.
1568 228 1623 292 tto

110 355 282 415 wandalicae
292 356 503 428 persecutionis,
519 373 568 428 pro
591 356 655 412 fidei
677 355 820 414 catholicae
844 356 1015 425 defensione,
1024 355 1207 414 candentibus
1230 355 1295 412 terri
1308 354 1420 411 laminis
1435 363 1495 412 toto
1510 372 1626 429 corpore

102 445 239 509 :loriosum
260 459 376 516 agonem
389 452 662 501 consummaverunt.
688 444 781 500 Roma
802 444 889 500 sancti
916 444 990 512 Rufi,
1005 461 1086 518 quem
1101 463 1164 504 eum
1180 447 1257 503 omni
1271 446 1354 502 doino
1375 461 1425 501 sua
1436 445 1625 504 Diocletianus

112 531 227 592 Christo
239 539 390 603 martyrem
403 530 479 587 tecit.

737 630 855 690 ΝΟΜ.

102 731 182 788 uinnt
210 730 332 796 Prolem,
359 727 515 796 'Herinien.,
538 715 772 801 Aainrpkttaj,
788 734 813 793 Α
828 732 930 791 Mulon.
956 731 1033 790 Adde
1047 735 1281 807 Antaeum-Mau,
1312 735 1490 806 UltraJ'ectiu.,
1510 735 1624 808 Lepden.

110 799 345 865 elliam-Lumo,
366 802 512 868 diuiserat,
528 799 628 868 Belin,
650 801 773 871 Cusum,
828 810 856 858 et
867 803 1012 863 maanus.

582 918 785 977 VARIANTES
804 921 1011 980 unctiones,

102 1018 187 1079 ndum
213 1024 272 1073 erat
294 1017 426 1073 Sosthenis
440 1031 475 1071 ex
499 1017 622 1071 Romano
638 1031 724 1087 parvo
742 1024 775 1098 ¹et
864 1018 1014 1076 Greveuet
1029 1020 1627 1096 biotanposueruntClim'sti'orortpremfeeit:

102 1091 143 1150 visi
153 1091 225 1147 forte
236 1088 407 1159 Rosweydus
417 1094 509 1142 utrum
549 1088 772 1144 eemeudaverit.
829 1106 878 1146 iios
892 1098 985 1146 tamen
1004 1109 1066 1148 cuin
1081 1094 1202 1163 Pratum,
1217 1095 1360 1152 Herinien.
1375 1102 1402 1151 et
1419 1095 1493 1163 aliis,
1507 1111 1628 1151 servan-

102 1161 341 1222 licumnullusita
355 1158 448 1226 habet,
464 1174 497 1213 ne
536 1159 634 1238 otarius
650 1158 772 1240 quidem,
827 1160 894 1216 duni
907 1162 1066 1234 putavimus
1082 1165 1188 1221 Christo
1201 1174 1345 1237 martyrem
1360 1166 1431 1236 lecit,
1448 1174 1526 1222 tanto
1544 1167 1630 1239 magis

102 1235 126 1294 it
145 1234 302 1296 Sosthenes;
326 1230 399 1285 unde
419 1245 453 1285 ex
472 1229 601 1285 omnibus
629 1229 685 1285 ieie
711 1229 774 1286 aliis
829 1232 1182 1304 quodinealectionehdo
1196 1238 1375 1310 praecesserit.
1395 1238 1531 1294 Munerat.
1556 1253 1630 1293 neu-

102 1322 139 1365 im
153 1303 311 1361 Usuardum
330 1301 471 1373 scripsisse
495 1308 526 1356 ut
552 1308 593 1356 est
624 1300 652 1355 in
682 1309 771 1358 textu.
828 1310 902 1358 trum
915 1305 1018 1376 posuit,
1047 1306 1096 1363 sed
1110 1323 1169 1364 eain
1192 1325 1288 1365 vocem
1312 1310 1392 1382 plane
1421 1307 1629 1364 omisititelin.

102 1374 303 1437 uincodicum
314 1373 393 1428 nullo
406 1372 546 1445 reperitur
554 1379 629 1429 recte
637 1372 773 1444 scriptum
828 1389 938 1430 sensnm
953 1379 1140 1449 transposuit:
1157 1381 1305 1452 Martyrum
1318 1381 1500 1436 Diocletianus
1526 1379 1632 1435 Christo

102 1448 136 1518 it,
151 1454 181 1503 at
194 1442 711 1516 hocmirumnonest,qnandoquidem
723 1444 773 1500 Ro·
828 1443 899 1514 tecit.
909 1446 1024 1519 Reliqua
1038 1456 1127 1505 errata
1145 1459 1221 1519 sunt,
1239 1452 1424 1519 Corrintbum,
1456 1450 1631 1518 Corriutliiis,

102 1532 241 1595 murae
261 1531 295 1571 ue
309 1532 341 1571 ac
355 1514 417 1570 Ado
431 1514 513 1570 etiam
531 1513 674 1596 posuerint
692 1515 773 1595 Papi·
828 1522 905 1586 aput,
922 1518 1066 1588 apricam,
1086 1520 1244 1593 Aphrieam,
1264 1524 1427 1592 Vandalicas,
1444 1522 1631 1592 defensionem,

102 1590 180 1649 mulli
208 1532 326 1653 coiices,
342 1587 423 1653 male,
440 1586 548 1665 Papini.
565 1585 646 1641 Solus
661 1585 774 1641 Behnns
829 1602 878 1657 pro
892 1586 1052 1659 detersione,
1068 1592 1140 1663 Rufi,
1156 1602 1208 1651 ete.

102 1659 275 1721 mummia.
291 1656 505 1729 antuerp-Mag.
522 1661 549 1711 et
563 1655 774 1725 hiax.-Lubec.,

655 1772 956 1831 onsnhvamouus.

102 1874 397 1955 pudHierouymiauos
412 1888 463 1928 nec
485 1871 599 1928 inseris
624 1871 704 1927 Beda
735 1873 780 1928 So·
836 1873 1024 1931 admittemus.
1038 1876 1351 1936 Wandalbertnshodie
1365 1881 1450 1939 Silam
1465 1883 1579 1952 cecinit,
1604 1885 1638 1942 de

102 1948 190 2009 iillum
214 1960 332 2018 reperire
342 1953 402 2011 est;
427 1952 600 2000 contravero
614 1941 644 1997 iii
658 1943 781 2000 Romano
836 1960 891 2016 quo
905 1961 957 2001 iios
974 1961 1039 2002 cuni
1054 1948 1179 2005 Usuardo
1193 1966 1246 2007 xiii
1259 1950 1338 2007 tulii.
1355 1952 1407 2010 Hic
1421 1971 1517 2011 versus
1534 1964 1593 2012 est:

114 2018 212 2079 Adone
221 2025 270 2074 aut
280 2017 336 2072 duo
352 2022 427 2083 sunt,
441 2023 489 2070 aut
499 2013 572 2070 idem
587 2012 780 2087 bisrepetitur,

102 2109 123 2151 u
133 2090 222 2159 lunii,
233 2097 294 2162 post
309 2087 473 2152 Daruabam,
484 2094 510 2142 et
523 2085 628 2142 hocdie
639 2105 646 2153 ;
658 2085 780 2143 videtur·

102 2161 291 2222 uenationum
307 2160 426 2214 varietas
440 2157 629 2213 diversitatem
658 2157 780 2238 aliquam
836 2228 841 2238 Ι
870 2159 909 2214 De
924 2158 1088 2218 Wandalica
1103 2162 1132 2218 in
1151 2163 1247 2221 Africa
1261 2167 1452 2247 persecutione
1472 2187 1529 2228 non
1553 2172 1638 2229 semel

102 2250 187 2295 iscure
201 2232 353 2304 designare.
377 2231 532 2286 Romanum
560 2244 781 2309 parvumeugus
835 2245 863 2284 in
879 2230 1069 2302 superioribus
1081 2233 1218 2305 agendum
1232 2236 1335 2293 tuitii
1355 2239 1442 2310 iseopi
1459 2241 1578 2299 duohoc
1597 2243 1643 2300 die

102 2303 301 2379 uapostoiicos
314 2303 390 2358 viros
404 2300 547 2381 collegisse
564 2316 634 2382 saepe
644 2300 780 2382 diximus,
799 2310 822 2370 Β
837 2302 1004 2383 consignati,
1020 2305 1112 2375 potius
1127 2305 1156 2360 in
1171 2305 1230 2378 ipsa
1241 2255 1518 2379 primaiarbarorum
1533 2313 1642 2384 deprae-

102 2387 161 2436 txi
172 2375 268 2433 lunii:
285 2376 322 2430 Et
337 2374 470 2429 Sosthenis
482 2372 555 2442 apud
564 2372 732 2439 Corinthum,
743 2372 782 2426 ali·
840 2372 953 2429 datione
967 2389 1050 2446 quain
1063 2375 1093 2430 in
1116 2385 1210 2448 aperta
1239 2384 1266 2433 et
1294 2379 1432 2436 declarata
1453 2385 1644 2454 perseeutione

102 2448 189 2513 ’uuli,·
204 2446 251 2502 hic
264 2461 330 2501 vero
343 2444 405 2499 aliis
415 2442 663 2499 characteristicis:
684 2444 784 2499 Sosthe-
841 2443 914 2524 passi
930 2451 1006 2513 sunt,
1017 2454 1047 2501 ut
1060 2446 1124 2502 vide
1151 2447 1225 2519 apud
1248 2448 1389 2506 Victorem
1415 2451 1568 2521 Viteusem,
1592 2455 1644 2512 snb

102 2521 115 2567 Γ
152 2519 383 2590 lioposlolorum.
409 2513 541 2570 Eamdem
557 2515 636 2586 plane
662 2514 784 2586 phrasim
842 2531 932 2587 ipsum
944 2515 1265 2574 ffistoriaesuaeinitiuui
1295 2520 1333 2576 ita
1348 2521 1526 2602 loquentem:
1544 2528 1646 2592 Quanti

148 2591 260 2662 opriori
270 2590 330 2644 loco
346 2605 353 2641 :
367 2586 467 2642 Eodem
480 2586 602 2656 dieapud
618 2585 784 2654 Corinthum,
841 2589 1096 2656 etqoomnumerosa'
1107 2595 1166 2644 tuna
1176 2589 1256 2644 abeis
1273 2592 1384 2647 nociati
1401 2600 1464 2647 suut
1487 2597 1645 2665 saemdotes,

102 2663 174 2731 aaa,
186 2660 314 2731 discipuli
327 2660 354 2714 S.
371 2657 453 2713 Pauli
469 2657 601 2727 apostoli;
627 2656 783 2729 posteriori,
842 2658 976 2729 explicare
989 2660 1050 2730 quis
1065 2660 1191 2740 poterit?
1206 2661 1278 2716 ihm
1294 2663 1363 2717 enim
1375 2669 1399 2717 et
1415 2672 1514 2720 nostrae
1531 2666 1648 2722 ciuitatis

103 2734 150 2793 die
162 2751 168 2790 :
179 2729 453 2790 Nocotessontenis
463 2729 783 2800 apostolorumdiscipuls'.
841 2730 1176 2802 uenerabilirPapsnionus
1185 2731 1442 2799 antistes,candentis
1450 2735 1523 2805 ferre
1539 2738 1647 2793 laminis

102 2802 336 2864 isValesiilibroi
352 2800 490 2866 Historiae,
502 2815 561 2871 cap.
576 2799 785 2867 tt,Sosthenem
844 2806 895 2854 toto
909 2800 1020 2856 adustus
1033 2808 1072 2857 ast
1088 2818 1220 2873 corpore,
1233 2803 1358 2859 similiter
1376 2811 1400 2859 et
1413 2814 1566 2862 omasuetus
1584 2809 1648 2865 Uri·

102 2876 146 2934 iin
154 2890 307 2931 numerose
327 2871 449 2943 tuagiuta
459 2870 577 2925 duorum
585 2871 785 2943 discipulorum
842 2871 957 2940 atauus,
975 2872 1005 2927 in
1019 2879 1101 2943 porto
1114 2874 1236 2928 incensus
1250 2880 1288 2928 est
1306 2876 1453 2933 Fornario.
1468 2878 1578 2935 Primus
1591 2894 1647 2934 au-

102 2946 294 3023 ,quamvisRu
315 2958 437 3013 nuscap.
452 2942 484 2996 it
499 2943 584 2996 alium
598 2958 707 2997 sensum
727 2941 786 2997 red·
842 2942 1047 2999 nuntiationem
1063 2960 1099 2999 ex
1118 2944 1230 3002 Victore
1258 2945 1391 3001 formavit
1408 2955 1504 3005 auctor
1529 2950 1646 3007 Romani

111 3020 144 3076 ln
157 3016 290 3073 hodierno
305 3015 427 3071 Romano
437 3013 556 3068 sumitur
566 3012 713 3069 Sosthenes
736 3029 787 3084 pro
843 3013 942 3086 parvi:
973 3015 1006 3070 In
1024 3013 1122 3084 Africo
1136 3015 1248 3087 Papinii
1261 3019 1648 3090 elliamuetiepiseoporum;

102 3107 116 3147 s
131 3089 292 3160 Syuagogae,
302 3086 349 3157 qui
363 3088 494 3141 Actorum
502 3100 561 3156 cap.
573 3085 786 3141 xviiianleCal·
843 3092 875 3140 ut
890 3101 945 3140 nori
962 3101 1058 3142 verear
1072 3102 1201 3154 asserere,
1227 3088 1378 3144 Historiam
1392 3090 1470 3144 illam
1486 3091 1647 3148 Africanam

102 3159 282 3233 proconsulem
291 3157 385 3212 writer
396 3156 689 3226 verberatus,proeelaro
698 3156 786 3223 initio,
844 3156 1010 3228 peculiarem
1025 3157 1129 3213 iontem
1146 3157 1240 3225 inisse,
1256 3175 1291 3213 ex
1315 3175 1370 3240 qno
1399 3160 1528 3231 prefatus
1550 3170 1648 3219 auctor

102 3248 125 3287 oi
131 3228 456 3302 primordiaeomecrani't.
473 3227 644 3298 Supponitur
654 3227 787 3281 nimirum
843 3233 953 3283 sanctos
966 3228 1112 3299 acceperit.
1125 3227 1197 3295 Ado,
1219 3236 1290 3283 mart
1312 3230 1346 3284 rii
1376 3247 1472 3300 genus,
1500 3238 1531 3286 ut
1555 3232 1644 3302 vides,

102 3301 260 3367 lostbeuem
276 3299 314 3355 ibi
328 3299 477 3355 adductum
499 3298 636 3367 tudaeuiu,
660 3298 788 3354 eumdem
844 3297 930 3353 ferme
948 3313 983 3353 cx
1008 3298 1119 3354 laudato
1140 3298 1253 3355 Victore
1299 3315 1436 3369 emmens,
1455 3303 1546 3374 plures
1578 3304 1648 3359 alios

102 3390 126 3430 vn
140 3387 264 3444 eoqnem
275 3371 423 3442 Apostolus
434 3371 491 3440 ipse
504 3369 558 3424 sibi
568 3386 673 3425 socium
683 3376 788 3440 pungit,
844 3368 986 3439 episcopos
1009 3384 1064 3423 nou
1078 3376 1210 3441 tauquam
1235 3385 1299 3425 vere
1314 3378 1460 3443 martyres,
1481 3383 1528 3430 aut
1545 3373 1646 3431 horum

102 3442 237 3502 imamad
251 3442 411 3500 Corinthios
426 3441 577 3511 Epistolam
600 3441 640 3496 sic
655 3440 786 3496 orditur:
845 3445 999 3510 martyrum
1010 3440 1110 3506 socios,
1134 3439 1182 3494 sed
1198 3447 1228 3494 ut
1251 3441 1420 3498 confessores
1449 3442 1524 3511 fidei,
1539 3445 1648 3502 exsiliis

109 3516 361 3585 occatusapostolus
373 3515 435 3569 lesa
449 3512 548 3568 Christi
562 3528 611 3583 per
629 3513 789 3566 volunlatem
845 3509 930 3564 variis
944 3508 1062 3566 subinde
1075 3510 1229 3578 damnatos,
1245 3509 1402 3583 conjunxit,
1422 3523 1453 3569 ut
1468 3515 1497 3570 iii
1508 3515 1648 3572 Auctariis

102 3587 239 3646 &ammes
252 3584 350 3655 frater.
368 3589 495 3640 Attamen
509 3599 565 3637 nou
576 3583 645 3638 male
661 3582 789 3637 observat
845 3581 919 3636 infra
933 3580 1133 3652 supplebimus,
1153 3581 1201 3637 sed
1228 3581 1259 3637 iu
1287 3584 1456 3640 enumeratis
1486 3585 1648 3643 nominibus

102 3672 163 3716 inne
174 3657 242 3714 satis
256 3657 458 3727 incompertum
473 3671 540 3720 esse,
557 3655 652 3711 saltem
670 3668 704 3708 ex
716 3653 824 3726 cita-G
846 3651 975 3723 praefatus
986 3651 1047 3707 Ado
1062 3652 1129 3708 hinc
1150 3651 1214 3708 inde
1233 3668 1323 3709 errare
1339 3654 1461 3712 videtur.
1486 3656 1572 3713 Porro
1596 3673 1648 3714 eo-

102 3730 234 3789 stolorum
245 3728 466 3795 Actibusmtrum
482 3733 508 3781 et
523 3723 790 3798 quandosnsthencs
844 3739 908 3780 rum
921 3722 1009 3850 aliffiui
1024 3723 1143 3796 propriis
1163 3722 1260 3779 diebus
1272 3724 1440 3794 referuntur,
1456 3734 1487 3782 nt
1517 3728 1648 3785 Valeria-

102 3816 209 3875 nagoga
224 3800 350 3872 princeps
365 3799 399 3853 ad
422 3798 523 3855 Christi
551 3797 632 3853 iidem
655 3795 791 3853 adductus
845 3811 897 3849 nus
911 3810 947 3848 xv
988 3794 1133 3860 ecemhris,
1153 3801 1206 3850 etc.
1235 3795 1376 3853 Usuardus
1399 3798 1513 3854 solitum
1545 3799 1646 3857 ducem

102 3871 216 3930 Interim
232 3871 255 3926 si
271 3869 385 3927 Romani
403 3869 480 3941 parvi
495 3875 522 3923 et
536 3868 642 3923 Adonis
672 3874 791 3922 mentem
845 3881 936 3938 presse
951 3875 1062 3922 secutus
1081 3874 1133 3923 est.

102 3956 222 4016 nsqnor,
238 3949 305 4015 puto
324 3943 357 3994 ab
382 3939 449 4010 ipsis
473 3938 635 3993 Sosthenem
666 3938 790 4005 Eusebii,
881 3935 969 4005 Drusus
981 3954 997 3993 a
1011 3940 1135 3995 Romano
1149 3955 1235 4011 parvo
1248 3946 1275 3995 ct
1290 3939 1387 3996 Adone
1407 3940 1436 3995 iu
1451 3941 1649 3999 annuntiatio-

102 4023 181 4071 utum
196 4013 376 4085 discipulum,
395 4025 443 4064 seu
459 4009 531 4063 inter
544 4009 792 4079 septuagintadnos
846 4024 913 4064 uuiu
928 4007 1025 4064 ordine
1039 4009 1160 4065 secundo
1171 4011 1230 4067 loco
1246 4011 1374 4079 retertur,
1390 4027 1406 4066 a
1415 4013 1506 4083 primo
1521 4013 1566 4069 his
1580 4030 1648 4071 ver-

105 4084 240 4156 distingui
257 4082 420 4141 aSosthene
443 4080 537 4147 tratre,
555 4079 633 4151 qnia
657 4079 741 4134 Paulo
765 4085 792 4135 et
845 4079 888 4135 bis
904 4097 909 4134 :
925 4081 962 4134 Et
975 4081 1060 4134 saneti
1080 4081 1143 4151 Rufi
1161 4082 1298 4153 martyris,
1315 4099 1372 4137 eum
1397 4085 1469 4138 omui
1494 4085 1572 4140 domo
1600 4102 1650 4142 suo

102 4157 160 4214 iulo
170 4156 200 4211 in
215 4155 340 4226 Epistola
354 4153 388 4208 ad
406 4150 566 4209 Corinthios
580 4150 792 4217 nominatur,ita
863 4167 893 4204 er
908 4150 1105 4221 Chrysogonum
1130 4153 1238 4207 lucrati.
1265 4152 1328 4207 Haec
1355 4151 1451 4208 eadem
1475 4170 1532 4210 nou
1560 4157 1649 4213 multo

102 4227 234 4294 xitunii,
250 4226 297 4281 ille
313 4224 424 4281 hoodie
442 4223 477 4278 ab
497 4223 563 4304 ipsis
577 4222 739 4278 celebretur.
758 4224 792 4276 at
844 4168 964 4292 iongiori
979 4221 1104 4300 oratione
1115 4221 1240 4276 extendit
1264 4221 1334 4288 Ado,
1355 4230 1493 4293 postrema
1518 4224 1586 4291 haec,
1615 4226 1650 4282 ab

102 4299 115 4356 i
128 4298 217 4355 nostri
232 4297 287 4353 alia
302 4298 380 4368 plane
395 4302 541 4360 sententia,
554 4295 601 4367 qni
617 4293 730 4349 uuicuui
747 4293 794 4349 hic
847 4291 971 4347 Usuardo
990 4290 1139 4361 descripta,
1152 4291 1256 4346 addens
1272 4309 1277 4346 :
1298 4293 1379 4358 Quem
1401 4308 1460 4345 aum
1484 4296 1557 4347 omni
1570 4295 1649 4349 domo

102 4365 793 4447 iidiscipulum,iulaudataEpistolamemoratum,
847 4380 896 4417 sua
918 4362 1098 4417 Diocletianus
1113 4362 1243 4442 'punitum
1269 4362 1375 4442 Christo
1398 4368 1548 4443 martyrem¹
1565 4365 1650 4434 secit;

102 4439 174 4500 idum
185 4441 357 4510 suscepit.De
367 4437 483 4493 veritate
490 4435 689 4492 identitatisvel
697 4435 796 4490 distin·
848 4433 921 4490 unde
959 4441 1015 4488 atet
1027 4432 1141 4505 quodiu
1154 4432 1333 4489 Variantibus
1343 4433 1377 4488 de
1392 4432 1443 4488 hac
1459 4433 1551 4505 phrasi
1566 4434 1648 4490 dixi-

106 4510 176 4570 alibi
186 4510 383 4583 disputabitur,
396 4509 436 4565 uti
447 4508 517 4562 etde
535 4507 694 4579 episcopatu
708 4505 795 4562 Colo-
849 4521 919 4559 mus.
936 4448 998 4560 iun
1015 4510 1041 4558 st
1052 4502 1225 4574 Chrysogoni
1240 4505 1373 4559 Actorum
1388 4503 1483 4560 eadem
1499 4513 1541 4561 est
1555 4505 1626 4562 ratio
1641 4524 1648 4575 ;

102 4599 203 4658 ,quem
217 4583 304 4638 solius
322 4578 454 4636 Dorothei
470 4577 629 4634 vadimonio
645 4592 699 4631 non
714 4576 795 4632 facile
849 4576 987 4647 videque
1005 4574 1159 4630 dictasunt
1174 4590 1244 4631 xxiv
1257 4575 1432 4632 Novembris.

731 4698 921 4756 AUCTARIA.

102 4818 197 4861 vacxm
209 4801 374 4875 purissimus
384 4809 464 4869 esset,
476 4800 530 4856 nisi
540 4797 705 4856 deficeretiu
719 4796 797 4853 brevi
853 4795 978 4869 Gregorii
1005 4797 1092 4866 tertii,
1108 4814 1183 4871 papae
1197 4807 1224 4856 et
1247 4798 1422 4857 confessoris.
1442 4801 1494 4859 Hic
1511 4803 1650 4878 synodum

102 4873 145 4931 nis
160 4874 260 4946 elogio
853 4875 1053 4940 nongentorum
1068 4870 1152 4926 trium
1167 4871 1357 4944 episcoporum
1372 4873 1402 4928 iu
1414 4872 1482 4930 urbe
1492 4877 1577 4933 Roma
1587 4891 1651 4930 cori·

102 4961 201 5013 mo,
217 4946 245 4999 iii
271 4951 329 4999 toto
344 4952 422 5001 textu
436 4944 502 5000 satis
518 4959 602 5013 purus
625 4941 654 4997 iri
668 4941 722 4997 sirie
746 4941 800 4996 ad·
854 4941 985 5013 gregavit,
1007 4941 1104 5014 inqua
1121 4943 1312 4999 venerationes
1326 4952 1482 5000 sanctarum
1498 4946 1650 5016 imaginum

109 5017 204 5074 ‹ltein
212 5016 276 5072 Silae
285 5017 415 5087 apostoli,
445 5016 473 5070 ui
483 5021 540 5071 erat
548 5013 701 5085 disciputus
711 5012 799 5069 sancti
854 5011 1031 5079 confirmans,
1065 5029 1158 5068 earum
1194 5014 1344 5071 violatores
1368 5015 1488 5087 generali
1514 5014 1652 5071 sententia

162 5087 223 5144 toli.
239 5111 249 5134 v
270 5088 400 5143 Diximus
414 5032 449 5143 aii
460 5085 583 5144 Usuardo
598 5084 718 5157 positum
743 5099 800 5138 esse
854 5083 1128 5140 anathematisavit·

102 5103 162 5217 iffi
892 5154 1069 5211 Caninium:
1098 5177 1107 5200 ι
1132 5155 1228 5212 Natale
1249 5156 1337 5212 sancti
1362 5155 1499 5224 Sosteues,
1519 5155 1651 5236 discipuli

102 5248 209 5300 nunu,
219 5230 249 5286 iu
264 5231 397 5288 Sostheue
408 5227 636 5296 mutilus,scribit
652 5245 658 5281 :
677 5225 801 5281 «Natalis
817 5247 842 5306 Ι)
857 5226 1053 5297 apostolorum.
1066 5224 1171 5280 Eodem
1186 5227 1231 5282 dic
1244 5227 1333 5283 sancti
1348 5227 1503 5299 Rationem
1517 5228 1653 5282 Dominus

116 5300 256 5370 Sosteues
271 5302 341 5359 disci
362 5302 402 5357 uli
416 5301 614 5373 apostolorum.
638 5321 648 5343 ι
676 5297 802 5353 Secundo
858 5297 935 5353 lesus
946 5311 1008 5351 cuin
1024 5296 1100 5350 omni
1115 5295 1199 5352 domo
1213 5313 1324 5369 suaper
1338 5296 1653 5368 Chrisogonumconies·

102 5373 178 5431 ibet:
201 5373 327 5430 ‹Eodem
361 5369 804 5442 'e,sanctiiluiimartyris,quem
859 5383 948 5424 sorem
962 5383 1043 5422 suurn
1061 5367 1183 5423 lucratus
1197 5377 1248 5425 est.
1264 5369 1332 5423 {tem
1358 5368 1453 5425 eodem
1479 5367 1525 5424 die
1555 5367 1652 5444 [apud]

102 5460 142 5501 iiis
154 5445 233 5501 lesus
244 5445 373 5503 Christus
386 5460 448 5501 cum
469 5442 545 5498 ouini
571 5439 653 5496 domo
678 5454 728 5495 sua
759 5454 807 5511 per
861 5438 994 5506 Africam,
1011 5445 1168 5493 sauctorum
1184 5438 1281 5510 Papini
1295 5445 1323 5493 et
1343 5439 1479 5496 biausueti
1508 5441 1655 5522 episcopo-

102 5514 362 5596 uGhrisogonem...
379 5541 389 5563 ι
411 5515 530 5571 abscissa
542 5521 582 5568 est
599 5512 680 5566 linea.
705 5509 808 5636 Segni·
862 5525 923 5564 rum
936 5518 963 5565 ct
977 5514 1140 5581 martyrum,
1157 5525 1221 5590 cum
1236 5508 1336 5591 quibus
1349 5509 1398 5565 alii
1410 5510 1542 5591 episcopi.
1558 5513 1653 5580 idest,

118 5585 269 5655 Africanis,
285 5586 315 5641 iii
330 5603 447 5660 quorum
462 5585 552 5656 elogio
568 5590 675 5638 uterum
703 5582 737 5637 de
759 5580 808 5649 cit,
863 5579 1072 5648 Quodvultdeus
1082 5578 1316 5652 carthaginensis,
1332 5580 1506 5651 Valerianus,
1519 5582 1655 5652 Urbanus,

110 5656 335 5715 nnuntiationis
348 5666 424 5730 parte
437 5657 520 5712 etiam
535 5655 661 5710 abscissa.
864 5652 1003 5718 Crescens,
1020 5650 1221 5729 Habeasdeum,
1238 5651 1353 5722 Etheus,
1378 5652 1493 5722 Tiatius,
1524 5655 1658 5713 Crescen-

102 5736 213 5787 Μαι
232 5728 345 5798 Daisun,
360 5729 422 5801 puri
441 5729 524 5784 etiam
542 5726 571 5780 iii
586 5732 675 5793 textu,
698 5723 811 5780 hancei
865 5721 1163 5803 tianus,Crescontius,
1186 5722 1274 5788 Felix,
1294 5722 1472 5795 hortolanus,
1493 5734 1520 5783 et
1548 5728 1659 5783 Floren-

102 5801 303 5861 mratioueui
317 5799 486 5873 praeiigunt:
509 5823 518 5845 ‹
538 5798 641 5865 Roma,
666 5797 756 5853 natale
782 5794 810 5851 S.
866 5795 959 5852 tianus
973 5808 1031 5866 pari
1043 5792 1225 5865 confessione,
1239 5811 1351 5854 cursum
1382 5797 1447 5854 vite
1466 5804 1651 5873 peregerunt.»

170 5896 293 5959 Parnon.
314 5896 440 5959 CXXIV.
1455 5897 1501 5953 aa

879 2050 976 2114 .Sitas,
990 2053 1082 2116 Pente,
1096 2062 1155 2105 tuiis
1173 2065 1292 2121 quartam
1305 2072 1393 2109 eomes
1409 2071 1489 2123 auget
1509 2070 1536 2112 et
1555 2071 1640 2115 ornat.
