3834 6136
200 195 253 251 ild

859 180 1010 239 USUABBI
1030 180 1191 238 nunaunt

1801 170 1854 227 tttt

220 316 383 375 enultimam
401 314 642 372 annuntiationem
657 312 724 367 satis
738 310 798 382 puri
814 319 888 368 sunt.
905 310 1039 382 ltaqueA
1090 309 1120 364 ln
1136 307 1271 363 Varicau.
1283 276 1358 360 deest
1367 299 1496 381 Mederici
1506 307 1534 355 et
1544 296 1684 378 Candidas.
1696 295 1853 378 Adjicitur:

201 337 236 449 de
258 388 394 447 blederico
409 405 465 444 non
489 389 659 460 loquuntur3
682 382 729 439 sed
748 381 855 438 Sabina
870 380 997 437 Trecensi
1060 378 1179 434 ‹Natale
1200 382 1356 433 sauctorum
1377 373 1487 439 Vitalrs,
1511 369 1614 428 Satoris
1637 376 1664 425 et
1688 368 1850 441 Repositi.»

201 451 990 532 immeditatesubjungunt:‹lpsodie,sanctaCandidae,»

200 544 265 596 etc..
283 533 420 590 utstatim
439 532 572 587 diximus.

237 607 392 663 Lovaivmn.
419 603 495 660 hisce
518 602 598 658 etiam
625 598 725 656 similis
745 606 795 667 ost,
817 605 997 671 praeterquam

202 676 275 752 quod
290 676 409 748 elogium
428 674 536 732 Sabinae
551 669 711 729 Tricassinae
726 678 875 740 expungat.
991 739 995 746 Ι

238 751 360 805 Auseae.
378 756 405 802 et
419 748 518 802 Danau.
540 742 699 817 incipiunt:
722 740 896 798 «Decollatio
911 748 998 796 sancti

201 819 315 878 loannis
338 817 476 890 Baptistae.
503 843 513 867 ι
543 818 574 873 ln
597 813 712 889 reliquis
742 812 913 872 conveniunt
935 828 998 869 cum

205 892 453 957 Aurunca-llam,
467 897 520 946 etc.

238 963 410 1022 Carrucam:
434 962 551 1018 «Rornae
574 959 607 1015 ad
630 975 724 1016 arcum
739 958 874 1026 Faustini,
894 956 999 1013 beatis-

204 1035 281 1091 simae
296 1034 403 1090 Sabinae
427 1032 567 1104 martyris.
583 1032 687 1087 Eodem
702 1031 757 1098 die,
780 1037 926 1086 veneratur
945 1029 999 1084 de-

204 1105 318 1162 collatio
332 1104 417 1161 sancti
432 1104 545 1159 loannis
565 1103 702 1175 baptism,
719 1118 799 1174 quem
815 1101 935 1156 Herodes
952 1100 999 1154 Te·

202 1183 303 1245 trarca,
320 1183 352 1232 ut
370 1176 544 1246 evangelistae
555 1175 657 1241 ierunt,
675 1173 803 1245 praecepit
822 1172 952 1229 decoliari
970 1173 999 1228 in

206 1263 324 1305 carcere.
337 1249 398 1319 lpso
408 1248 463 1316 die,
476 1257 575 1303 sanctae
588 1246 717 1303 Candidas
729 1244 844 1317 virginis
868 1244 998 1311 Parisios,

203 1319 340 1389 depositio
356 1318 455 1376 Clerici
472 1317 660 1391 presbyteri·
683 1317 791 1388 opinor,
807 1315 1000 1390 prollrdera'ci,

203 1391 250 1464 qui
268 1407 356 1463 neque
370 1389 417 1448 hic
430 1392 573 1445 monachas
586 1390 749 1462 appellatur.

238 1462 416 1520 Buuxrunau.
427 1480 433 1519 :
445 1462 613 1520 «Decollatio
632 1460 719 1517 sancti
733 1460 846 1517 loannis
861 1459 1000 1530 Baptistae,

204 1550 284 1607 quam
301 1534 458 1604 evangelica
474 1534 557 1595 lectio
571 1533 644 1591 circa
658 1531 760 1589 Pascha
769 1533 867 1588 iactam
883 1546 1001 1588 comme·

1052 449 1134 524 Apud
1148 448 1218 506 alios
1229 446 1289 505 noti
1306 463 1362 504 non
1376 453 1451 502 sunt.

1090 542 1261 598 Ucauunrau.
1276 538 1347 595 nihil
1365 535 1446 592 habet
1455 532 1488 589 de
1503 532 1605 591 Sabina
1618 530 1746 587 'l'receasi
1760 523 1788 586 e't
1802 531 1857 587 hle·

1052 614 1157 672 derioo.
1174 612 1258 668 Porro
1272 610 1306 667 de
1320 605 1502 666 Antiochenis
1512 613 1539 660 et
1554 603 1665 670 Basilia,
1681 610 1712 658 ut
1726 618 1812 674 supra
1827 602 1857 658 iu

1053 686 1197 742 minsis.
1214 689 1240 739 et
1254 682 1445 738 blau-Lusus.

1088 774 1184 834 Cooux
1199 772 1431 832 Casini-nasoni.
1445 786 1471 824 :v
1486 768 1548 840 Ipso
1562 766 1617 835 die,
1633 764 1723 822 sancti
1741 764 1859 821 loannis

1053 845 1228 904 contessoris.
1243 869 1253 893 ι

1088 947 1188 1003 Enrrro
1204 943 1413 1002 LusacoCou:
1438 937 1612 997 ‹Decollatio
1639 937 1728 995 sancti
1743 937 1859 994 loannis

1053 1019 1192 1091 Baptistae.
1209 1016 1262 1084 Qui
1280 1015 1369 1086 primo
1387 1014 1415 1069 in
1435 1010 1558 1068 Samaria
1572 1009 1701 1065 conditus
1714 1018 1766 1076 est,
1783 1026 1860 1066 nuuc

1054 1091 1083 1146 in
1098 1089 1278 1146 Alexandria.
1296 1089 1379 1143 Porro
1390 1091 1471 1157 eaput
1486 1081 1593 1153 ejusde
1609 1081 1813 1152 Hierosolymis
1823 1081 1858 1137 ad

1054 1161 1182 1218 Fenicem
1205 1160 1300 1216 urbem
1322 1157 1447 1213 Edissam
1467 1155 1587 1211 delatum
1602 1153 1747 1210 est.·Ha›.o
1771 1152 1859 1210 ferme

1054 1232 1160 1289 habent
1180 1230 1263 1297 Reda,
1284 1230 1422 1296 Babanus,
1439 1227 1500 1283 Ado
1523 1233 1550 1280 et
1568 1224 1715 1281 Notlrerus.
1738 1224 1860 1281 ‹Bomae

1056 1294 1847 1373 inAdventino,cpidoViudinensi,adarcumFaustini,·

1054 1384 1106 1433 etc.
1124 1391 1184 1458 quaa
1199 1374 1227 1430 in
1242 1373 1339 1430 Adone
1356 1371 1407 1443 legi
1423 1370 1528 1426 malim.
1545 1366 1699 1450 DeoSahina
1713 1367 1855 1449 Treceusi,

1056 1447 1162 1511 inserit,
1196 1444 1321 1502 «sororis
1345 1443 1430 1499 sancti
1456 1440 1597 1498 Sapiniam
1626 1445 1768 1511 martyris.
1790 1463 1799 1486 ι
1820 1440 1860 1495 ue

1056 1517 1239 1578 Antiochenis
1253 1517 1321 1580 ait«
1337 1514 1426 1571 Nicea
1442 1510 1559 1585 virginis
1573 1518 1600 1567 et
1620 1510 1696 1566 Pauli
1715 1509 1858 1581 martyris.

202 1615 301 1675 morat,
317 1610 364 1663 scd
379 1606 479 1662 testum
494 1606 553 1677 ejus
570 1604 616 1662 hic
630 1606 772 1670 recolitur,
793 1603 903 1730 guando
920 1609 1002 1673 caput
1054 1590 1248 1672 Mellbssassffll
1265 1585 1385 1669 Adolphi
1403 1582 1523 1667 Vlll⁵09l¹i
1543 1591 1570 1639 θῑ
1588 1581 1798 1664 ὒθῐιῖθιδῡῐίὓχ·
1820 1583 1860 1665 ⁰9

202 1677 290 1750 ipsius
313 1678 435 1734 mundo
460 1685 619 1748 repertum,
644 1684 671 1731 et
695 1676 723 1730 jn
752 1674 866 1730 eccesia
891 1673 1000 1730 Edmssae
1016 1673 1039 1733 B
1054 1662 1202 1729 ΜθιῙθιιιιΟ,
1216 1656 1511 1728 dtltltl‚elctitiseso⁰rt·5.
1527 1657 1566 1713 ΒΘ
1581 1653 1683 1712 BaSlllB
1698 1652 1858 1721 ὃιῐιῐιιθῐιιι,

202 1749 325 1807 civitatis
339 1749 482 1805 conditum
498 1757 547 1804 est.
565 1749 655 1803 Rornae
670 1745 884 1812 inAdventicio,
897 1744 998 1817 oppido

202 1819 394 1884 Windinense,
414 1820 447 1875 ad
466 1835 560 1875 arcum
577 1817 700 1874 Faustini
724 1818 787 1888 (hec
801 1816 860 1872 Ado
885 1816 996 1885 clarius)

201 1892 292 1947 natale
316 1898 417 1948 sancta
432 1890 539 1947 Sabinas
563 1887 756 1945 illustrissima
779 1889 918 1959 martyris,
938 1903 998 1954 uuas

203 1962 256 2018 tuti
271 1979 341 2017 uxor
374 1960 558 2016 rarclarissirni
579 1960 717 2032 quondam
733 1959 884 2026 Valentini,
900 1967 927 2014 et
941 1959 998 2014 salia

201 2031 318 2088 Herodis
367 2032 494 2087 stellarii.
522 2033 585 2087 Haec
607 2030 729 2087 Adriano
752 2031 922 2103 imperante,
947 2029 998 2085 suh

202 2102 330 2174 Helpidio
343 2103 471 2175 praeiecto
489 2119 565 2174 passa
579 2110 606 2158 et
618 2102 708 2174 gladio
718 2118 854 2174 percussa,
871 2099 997 2173 martyrii

201 2174 319 2301 galenam
342 2175 456 2246 accepit.
476 2199 485 2220 ι
508 2175 538 2230 ln
558 2174 659 2232 Sabina
684 2174 821 2240 Trecensi,
839 2187 923 2245 purus
946 2181 996 2230 est.

221 2247 332 2317 equitur
351 2245 385 2302 de
408 2245 590 2302 Antiochenis
613 2253 639 2302 et
663 2245 775 2313 Basilia,
798 2252 941 2317 utsupra.
967 2246 998 2301 lu

201 2316 324 2376 Candida
339 2335 423 2399 purus
437 2325 488 2373 est.
505 2319 590 2374 Tum:
616 2343 624 2366 ι
639 2317 674 2373 Bt
688 2325 789 2374 sanctae
804 2317 901 2373 Aureae
915 2317 998 2389 virgi·

92 2450 95 2454 ,
200 2387 255 2446 uis.
283 2389 381 2457 Metro,
406 2389 541 2461 depositio
567 2389 654 2447 sancti
683 2387 800 2461 Adelphi
824 2387 945 2460 episcopi
971 2398 999 2444 et

200 2460 400 2518 contessoris.»
420 2463 451 2517 ln
475 2461 609 2531 mederici,
630 2460 718 2535 prima
740 2460 845 2533 syllaba
864 2460 998 2516 insertum

200 2533 529 2599 mmmfflmwm

236 2603 432 2660 Haeduorum:
449 2603 716 2661 ‹Becollatiosancti
731 2604 843 2659 loannis
858 2603 998 2675 Baptistae,

201 2674 246 2730 vel
264 2674 356 2744 potius
378 2675 476 2747 capitis
495 2675 553 2745 ejus
578 2676 714 2743 inventio,
737 2684 764 2730 et
785 2675 888 2730 ossium
912 2675 999 2747 ipsius

199 2745 396 2811 concrematio,
421 2755 448 2801 et
468 2746 495 2800 di
516 2745 547 2802 iti
572 2745 631 2816 ejus
654 2745 809 2814 translatio,
828 2753 854 2802 et
877 2744 998 2803 basilicae

198 2814 257 2895 ejus
281 2815 429 2873 dedicatio.
453 2763 531 2873 Unde
554 2835 570 2873 a
593 2817 758 2889 quibusdam
782 2817 841 2875 haec
862 2817 998 2874 festivitas

197 2885 384 2966 diversimode
410 2894 531 2944 notatur.
557 2889 666 2944 Dicitur
688 2905 806 2961 namque
830 2889 996 2956 decollatio,

197 2956 336 3024 collectio,
349 2959 474 3015 inventio
489 2967 516 3015 et
536 2959 682 3016 dedicatio.
703 2960 860 3016 Decollatus
880 2960 998 3016 loannes

196 3036 237 3084 ost
262 3028 336 3085 circa
359 3030 461 3086 festum
483 3030 612 3098 Paschae,
636 3030 708 3087 sicut
733 3031 875 3102 Evangelii
900 3032 997 3102 probat

196 3100 353 3168 auctoritas,
368 3102 402 3157 ab
418 3101 523 3158 llerode
536 3102 682 3158 Tetrarcha
695 3101 816 3169 Galileae,
833 3101 892 3157 silio
908 3103 990 3158 Hero·

195 3169 239 3229 dis
252 3171 323 3243 regis
337 3174 388 3229 suh
403 3189 456 3301 guo
476 3181 611 3230 natusest
634 3174 778 3231 Dominus.
800 3173 990 3231 Concrematio

195 3242 299 3299 ossium
320 3243 379 3316 ejus
418 3253 479 3302 acta
507 3253 547 3302 est
576 3263 591 3302 a
618 3246 728 3302 Juliano
753 3246 927 3316 imperatore.
956 3248 991 3304 Bt

194 3315 298 3396 ossium
313 3317 440 3373 collectio
461 3318 532 3374 iacta
546 3325 587 3374 est
601 3333 650 3399 per
664 3317 813 3374 monachos
828 3318 991 3390 Hierosoly-

193 3395 322 3458 maanus,
348 3389 394 3465 qui
420 3390 661 3447 concremantibus
684 3405 713 3446 se
739 3389 936 3458 miscuerunt,
964 3398 992 3446 et

192 3459 273 3531 plura
285 3477 346 3517 ossa
357 3463 442 3533 ipsius
457 3462 629 3519 furabantur.
642 3461 768 3519 luverttio
790 3461 889 3533 capitis
907 3461 989 3518 loan-

192 3530 237 3588 nis
254 3532 327 3589 iacta
350 3542 391 3589 est
415 3549 462 3604 per
484 3533 553 3589 duos
577 3533 736 3599 monachos,
758 3533 816 3604 ipso
839 3533 989 3589 revelante.

191 3601 277 3673 Digiti
287 3602 359 3674 ,ejus
371 3604 516 3659 translatio
529 3613 556 3659 et
571 3604 691 3660 ecelesiae
707 3604 844 3660 dedicatio
865 3604 937 3660 iacta
951 3613 992 3661 est

227 3688 275 3728 nes
288 3674 473 3730 Mediolanum
490 3691 506 3729 a
523 3674 693 3729 Theodelina
713 3680 807 3744 regina
831 3674 992 3743 Longobar-

213 3757 303 3799 orum.
329 3745 406 3801 Unde
429 3752 539 3815 propter
562 3743 621 3801 hec
642 3744 735 3800 omnia
754 3760 771 3800 a
788 3745 906 3800 Domino
921 3746 992 3826 Papa

192 3821 326 3871 statutum
342 3825 395 3880 est,
418 3823 449 3871 ut
473 3815 531 3872 haec
545 3815 604 3871 dies
620 3831 667 3889 per
684 3814 817 3872 ntundum
832 3816 948 3872 celebris
963 3834 991 3873 m

192 3884 298 3942 honore
314 3887 445 3960 Baptista
458 3886 620 3943 habeatur.·
638 3886 704 3954 Quae
715 3887 748 3943 de
757 3887 858 3943 Sabina
871 3889 992 3944 Bomana

193 3967 337 4025 memorat,
355 3958 453 4015 melius
463 3959 496 4014 ab
508 3957 611 4013 Adone.
620 3958 787 4013 referuntur.
800 3960 838 4013 Be
851 3959 990 4025 Trecensi,

192 4037 220 4086 et
238 4028 375 4086 blederico
399 4029 471 4085 silet.
499 4029 532 4086 Se
552 4037 647 4085 uitur:
670 4030 727 4085 «lu
752 4029 863 4098 Sirmia,
890 4038 991 4088 sanctes

192 4098 467 4182 Basilicaeuirginis.
491 4126 501 4149 ›
526 4045 590 4157 idac
615 4101 714 4158 melius
735 4101 841 4157 Basilio
866 4110 990 4159 vocatur.

192 4171 231 4225 Be
247 4168 369 4228 Candida
384 4189 460 4245 pure,
477 4172 510 4227 de
525 4172 717 4240 antiochenis,
733 4180 869 4245 utsupra.

226 4240 386 4304 Acnrcmor.
403 4243 570 4302 Medericum
585 4246 740 4301 monacham
755 4251 835 4301 vocat
847 4261 910 4302 cum
921 4246 990 4302 Paa-

190 4329 269 4370 ruus1
283 4324 311 4371 et
324 4316 407 4373 sociis
418 4315 482 4373 aliis
493 4333 576 4389 supra
591 4317 692 4374 citatis.

1060 1740 1199 1805 utsupra.
1215 1733 1254 1788 De
1269 1729 1402 1797 Candida,
1420 1744 1496 1801 pure.

1090 1834 1187 1889 Bruta.
1206 1829 1324 1903 incipit:
1349 1853 1357 1876 ι
1374 1827 1526 1884 Decollatio
1539 1823 1626 1881 sancti
1639 1823 1755 1880 Joanuis
1765 1823 1847 1896 Bapti

1054 1906 1180 1962 stc-De
1189 1900 1416 1968 Sabina,omittit
1427 1900 1540 1955 titulum
1550 1896 1752 1952 illustrissimo.
1763 1894 1858 1976 Sequi,

1053 1985 1117 2033 tur:
1142 1976 1233 2031 ‹ltem
1248 1973 1336 2029 sancti
1355 1971 1465 2044 llelysei
1481 1969 1631 2042 propbetas.
1647 1991 1657 2015 ι
1675 1968 1706 2024 lu
1722 1965 1858 2034 Candida,

1053 2065 1139 2120 purus
1153 2054 1204 2102 est.
1219 2047 1250 2102 lu
1272 2043 1465 2106 Antiocheam,
1491 2050 1522 2097 ut
1547 2055 1629 2112 supra
1660 2039 1860 2120 ProBosillo,

1053 2119 1151 2177 scribit
1177 2118 1297 2173 Basilice.
1314 2117 1345 2172 ln
1362 2114 1498 2170 Mederico
1518 2129 1613 2183 purus.
1638 2109 1704 2177 Qus
1719 2126 1748 2165 rn
1771 2110 1861 2181 prior-

1054 2191 1159 2250 Veneta
1175 2188 1299 2244 editione
1315 2187 1417 2254 aberat,
1435 2185 1548 2258 ponitur
1563 2183 1591 2239 in
1607 2181 1776 2241 altera:·1u
1791 2197 1859 2255 pago

1054 2260 1225 2328 Trecassino,
1243 2267 1343 2316 sanctae
1357 2258 1465 2315 Sabinae
1484 2255 1611 2328 virginis.
1630 2277 1640 2301 υ

1090 2361 1218 2417 Garvru.
1242 2359 1334 2414 ‹ltem
1351 2366 1510 2414 sanctorum
1528 2361 1683 2426 martyrum
1697 2359 1859 2424 nongento-

1054 2449 1126 2501 rum,
1143 2431 1190 2504 qui
1207 2430 1302 2487 eodem
1318 2428 1363 2485 die
1377 2427 1448 2500 passi
1465 2436 1539 2483 sunt.
1556 2428 1588 2483 lu
1603 2423 1755 2481 Antiochia
1768 2423 1857 2491 Sirio,

1054 2511 1211 2560 sanctorum
1222 2501 1311 2558 Nicea
1322 2501 1439 2573 virginis
1452 2507 1480 2554 et
1489 2499 1568 2555 Pauli
1580 2506 1747 2566 martyrum.
1764 2495 1856 2563 lictis,

1053 2575 1141 2631 sancti
1156 2573 1275 2645 Adelphi
1284 2572 1405 2655 episcopi
1414 2580 1441 2627 et
1452 2569 1627 2627 confessoris.
1640 2568 1762 2626 Ciuitate
1769 2566 1856 2635 Ostia,

1053 2655 1153 2703 sanctae
1167 2647 1264 2701 Aureae
1279 2644 1404 2716 virginis.
1414 2651 1441 2699 et
1455 2642 1595 2714 martyris.
1611 2640 1679 2708 Qua
1690 2638 1780 2696 nobili
1796 2646 1856 2695 orta

1053 2734 1160 2790 genere,
1177 2733 1225 2788 pro
1236 2715 1289 2772 fide
1301 2714 1403 2771 Christi
1416 2714 1467 2770 sub
1482 2713 1597 2770 Claudio
1612 2713 1765 2768 incarcere
1780 2711 1852 2767 tame

1053 2790 1174 2845 cruciata
1184 2795 1234 2856 est,
1250 2787 1350 2842 deinde
1360 2786 1476 2859 equuleo
1491 2794 1629 2857 superato,
1639 2782 1761 2840 fustibus
1775 2797 1854 2849 caesa,

1053 2861 1082 2916 iu
1097 2859 1212 2916 erilium
1232 2860 1313 2914 missa
1326 2867 1383 2914 est:
1400 2858 1447 2913 ubi
1462 2857 1553 2913 denuo
1565 2855 1641 2912 varia
1655 2870 1784 2927 perpessa
1798 2863 1854 2910 tor-

1054 2940 1156 2999 menta,
1173 2930 1201 2985 ia
1217 2946 1291 2987 mare
1309 2930 1486 3002 praecipitata,
1500 2928 1663 3000 martyrium
1680 2940 1856 2982 consumma·

1015 3036 1036 3097 G
1053 3003 1106 3086 vit:
1121 3003 1152 3059 ln
1168 3002 1389 3070 Sirmio,sanctae
1406 3001 1514 3057 Basillae
1526 2998 1652 3071 virginis.
1669 2996 1789 3055 Veronae
1800 2997 1854 3052 vir·

1049 3091 1131 3147 gaurs.
1148 3099 1157 3121 ·
1181 3073 1252 3130 Vide
1267 3091 1327 3147 quae
1343 3072 1376 3129 de
1391 3089 1423 3128 ea
1443 3072 1528 3130 habet
1543 3073 1653 3128 blesam

1081 3173 1189 3229 Mouau.
1204 3172 1320 3228 :abietis
1334 3171 1458 3241 civitate,
1475 3171 1611 3244 depositio
1628 3169 1717 3228 sancti
1736 3165 1855 3241 Adelpbi

1039 3245 1164 3371 agliscopi
1192 3252 1218 3300 et
1233 3243 1409 3300 confessoris.
1426 3246 1506 3313 Item,
1532 3242 1623 3300 sancti
1652 3239 1767 3319 llelizaei
1787 3256 1857 3314 pro-

1045 3334 1062 3389 p
1084 3326 1144 3372 eta.
1161 3315 1249 3386 Hujus
1264 3331 1372 3371 sacrum
1387 3333 1488 3388 corpus
1515 3315 1597 3370 etiam
1616 3322 1771 3381 mortuum,
1783 3327 1855 3367 mor-

1045 3388 1086 3443 tui
1104 3387 1314 3444 resuscitatione
1329 3388 1510 3460 peculiariter
1530 3387 1681 3458 gloriosum
1695 3403 1702 3452 ;
1718 3384 1856 3442 Ravenna

1045 3459 1221 3519 translatum.
1240 3459 1346 3515 honore
1361 3460 1500 3531 condigne
1524 3459 1687 3514 honoratur.
1704 3456 1737 3511 ln
1751 3454 1857 3512 Antio·

1046 3531 1108 3587 chia
1131 3530 1229 3603 Syriae,
1255 3533 1349 3586 natale
1371 3540 1529 3587 sanctorum
1553 3529 1643 3585 Nicea
1661 3534 1689 3584 et
1712 3525 1802 3585 Pauli.
1824 3527 1856 3583 ln

1047 3603 1140 3674 Syria,
1157 3604 1248 3659 natale
1271 3612 1372 3659 sancta
1392 3603 1515 3659 Basileae.
1539 3602 1569 3657 ln
1594 3601 1719 3657 Venusio
1740 3597 1856 3656 civitate

1046 3674 1166 3745 Apuliae,
1180 3673 1271 3730 natale
1282 3674 1384 3731 Felicis
1394 3673 1526 3746 episcopi.
1538 3672 1658 3731 Ciuitate
1668 3669 1855 3738 Tubroaeuse,

1046 3744 1169 3801 ianuarii
1199 3744 1375 3815 presbyteri,
1404 3753 1431 3800 et
1463 3743 1654 3801 Fortunatiani
1678 3751 1705 3798 et
1735 3740 1855 3814 Septimi

1046 3816 1181 3873 lectorum
1196 3834 1202 3872 :
1220 3816 1270 3888 qui
1286 3817 1337 3873 sub
1348 3816 1521 3873 Diocletiano
1536 3816 1725 3888 imperatores
1735 3812 1854 3882 hlagdel·

1046 3887 1121 3944 liano
1132 3894 1319 3958 procuratore,
1332 3888 1424 3960 gladio
1436 3887 1622 3945 consummati
1633 3894 1708 3943 suut.
1721 3883 1855 3943 ‘Videde

1046 3958 1090 4014 his
1114 3975 1181 4014 xxiv
1205 3958 1343 4016 Octobris.
1378 3984 1387 4007 ι
1414 3961 1541 4026 Veronae,
1565 3956 1682 4028 virginis
1704 3955 1804 4023 beate,
1824 3955 1853 4012 in

1046 4031 1163 4088 ecclesia
1186 4039 1287 4087 sanotae
1310 4031 1415 4088 Crucis.
1442 4056 1450 4078 ι
1480 4031 1550 4088 Dein
1574 4030 1650 4103 typis
1677 4027 1852 4092 minoribus,

1054 4102 1199 4158 «miliario
1223 4101 1257 4157 ab
1273 4102 1341 4158 urbe
1364 4103 1501 4170 bovanio,
1517 4104 1546 4158 in
1571 4107 1676 4164 moute,
1697 4099 1746 4174 qui
1770 4099 1806 4155 ab
1821 4113 1852 4154 ea

1046 4182 1146 4230 sanctas
1163 4174 1277 4229 Veronae
1297 4190 1398 4230 nomen
1420 4174 1536 4255 accepit.
1557 4173 1621 4229 llaec
1637 4170 1695 4227 lilia
1715 4169 1852 4250 Ludovici

1046 4244 1129 4316 regiis
1145 4244 1315 4301 Alamanniae
1330 4245 1552 4302 sanctimonialis
1567 4243 1621 4300 fuit
1640 4243 1669 4299 in
1683 4249 1852 4298 monasterio

1046 4332 1104 4372 ase
1120 4316 1238 4372 lundata
1253 4315 1287 4371 ad
1303 4318 1441 4386 Rhenum,
1451 4317 1526 4390 quod
1540 4314 1721 4373 Voreuhaute
1735 4313 1851 4380 dicitur,

225 4385 681 4447 Maenio-Caurus.-Ucrnaaucm:
699 4388 874 4446 ‹Decollatio
900 4389 990 4446 sancti
1005 4398 1029 4456 ι)
1046 4395 1072 4444 et
1098 4387 1244 4459 blaguntiae
1271 4388 1300 4442 in
1327 4390 1447 4445 Domino
1473 4386 1654 4444 obdormivit.
1673 4410 1682 4433 n
1704 4383 1853 4442 Editioues

190 4456 304 4540 Joanuis
315 4459 455 4533 Baptistae.
471 4459 579 4516 Sabina
594 4461 710 4533 virginis
725 4468 752 4518 et
766 4469 837 4518 mart
860 4461 908 4517 ris.
925 4486 934 4507 ι
952 4464 991 4517 Be

191 4543 245 4610 qua
267 4546 295 4586 m
322 4532 446 4604 margine
472 4541 545 4588 recte
564 4532 730 4590 adnotatur:
753 4557 762 4579 ‹
787 4534 821 4590 de
840 4479 895 4590 hac
918 4549 994 4589 nunc

190 4614 206 4654 a
227 4617 299 4658 imus
318 4604 618 4672 commemorationem,
643 4606 720 4677 quasi
737 4621 792 4660 uon
808 4613 878 4661 esset
903 4605 991 4677 virgo.

218 4670 320 4729 ederici
345 4675 451 4732 abbatis
474 4683 501 4730 et
524 4676 707 4732 confessoris.
732 4676 839 4732 Sabinae
864 4676 991 4748 virginis.

192 4740 322 4800 Candidas
338 4746 467 4818 virginis.
486 4770 495 4793 ·

228 4811 324 4870 Coosx
339 4816 486 4872 Bicormu.
501 4817 571 4887 sign.
587 4817 608 4871 P
621 4818 649 4885 ὅ,
668 4817 714 4890 qui
735 4817 788 4873 init
802 4817 853 4872 ΡΡ.
871 4815 992 4875 leesti·

189 4898 301 4955 norum,
318 4886 347 4942 in
374 4888 494 4959 margine
517 4888 630 4944 ascribit
645 4888 790 4945 recentiori
813 4903 913 4943 manu:
936 4889 992 4944 ‹ln

1046 4460 1211 4586 posteriores
1223 4460 1367 4530 corrigunt
1387 4462 1505 4532 priorem
1522 4459 1551 4514 in
1571 4456 1721 4524 blederico,
1736 4455 1785 4513 sed
1800 4457 1852 4512 lta·

1059 4530 1110 4587 icis
1126 4531 1225 4587 litteris
1240 4530 1376 4602 adjiciunt
1394 4532 1506 4587 aboatis.
1521 4532 1560 4586 De
1573 4529 1675 4584 Elizaeo
1690 4527 1807 4596 habeut,
1821 4536 1852 4584 ut
1873 4569 1877 4575 ·

1048 4618 1141 4674 supra.
1171 4603 1259 4658 Tum:
1283 4602 1388 4674 «Apud
1417 4603 1511 4659 urbem
1541 4599 1716 4667 lovanium,
1749 4599 1851 4655 natalis

1047 4674 1174 4740 Veronae,
1190 4673 1307 4746 virginis
1320 4673 1416 4742 beata,
1431 4674 1459 4729 in
1472 4673 1585 4730 ecclesia
1601 4681 1702 4729 sanctae
1714 4670 1823 4728 Crucis.
1835 4696 1843 4717 ·

1048 4745 1099 4800 Hic
1115 4746 1284 4800 omittuntur
1308 4746 1411 4811 omnia,
1436 4762 1495 4826 qum
1510 4745 1544 4801 de
1568 4751 1662 4800 sancta
1684 4741 1798 4800 Verona
1817 4759 1851 4797 eu

1047 4815 1132 4887 priori
1151 4815 1272 4871 editione
1289 4833 1372 4888 supra
1386 4817 1546 4873 distinctius
1561 4815 1699 4887 explicata
1714 4820 1790 4870 suut.
1806 4812 1851 4869 Se-

1046 4888 1158 4959 quitur:
1181 4911 1189 4932 ·
1205 4887 1309 4943 Eodem
1324 4889 1379 4955 die,
1399 4888 1542 4945 translatio
1558 4886 1645 4943 sancti
1661 4883 1785 4959 Adelphi
1796 4885 1851 4943 ble-

1046 4958 1132 5014 teasis
1146 4957 1266 5030 episcopi
1283 4967 1310 5014 ot
1324 4961 1499 5026 confessoris,
1515 4959 1662 5015 adnovum
1674 4955 1783 5014 Vitiare
1795 4972 1851 5012 mo·

189 4955 303 5015 civitate
312 4959 423 5031 Aquila,
437 4959 580 5016 coronatio
590 4958 661 5015 beati
672 4960 746 5016 Petri
754 4958 891 5016 Caelestini
926 4959 992 5015 atris

188 5031 287 5100 nostri,
305 5031 333 5087 iu
343 5047 398 5104 qua
412 5039 454 5087 est
467 5030 644 5103 indulgentia
656 5030 825 5103 abaptismo.
839 5054 848 5077 ›
865 4976 992 5087 Verbinc

188 5103 364 5173 cognoscitur
378 5103 477 5161 codex.

1046 5029 1209 5098 nasterium,
1235 5031 1367 5103 petitione
1394 5031 1530 5087 Lantlridi
1555 5028 1677 5102 episcopi
1711 5027 1852 5102 Brogonis

1045 5101 1186 5169 lietensis,
1200 5110 1323 5174 ternpore
1337 5102 1470 5159 Ludovici
1487 5102 1559 5174 pii.»

188 5508 226 5566 ιιι
245 5511 309 5567 Και.
1735 5513 1788 5569 Dia
1801 5511 1846 5568 30.

225 5597 320 5652 ltomae
333 5598 380 5654 via
395 5600 626 5675 Ostiensi,passio
637 5599 711 5658 beati
728 5600 828 5658 Felicis
842 5598 999 5673 presbiteri,
1009 5600 1060 5656 sub
1076 5600 1248 5658 Diocletiano
1262 5611 1289 5659 et
1303 5602 1471 5659 Maximiano
1486 5600 1710 5676 imperatoribus,
1721 5602 1769 5675 qui
1786 5611 1850 5676 post

189 5686 300 5760 equulei
316 5688 505 5759 vexationem,
522 5690 585 5747 data
599 5691 746 5761 sententia,
767 5709 830 5748 cum
845 5692 879 5749 ad
894 5691 1089 5750 decollandum
1110 5693 1268 5761 duceretur,
1288 5693 1388 5749 obaius
1406 5693 1431 5749 ei
1452 5692 1506 5749 luit
1526 5691 1637 5767 quidem
1650 5689 1846 5756 Christianus;

189 5773 236 5832 hio
251 5775 319 5832 dum
335 5789 365 5832 se
379 5774 568 5834 Christianum
582 5788 679 5852 sponte
696 5781 880 5854 profiteretur,
898 5798 963 5837 mox
975 5796 1036 5837 cum
1049 5779 1143 5837 eodem
1153 5780 1255 5854 pariter
1267 5780 1418 5840 decollatus
1432 5790 1482 5838 est.
1498 5778 1585 5852 llujm
1599 5795 1702 5837 nomen
1716 5779 1848 5854 ignoran-
