<?xml version="1.0" encoding="UTF-8"?>
<!DOCTYPE html PUBLIC "-//W3C//DTD XHTML 1.0 Transitional//EN"
    "http://www.w3.org/TR/xhtml1/DTD/xhtml1-transitional.dtd">
<html xmlns="http://www.w3.org/1999/xhtml" xml:lang="en" lang="en">
 <head>
  <title>
</title>
<meta http-equiv="Content-Type" content="text/html;charset=utf-8" />
  <meta name='ocr-system' content='tesseract 3.04.00' />
  <meta name='ocr-capabilities' content='ocr_page ocr_carea ocr_par ocr_line ocrx_word'/>
</head>
<body>
  <div class='ocr_page' id='page_1' title='image "./patrologiaecurs76unkngoog_0426.png"; bbox 0 0 3834 6136; ppageno 0'>
   <div class='ocr_carea' id='block_1_1' title="bbox 43 248 98 305">
    <p class='ocr_par' dir='ltr' id='par_1_1' title="bbox 43 248 98 305">
     <span class='ocr_line' id='line_1_1' title="bbox 43 248 98 305; baseline -0.018 0"><span class='ocrx_word' id='word_1_1' title='bbox 43 248 98 305; x_wconf 79' lang='lat' dir='ltr'>att</span> 
     </span>
    </p>
   </div>
   <div class='ocr_carea' id='block_1_2' title="bbox 581 247 1176 307">
    <p class='ocr_par' dir='ltr' id='par_1_2' title="bbox 581 247 1176 307">
     <span class='ocr_line' id='line_1_2' title="bbox 581 247 1176 307; baseline 0.003 -5"><span class='ocrx_word' id='word_1_2' title='bbox 581 247 897 306; x_wconf 82' lang='lat' dir='ltr'>MARTYROLOGIUM.</span> <span class='ocrx_word' id='word_1_3' title='bbox 919 280 953 290; x_wconf 94' lang='lat'>—</span> <span class='ocrx_word' id='word_1_4' title='bbox 973 248 1077 306; x_wconf 86' lang='lat' dir='ltr'>MENS.</span> <span class='ocrx_word' id='word_1_5' title='bbox 1097 250 1176 307; x_wconf 85' lang='lat' dir='ltr'>DEC.</span> 
     </span>
    </p>
   </div>
   <div class='ocr_carea' id='block_1_3' title="bbox 1654 256 1707 314">
    <p class='ocr_par' dir='ltr' id='par_1_3' title="bbox 1654 256 1707 314">
     <span class='ocr_line' id='line_1_3' title="bbox 1654 256 1707 314; baseline 0 0"><span class='ocrx_word' id='word_1_6' title='bbox 1654 256 1707 314; x_wconf 78' lang='lat' dir='ltr'>ata</span> 
     </span>
    </p>
   </div>
   <div class='ocr_carea' id='block_1_4' title="bbox 820 393 937 450">
    <p class='ocr_par' dir='ltr' id='par_1_4' title="bbox 820 393 937 450">
     <span class='ocr_line' id='line_1_4' title="bbox 820 393 937 450; baseline 0.017 -2"><span class='ocrx_word' id='word_1_7' title='bbox 820 393 937 450; x_wconf 79' lang='lat' dir='ltr'>NOTAE.</span> 
     </span>
    </p>
   </div>
   <div class='ocr_carea' id='block_1_5' title="bbox 44 504 1703 668">
    <p class='ocr_par' dir='ltr' id='par_1_5' title="bbox 44 504 1703 668">
     <span class='ocr_line' id='line_1_5' title="bbox 84 504 1703 586; baseline 0.004 -21"><span class='ocrx_word' id='word_1_8' title='bbox 84 510 131 565; x_wconf 89' lang='lat' dir='ltr'>Sic</span> <span class='ocrx_word' id='word_1_9' title='bbox 145 504 250 561; x_wconf 86' lang='lat' dir='ltr'>habent</span> <span class='ocrx_word' id='word_1_10' title='bbox 263 506 386 570; x_wconf 66' lang='lat' dir='ltr'>Protea,</span> <span class='ocrx_word' id='word_1_11' title='bbox 407 506 555 573; x_wconf 70' lang='lat' dir='ltr'>Heinrich„</span> <span class='ocrx_word' id='word_1_12' title='bbox 580 506 810 578; x_wconf 67' lang='lat' dir='ltr'>Asterop-lim„</span> <span class='ocrx_word' id='word_1_13' title='bbox 827 509 976 578; x_wconf 69' lang='lat' dir='ltr'>lloswepcl,</span> <span class='ocrx_word' id='word_1_14' title='bbox 994 508 1124 580; x_wconf 87' lang='lat' dir='ltr'>Antnerp.</span> <span class='ocrx_word' id='word_1_15' title='bbox 1141 516 1168 564; x_wconf 88' lang='lat' dir='ltr'>et</span> <span class='ocrx_word' id='word_1_16' title='bbox 1182 511 1377 579; x_wconf 68' lang='lat' dir='ltr'>Mae-Labec,</span> <span class='ocrx_word' id='word_1_17' title='bbox 1407 512 1517 569; x_wconf 81' lang='lat' dir='ltr'>Greuen.</span> <span class='ocrx_word' id='word_1_18' title='bbox 1535 520 1562 569; x_wconf 88' lang='lat' dir='ltr'>et</span> <span class='ocrx_word' id='word_1_19' title='bbox 1589 517 1703 586; x_wconf 64' lang='lat' dir='ltr'>Melan„</span> 
     </span>
     <span class='ocr_line' id='line_1_6' title="bbox 44 595 1051 668; baseline -0.003 -14"><span class='ocrx_word' id='word_1_20' title='bbox 44 596 297 668; x_wconf 58' lang='lat' dir='ltr'>Ansam-star,</span> <span class='ocrx_word' id='word_1_21' title='bbox 313 595 462 664; x_wconf 73' lang='lat' dir='ltr'>llltroject,</span> <span class='ocrx_word' id='word_1_22' title='bbox 475 595 577 663; x_wconf 79' lang='lat' dir='ltr'>chdea</span> <span class='ocrx_word' id='word_1_23' title='bbox 591 603 618 650; x_wconf 91' lang='lat' dir='ltr'>et</span> <span class='ocrx_word' id='word_1_24' title='bbox 633 596 776 652; x_wconf 86' lang='lat' dir='ltr'>Laeanien.</span> <span class='ocrx_word' id='word_1_25' title='bbox 792 611 900 651; x_wconf 81' lang='lat' dir='ltr'>necnon</span> <span class='ocrx_word' id='word_1_26' title='bbox 913 597 1051 652; x_wconf 86' lang='lat' dir='ltr'>Centnlen.</span> 
     </span>
    </p>
   </div>
   <div class='ocr_carea' id='block_1_6' title="bbox 668 728 1093 788">
    <p class='ocr_par' dir='ltr' id='par_1_6' title="bbox 668 728 1093 788">
     <span class='ocr_line' id='line_1_7' title="bbox 668 728 1093 788; baseline 0.012 -5"><span class='ocrx_word' id='word_1_27' title='bbox 668 728 869 785; x_wconf 81' lang='lat' dir='ltr'>VARIANTES</span> <span class='ocrx_word' id='word_1_28' title='bbox 887 730 1093 788; x_wconf 84' lang='lat' dir='ltr'>LECTIONES.</span> 
     </span>
    </p>
   </div>
   <div class='ocr_carea' id='block_1_7' title="bbox 48 826 1706 977">
    <p class='ocr_par' dir='ltr' id='par_1_7' title="bbox 48 826 1706 977">
     <span class='ocr_line' id='line_1_8' title="bbox 83 826 1706 909; baseline 0.007 -20"><span class='ocrx_word' id='word_1_29' title='bbox 83 833 217 891; x_wconf 81' lang='lat' dir='ltr'>Diversae</span> <span class='ocrx_word' id='word_1_30' title='bbox 231 826 370 909; x_wconf 84' lang='lat' dir='ltr'>scribendi</span> <span class='ocrx_word' id='word_1_31' title='bbox 385 827 516 909; x_wconf 81' lang='lat' dir='ltr'>modosip</span> <span class='ocrx_word' id='word_1_32' title='bbox 533 828 743 898; x_wconf 74' lang='lat' dir='ltr'><em>Hierosolymam</em></span> <span class='ocrx_word' id='word_1_33' title='bbox 752 837 851 900; x_wconf 89' lang='lat' dir='ltr'>proto·</span> <span class='ocrx_word' id='word_1_34' title='bbox 867 835 893 894; x_wconf 80' lang='lat' dir='ltr'>A</span> <span class='ocrx_word' id='word_1_35' title='bbox 907 833 946 887; x_wconf 91' lang='lat' dir='ltr'>ita</span> <span class='ocrx_word' id='word_1_36' title='bbox 960 833 1137 902; x_wconf 79' lang='lat' dir='ltr'>Martiniano,</span> <span class='ocrx_word' id='word_1_37' title='bbox 1153 834 1183 891; x_wconf 89' lang='lat' dir='ltr'>in</span> <span class='ocrx_word' id='word_1_38' title='bbox 1198 837 1334 909; x_wconf 88' lang='lat' dir='ltr'>Antuerp.</span> <span class='ocrx_word' id='word_1_39' title='bbox 1349 845 1376 893; x_wconf 92' lang='lat' dir='ltr'>et</span> <span class='ocrx_word' id='word_1_40' title='bbox 1397 838 1598 908; x_wconf 66' lang='lat' dir='ltr'>Man-Labeo„</span> <span class='ocrx_word' id='word_1_41' title='bbox 1608 843 1706 901; x_wconf 89' lang='lat' dir='ltr'>Ultra-</span> 
     </span>
     <span class='ocr_line' id='line_1_9' title="bbox 48 899 1656 977; baseline 0.006 -17"><span class='ocrx_word' id='word_1_42' title='bbox 48 904 193 976; x_wconf 75' lang='lat' dir='ltr'>martyris,</span> <span class='ocrx_word' id='word_1_43' title='bbox 206 902 252 957; x_wconf 86' lang='lat' dir='ltr'>aia</span> <span class='ocrx_word' id='word_1_44' title='bbox 266 901 367 971; x_wconf 82' lang='lat' dir='ltr'>Appia,</span> <span class='ocrx_word' id='word_1_45' title='bbox 382 899 518 969; x_wconf 77' lang='lat' dir='ltr'>Dionysii,</span> <span class='ocrx_word' id='word_1_46' title='bbox 539 906 603 967; x_wconf 83' lang='lat' dir='ltr'>etc,</span> <span class='ocrx_word' id='word_1_47' title='bbox 628 915 684 955; x_wconf 89' lang='lat' dir='ltr'>non</span> <span class='ocrx_word' id='word_1_48' title='bbox 706 915 848 958; x_wconf 88' lang='lat' dir='ltr'>enumero.</span> <span class='ocrx_word' id='word_1_49' title='bbox 903 903 1000 976; x_wconf 73' lang='lat' dir='ltr'>iactet</span> <span class='ocrx_word' id='word_1_50' title='bbox 1010 904 1223 977; x_wconf 84' lang='lat' dir='ltr'>Leydenmulto</span> <span class='ocrx_word' id='word_1_51' title='bbox 1233 909 1325 964; x_wconf 88' lang='lat' dir='ltr'>minus</span> <span class='ocrx_word' id='word_1_52' title='bbox 1335 909 1502 966; x_wconf 72' lang='lat' dir='ltr'>Maximiano</span> <span class='ocrx_word' id='word_1_53' title='bbox 1512 911 1656 971; x_wconf 89' lang='lat' dir='ltr'>inAntuer</span> 
     </span>
    </p>
   </div>
   <div class='ocr_carea' id='block_1_8' title="bbox 48 970 856 1395">
    <p class='ocr_par' dir='ltr' id='par_1_8' title="bbox 48 970 856 1395">
     <span class='ocr_line' id='line_1_10' title="bbox 48 970 852 1047; baseline -0.007 -15"><span class='ocrx_word' id='word_1_54' title='bbox 48 971 264 1047; x_wconf 85' lang='lat' dir='ltr'>Antuerp.·ldaj.</span> <span class='ocrx_word' id='word_1_55' title='bbox 280 970 494 1042; x_wconf 82' lang='lat' dir='ltr'>propassionem</span> <span class='ocrx_word' id='word_1_56' title='bbox 510 970 610 1026; x_wconf 86' lang='lat' dir='ltr'>Cliristi</span> <span class='ocrx_word' id='word_1_57' title='bbox 625 970 691 1042; x_wconf 87' lang='lat' dir='ltr'>legit</span> <span class='ocrx_word' id='word_1_58' title='bbox 703 973 852 1041; x_wconf 74' lang='lat' dir='ltr'><strong><em>passionem</em></strong></span> 
     </span>
     <span class='ocr_line' id='line_1_11' title="bbox 48 1041 850 1114; baseline -0.006 -11"><span class='ocrx_word' id='word_1_59' title='bbox 48 1048 169 1104; x_wconf 82' lang='lat' dir='ltr'>Domini.</span> <span class='ocrx_word' id='word_1_60' title='bbox 195 1046 228 1101; x_wconf 92' lang='lat' dir='ltr'>ln</span> <span class='ocrx_word' id='word_1_61' title='bbox 242 1043 361 1099; x_wconf 90' lang='lat' dir='ltr'>Greven.</span> <span class='ocrx_word' id='word_1_62' title='bbox 386 1050 447 1112; x_wconf 88' lang='lat' dir='ltr'>post</span> <span class='ocrx_word' id='word_1_63' title='bbox 473 1041 632 1095; x_wconf 75' lang='lat' dir='ltr'>ascensionis</span> <span class='ocrx_word' id='word_1_64' title='bbox 654 1043 731 1098; x_wconf 80' lang='lat' dir='ltr'>deest</span> <span class='ocrx_word' id='word_1_65' title='bbox 756 1044 850 1114; x_wconf 86' lang='lat' dir='ltr'>ipsias.</span> 
     </span>
     <span class='ocr_line' id='line_1_12' title="bbox 49 1113 853 1183; baseline -0.006 -8"><span class='ocrx_word' id='word_1_66' title='bbox 49 1119 112 1176; x_wconf 85' lang='lat' dir='ltr'>Non</span> <span class='ocrx_word' id='word_1_67' title='bbox 135 1125 192 1173; x_wconf 87' lang='lat' dir='ltr'>tam</span> <span class='ocrx_word' id='word_1_68' title='bbox 221 1115 291 1169; x_wconf 90' lang='lat' dir='ltr'>male</span> <span class='ocrx_word' id='word_1_69' title='bbox 307 1113 418 1183; x_wconf 84' lang='lat' dir='ltr'>scripsit</span> <span class='ocrx_word' id='word_1_70' title='bbox 442 1113 586 1168; x_wconf 88' lang='lat' dir='ltr'>Centulen.</span> <span class='ocrx_word' id='word_1_71' title='bbox 609 1114 700 1167; x_wconf 77' lang='lat' dir='ltr'>alarias</span> <span class='ocrx_word' id='word_1_72' title='bbox 722 1117 853 1182; x_wconf 79' lang='lat' dir='ltr'>retalsit;</span> 
     </span>
     <span class='ocr_line' id='line_1_13' title="bbox 51 1183 854 1262; baseline -0.005 -16"><span class='ocrx_word' id='word_1_73' title='bbox 51 1190 99 1246; x_wconf 88' lang='lat' dir='ltr'>sed</span> <span class='ocrx_word' id='word_1_74' title='bbox 109 1187 188 1262; x_wconf 86' lang='lat' dir='ltr'>pejus</span> <span class='ocrx_word' id='word_1_75' title='bbox 196 1188 227 1242; x_wconf 92' lang='lat' dir='ltr'>in</span> <span class='ocrx_word' id='word_1_76' title='bbox 237 1187 404 1255; x_wconf 90' lang='lat' dir='ltr'>Antuerp.et</span> <span class='ocrx_word' id='word_1_77' title='bbox 416 1183 607 1240; x_wconf 69' lang='lat' dir='ltr'>Man-Lumo.</span> <span class='ocrx_word' id='word_1_78' title='bbox 623 1185 737 1254; x_wconf 67' lang='lat' dir='ltr'>spailart,</span> <span class='ocrx_word' id='word_1_79' title='bbox 754 1195 854 1258; x_wconf 89' lang='lat' dir='ltr'>praeter</span> 
     </span>
     <span class='ocr_line' id='line_1_14' title="bbox 52 1253 853 1329; baseline -0.004 -13"><span class='ocrx_word' id='word_1_80' title='bbox 52 1261 127 1316; x_wconf 85' lang='lat' dir='ltr'>aliat</span> <span class='ocrx_word' id='word_1_81' title='bbox 167 1256 317 1329; x_wconf 90' lang='lat' dir='ltr'>ographica</span> <span class='ocrx_word' id='word_1_82' title='bbox 328 1253 437 1322; x_wconf 91' lang='lat' dir='ltr'>menda,</span> <span class='ocrx_word' id='word_1_83' title='bbox 449 1270 509 1326; x_wconf 79' lang='lat' dir='ltr'>quae</span> <span class='ocrx_word' id='word_1_84' title='bbox 521 1255 550 1309; x_wconf 90' lang='lat' dir='ltr'>in</span> <span class='ocrx_word' id='word_1_85' title='bbox 579 1255 853 1328; x_wconf 87' lang='lat' dir='ltr'>osteriorireperiun·</span> 
     </span>
     <span class='ocr_line' id='line_1_15' title="bbox 52 1272 856 1395; baseline -0.002 -8"><span class='ocrx_word' id='word_1_86' title='bbox 52 1340 108 1387; x_wconf 90' lang='lat' dir='ltr'>tur.</span> <span class='ocrx_word' id='word_1_87' title='bbox 125 1277 273 1395; x_wconf 71' lang='lat' dir='ltr'>diirtiano,</span> <span class='ocrx_word' id='word_1_88' title='bbox 286 1326 329 1381; x_wconf 88' lang='lat' dir='ltr'>vel</span> <span class='ocrx_word' id='word_1_89' title='bbox 344 1326 493 1391; x_wconf 67' lang='lat' dir='ltr'>illaesione,</span> <span class='ocrx_word' id='word_1_90' title='bbox 519 1272 614 1382; x_wconf 70' lang='lat' dir='ltr'>cadim</span> <span class='ocrx_word' id='word_1_91' title='bbox 628 1328 774 1395; x_wconf 89' lang='lat' dir='ltr'>recidunt;</span> <span class='ocrx_word' id='word_1_92' title='bbox 800 1345 856 1385; x_wconf 88' lang='lat' dir='ltr'>nou</span> 
     </span>
    </p>
   </div>
   <div class='ocr_carea' id='block_1_9' title="bbox 908 933 1707 1339">
    <p class='ocr_par' dir='ltr' id='par_1_9' title="bbox 908 933 1707 1339">
     <span class='ocr_line' id='line_1_16' title="bbox 908 933 1707 1065; baseline 0.018 -36"><span class='ocrx_word' id='word_1_93' title='bbox 908 976 981 1056; x_wconf 81' lang='lat' dir='ltr'>Max.</span> <span class='ocrx_word' id='word_1_94' title='bbox 997 984 1024 1031; x_wconf 89' lang='lat' dir='ltr'>el</span> <span class='ocrx_word' id='word_1_95' title='bbox 1039 977 1188 1033; x_wconf 87' lang='lat' dir='ltr'>Lovanien.</span> <span class='ocrx_word' id='word_1_96' title='bbox 1204 979 1260 1034; x_wconf 87' lang='lat' dir='ltr'>Nec</span> <span class='ocrx_word' id='word_1_97' title='bbox 1274 996 1333 1035; x_wconf 90' lang='lat' dir='ltr'>rem</span> <span class='ocrx_word' id='word_1_98' title='bbox 1352 981 1493 1052; x_wconf 81' lang='lat' dir='ltr'>explicant</span> <span class='ocrx_word' id='word_1_99' title='bbox 1508 985 1649 1065; x_wconf 89' lang='lat' dir='ltr'>supposita</span> <span class='ocrx_word' id='word_1_100' title='bbox 1658 933 1707 1043; x_wconf 70' lang='lat' dir='ltr'>iris</span> 
     </span>
     <span class='ocr_line' id='line_1_17' title="bbox 908 1048 1707 1120; baseline 0.016 -20"><span class='ocrx_word' id='word_1_101' title='bbox 908 1048 1025 1102; x_wconf 83' lang='lat' dir='ltr'>altorum</span> <span class='ocrx_word' id='word_1_102' title='bbox 1038 1048 1236 1120; x_wconf 88' lang='lat' dir='ltr'>imperatorum</span> <span class='ocrx_word' id='word_1_103' title='bbox 1245 1052 1369 1119; x_wconf 90' lang='lat' dir='ltr'>nomina,</span> <span class='ocrx_word' id='word_1_104' title='bbox 1380 1067 1442 1108; x_wconf 89' lang='lat' dir='ltr'>cum</span> <span class='ocrx_word' id='word_1_105' title='bbox 1452 1053 1481 1107; x_wconf 90' lang='lat' dir='ltr'>in</span> <span class='ocrx_word' id='word_1_106' title='bbox 1492 1055 1569 1111; x_wconf 83' lang='lat' dir='ltr'>Actis</span> <span class='ocrx_word' id='word_1_107' title='bbox 1577 1056 1707 1113; x_wconf 86' lang='lat' dir='ltr'>Mambri·</span> 
     </span>
     <span class='ocr_line' id='line_1_18' title="bbox 909 1118 1705 1199; baseline 0.016 -27"><span class='ocrx_word' id='word_1_108' title='bbox 909 1118 1003 1199; x_wconf 80' lang='lat' dir='ltr'>tianis,</span> <span class='ocrx_word' id='word_1_109' title='bbox 1016 1120 1178 1188; x_wconf 80' lang='lat' dir='ltr'>Martianus,</span> <span class='ocrx_word' id='word_1_110' title='bbox 1190 1119 1445 1194; x_wconf 89' lang='lat' dir='ltr'>absquedignitatis</span> <span class='ocrx_word' id='word_1_111' title='bbox 1464 1124 1548 1182; x_wconf 91' lang='lat' dir='ltr'>titulo</span> <span class='ocrx_word' id='word_1_112' title='bbox 1558 1127 1705 1197; x_wconf 84' lang='lat' dir='ltr'>referatur,</span> 
     </span>
     <span class='ocr_line' id='line_1_19' title="bbox 910 1192 1706 1267; baseline 0.015 -25"><span class='ocrx_word' id='word_1_113' title='bbox 910 1204 1035 1260; x_wconf 74' lang='lat' dir='ltr'>passione</span> <span class='ocrx_word' id='word_1_114' title='bbox 1050 1197 1108 1245; x_wconf 88' lang='lat' dir='ltr'>tota</span> <span class='ocrx_word' id='word_1_115' title='bbox 1122 1200 1177 1246; x_wconf 79' lang='lat' dir='ltr'>mm</span> <span class='ocrx_word' id='word_1_116' title='bbox 1189 1192 1379 1248; x_wconf 77' lang='lat' dir='ltr'>incredibilem</span> <span class='ocrx_word' id='word_1_117' title='bbox 1392 1194 1419 1248; x_wconf 90' lang='lat' dir='ltr'>in</span> <span class='ocrx_word' id='word_1_118' title='bbox 1434 1196 1546 1250; x_wconf 89' lang='lat' dir='ltr'>modum</span> <span class='ocrx_word' id='word_1_119' title='bbox 1561 1207 1706 1267; x_wconf 85' lang='lat' dir='ltr'>exornata,</span> 
     </span>
     <span class='ocr_line' id='line_1_20' title="bbox 911 1260 1707 1339; baseline 0.016 -26"><span class='ocrx_word' id='word_1_120' title='bbox 911 1267 941 1314; x_wconf 88' lang='lat' dir='ltr'>ut</span> <span class='ocrx_word' id='word_1_121' title='bbox 954 1260 1150 1317; x_wconf 88' lang='lat' dir='ltr'>difficillimum</span> <span class='ocrx_word' id='word_1_122' title='bbox 1160 1263 1196 1317; x_wconf 93' lang='lat' dir='ltr'>sit</span> <span class='ocrx_word' id='word_1_123' title='bbox 1207 1263 1478 1322; x_wconf 84' lang='lat' dir='ltr'>verisimilitudinem</span> <span class='ocrx_word' id='word_1_124' title='bbox 1490 1283 1523 1321; x_wconf 81' lang='lat' dir='ltr'>ex</span> <span class='ocrx_word' id='word_1_125' title='bbox 1537 1267 1595 1339; x_wconf 89' lang='lat' dir='ltr'>ipsa</span> <span class='ocrx_word' id='word_1_126' title='bbox 1602 1284 1707 1327; x_wconf 89' lang='lat' dir='ltr'>eruere.</span> 
     </span>
    </p>
   </div>
   <div class='ocr_carea' id='block_1_10' title="bbox 736 1466 1039 1526">
    <p class='ocr_par' dir='ltr' id='par_1_10' title="bbox 736 1466 1039 1526">
     <span class='ocr_line' id='line_1_21' title="bbox 736 1466 1039 1526; baseline 0.017 -6"><span class='ocrx_word' id='word_1_127' title='bbox 736 1466 1039 1526; x_wconf 82' lang='lat' dir='ltr'>OBSERVATIONES.</span> 
     </span>
    </p>
   </div>
   <div class='ocr_carea' id='block_1_11' title="bbox 54 1563 859 2422">
    <p class='ocr_par' dir='ltr' id='par_1_11' title="bbox 54 1563 859 2422">
     <span class='ocr_line' id='line_1_22' title="bbox 91 1563 859 1634; baseline -0.005 -9"><span class='ocrx_word' id='word_1_128' title='bbox 91 1565 212 1625; x_wconf 87' lang='lat' dir='ltr'>Diffiteri</span> <span class='ocrx_word' id='word_1_129' title='bbox 228 1580 282 1620; x_wconf 90' lang='lat' dir='ltr'>non</span> <span class='ocrx_word' id='word_1_130' title='bbox 299 1579 444 1634; x_wconf 88' lang='lat' dir='ltr'>possumus</span> <span class='ocrx_word' id='word_1_131' title='bbox 458 1563 548 1619; x_wconf 90' lang='lat' dir='ltr'>varias</span> <span class='ocrx_word' id='word_1_132' title='bbox 562 1579 619 1620; x_wconf 93' lang='lat' dir='ltr'>esse</span> <span class='ocrx_word' id='word_1_133' title='bbox 643 1565 714 1618; x_wconf 88' lang='lat' dir='ltr'>inter</span> <span class='ocrx_word' id='word_1_134' title='bbox 736 1565 859 1621; x_wconf 89' lang='lat' dir='ltr'>eruditos</span> 
     </span>
     <span class='ocr_line' id='line_1_23' title="bbox 56 1635 858 1704; baseline -0.007 -7"><span class='ocrx_word' id='word_1_135' title='bbox 56 1641 93 1697; x_wconf 91' lang='lat' dir='ltr'>de</span> <span class='ocrx_word' id='word_1_136' title='bbox 107 1635 272 1695; x_wconf 82' lang='lat' dir='ltr'>sanctissimi</span> <span class='ocrx_word' id='word_1_137' title='bbox 288 1636 513 1704; x_wconf 78' lang='lat' dir='ltr'>Prota-martyris</span> <span class='ocrx_word' id='word_1_138' title='bbox 532 1635 629 1702; x_wconf 83' lang='lat' dir='ltr'>natali,</span> <span class='ocrx_word' id='word_1_139' title='bbox 646 1636 808 1691; x_wconf 81' lang='lat' dir='ltr'>inventione</span> <span class='ocrx_word' id='word_1_140' title='bbox 832 1644 858 1692; x_wconf 89' lang='lat' dir='ltr'>et</span> 
     </span>
     <span class='ocr_line' id='line_1_24' title="bbox 56 1705 858 1777; baseline -0.006 -10"><span class='ocrx_word' id='word_1_141' title='bbox 56 1708 238 1766; x_wconf 86' lang='lat' dir='ltr'>translatione</span> <span class='ocrx_word' id='word_1_142' title='bbox 250 1706 406 1777; x_wconf 87' lang='lat' dir='ltr'>opiniones,</span> <span class='ocrx_word' id='word_1_143' title='bbox 417 1713 447 1759; x_wconf 92' lang='lat' dir='ltr'>ut</span> <span class='ocrx_word' id='word_1_144' title='bbox 463 1721 518 1760; x_wconf 86' lang='lat' dir='ltr'>nor.</span> <span class='ocrx_word' id='word_1_145' title='bbox 535 1705 650 1761; x_wconf 90' lang='lat' dir='ltr'>obscure</span> <span class='ocrx_word' id='word_1_146' title='bbox 665 1713 805 1761; x_wconf 88' lang='lat' dir='ltr'>ostensum</span> <span class='ocrx_word' id='word_1_147' title='bbox 817 1715 858 1762; x_wconf 89' lang='lat' dir='ltr'>est</span> 
     </span>
     <span class='ocr_line' id='line_1_25' title="bbox 55 1776 857 1902; baseline -0.007 -64"><span class='ocrx_word' id='word_1_148' title='bbox 55 1783 91 1838; x_wconf 90' lang='lat' dir='ltr'>ad</span> <span class='ocrx_word' id='word_1_149' title='bbox 108 1781 181 1836; x_wconf 90' lang='lat' dir='ltr'>diem</span> <span class='ocrx_word' id='word_1_150' title='bbox 196 1794 228 1834; x_wconf 86' lang='lat' dir='ltr'>nr</span> <span class='ocrx_word' id='word_1_151' title='bbox 247 1776 374 1848; x_wconf 75' lang='lat' dir='ltr'>Augusti,</span> <span class='ocrx_word' id='word_1_152' title='bbox 391 1792 446 1848; x_wconf 93' lang='lat' dir='ltr'>quo</span> <span class='ocrx_word' id='word_1_153' title='bbox 461 1776 490 1831; x_wconf 91' lang='lat' dir='ltr'>in</span> <span class='ocrx_word' id='word_1_154' title='bbox 515 1776 721 1902; x_wconf 72' lang='lat' dir='ltr'>Martyrologpis</span> <span class='ocrx_word' id='word_1_155' title='bbox 743 1776 803 1846; x_wconf 90' lang='lat' dir='ltr'>ejus</span> <span class='ocrx_word' id='word_1_156' title='bbox 817 1778 857 1832; x_wconf 92' lang='lat' dir='ltr'>in·</span> 
     </span>
     <span class='ocr_line' id='line_1_26' title="bbox 55 1848 858 1915; baseline -0.005 -7"><span class='ocrx_word' id='word_1_157' title='bbox 55 1850 153 1908; x_wconf 88' lang='lat' dir='ltr'>ventio</span> <span class='ocrx_word' id='word_1_158' title='bbox 170 1848 312 1915; x_wconf 88' lang='lat' dir='ltr'>recolitur,</span> <span class='ocrx_word' id='word_1_159' title='bbox 329 1848 437 1903; x_wconf 89' lang='lat' dir='ltr'>tametsi</span> <span class='ocrx_word' id='word_1_160' title='bbox 461 1864 496 1902; x_wconf 83' lang='lat' dir='ltr'>ex</span> <span class='ocrx_word' id='word_1_161' title='bbox 514 1848 629 1904; x_wconf 90' lang='lat' dir='ltr'>Luciani</span> <span class='ocrx_word' id='word_1_162' title='bbox 645 1864 673 1903; x_wconf 89' lang='lat' dir='ltr'>re</span> <span class='ocrx_word' id='word_1_163' title='bbox 685 1848 786 1914; x_wconf 89' lang='lat' dir='ltr'>atione,</span> <span class='ocrx_word' id='word_1_164' title='bbox 799 1864 858 1904; x_wconf 90' lang='lat' dir='ltr'>eam</span> 
     </span>
     <span class='ocr_line' id='line_1_27' title="bbox 55 1919 858 1990; baseline -0.009 -10"><span class='ocrx_word' id='word_1_165' title='bbox 55 1925 157 1980; x_wconf 87' lang='lat' dir='ltr'>laetam</span> <span class='ocrx_word' id='word_1_166' title='bbox 172 1926 281 1978; x_wconf 90' lang='lat' dir='ltr'>constet</span> <span class='ocrx_word' id='word_1_167' title='bbox 295 1935 346 1973; x_wconf 86' lang='grc' dir='ltr'>ιιιιι</span> <span class='ocrx_word' id='word_1_168' title='bbox 360 1919 527 1974; x_wconf 81' lang='lat' dir='ltr'>Decembris.</span> <span class='ocrx_word' id='word_1_169' title='bbox 550 1919 621 1974; x_wconf 86' lang='lat' dir='ltr'>ltine</span> <span class='ocrx_word' id='word_1_170' title='bbox 640 1919 725 1990; x_wconf 91' lang='lat' dir='ltr'>aliqui</span> <span class='ocrx_word' id='word_1_171' title='bbox 743 1935 798 1973; x_wconf 91' lang='lat' dir='ltr'>nan</span> <span class='ocrx_word' id='word_1_172' title='bbox 817 1919 858 1973; x_wconf 93' lang='lat' dir='ltr'>in·</span> 
     </span>
     <span class='ocr_line' id='line_1_28' title="bbox 54 1989 857 2051; baseline -0.006 -1"><span class='ocrx_word' id='word_1_173' title='bbox 54 1992 249 2051; x_wconf 87' lang='lat' dir='ltr'>verisimiliter</span> <span class='ocrx_word' id='word_1_174' title='bbox 258 1990 398 2046; x_wconf 89' lang='lat' dir='ltr'>deducunt</span> <span class='ocrx_word' id='word_1_175' title='bbox 411 1989 573 2044; x_wconf 88' lang='lat' dir='ltr'>hodiernam</span> <span class='ocrx_word' id='word_1_176' title='bbox 585 1989 763 2045; x_wconf 86' lang='lat' dir='ltr'>testivitatem</span> <span class='ocrx_word' id='word_1_177' title='bbox 772 1997 857 2045; x_wconf 90' lang='lat' dir='ltr'>trans-</span> 
     </span>
     <span class='ocr_line' id='line_1_29' title="bbox 54 2059 858 2135; baseline -0.01 -13"><span class='ocrx_word' id='word_1_178' title='bbox 54 2065 154 2123; x_wconf 86' lang='lat' dir='ltr'>lationi</span> <span class='ocrx_word' id='word_1_179' title='bbox 170 2063 320 2135; x_wconf 59' lang='lat' dir='ltr'>primates</span> <span class='ocrx_word' id='word_1_180' title='bbox 330 2061 444 2131; x_wconf 90' lang='lat' dir='ltr'>antiquo</span> <span class='ocrx_word' id='word_1_181' title='bbox 458 2059 491 2114; x_wconf 90' lang='lat' dir='ltr'>ad</span> <span class='ocrx_word' id='word_1_182' title='bbox 508 2077 611 2115; x_wconf 90' lang='lat' dir='ltr'>novum</span> <span class='ocrx_word' id='word_1_183' title='bbox 626 2061 792 2132; x_wconf 88' lang='lat' dir='ltr'>sepulcrum,</span> <span class='ocrx_word' id='word_1_184' title='bbox 809 2077 858 2133; x_wconf 87' lang='lat' dir='ltr'>ap-</span> 
     </span>
     <span class='ocr_line' id='line_1_30' title="bbox 56 2132 858 2203; baseline -0.009 -10"><span class='ocrx_word' id='word_1_185' title='bbox 56 2136 110 2193; x_wconf 87' lang='lat' dir='ltr'>tari</span> <span class='ocrx_word' id='word_1_186' title='bbox 124 2133 350 2191; x_wconf 87' lang='lat' dir='ltr'>commodissime</span> <span class='ocrx_word' id='word_1_187' title='bbox 362 2148 451 2203; x_wconf 84' lang='lat' dir='ltr'>posse.</span> <span class='ocrx_word' id='word_1_188' title='bbox 467 2132 502 2186; x_wconf 88' lang='lat' dir='ltr'>At</span> <span class='ocrx_word' id='word_1_189' title='bbox 524 2148 590 2187; x_wconf 90' lang='lat' dir='ltr'>vero</span> <span class='ocrx_word' id='word_1_190' title='bbox 614 2139 858 2203; x_wconf 88' lang='lat' dir='ltr'>quantumcunque</span> 
     </span>
     <span class='ocr_line' id='line_1_31' title="bbox 56 2202 859 2274; baseline -0.011 -9"><span class='ocrx_word' id='word_1_191' title='bbox 56 2208 118 2264; x_wconf 78' lang='lat' dir='ltr'>hac</span> <span class='ocrx_word' id='word_1_192' title='bbox 149 2204 285 2261; x_wconf 88' lang='lat' dir='ltr'>robabilia</span> <span class='ocrx_word' id='word_1_193' title='bbox 298 2221 354 2258; x_wconf 86' lang='lat' dir='ltr'>esse</span> <span class='ocrx_word' id='word_1_194' title='bbox 369 2203 504 2269; x_wconf 84' lang='lat' dir='ltr'>cleantes,</span> <span class='ocrx_word' id='word_1_195' title='bbox 521 2202 637 2258; x_wconf 86' lang='lat' dir='ltr'>inficiari</span> <span class='ocrx_word' id='word_1_196' title='bbox 655 2203 762 2274; x_wconf 88' lang='lat' dir='ltr'>nequis,</span> <span class='ocrx_word' id='word_1_197' title='bbox 779 2204 859 2258; x_wconf 91' lang='lat' dir='ltr'>veri-</span> 
     </span>
     <span class='ocr_line' id='line_1_32' title="bbox 56 2224 859 2346; baseline -0.009 -11"><span class='ocrx_word' id='word_1_198' title='bbox 56 2224 272 2335; x_wconf 73' lang='lat' dir='ltr'>similitudinem</span> <span class='ocrx_word' id='word_1_199' title='bbox 287 2276 363 2329; x_wconf 89' lang='lat' dir='ltr'>illam</span> <span class='ocrx_word' id='word_1_200' title='bbox 375 2273 537 2346; x_wconf 89' lang='lat' dir='ltr'>gravissima</span> <span class='ocrx_word' id='word_1_201' title='bbox 551 2274 716 2329; x_wconf 89' lang='lat' dir='ltr'>auctoritate</span> <span class='ocrx_word' id='word_1_202' title='bbox 729 2274 806 2340; x_wconf 89' lang='lat' dir='ltr'>elidi,</span> <span class='ocrx_word' id='word_1_203' title='bbox 824 2290 859 2329; x_wconf 82' lang='lat' dir='ltr'>ex</span> 
     </span>
     <span class='ocr_line' id='line_1_33' title="bbox 55 2345 859 2422; baseline -0.01 -15"><span class='ocrx_word' id='word_1_204' title='bbox 55 2348 246 2422; x_wconf 88' lang='lat' dir='ltr'>receptissima</span> <span class='ocrx_word' id='word_1_205' title='bbox 278 2346 361 2401; x_wconf 90' lang='lat' dir='ltr'>tatius</span> <span class='ocrx_word' id='word_1_206' title='bbox 388 2345 516 2400; x_wconf 79' lang='lat' dir='ltr'>Ecclesiae</span> <span class='ocrx_word' id='word_1_207' title='bbox 534 2352 756 2416; x_wconf 65' lang='lat' dir='ltr'>sententiaque</span> <span class='ocrx_word' id='word_1_208' title='bbox 784 2345 859 2400; x_wconf 89' lang='lat' dir='ltr'>hunc</span> 
     </span>
    </p>
   </div>
   <div class='ocr_carea' id='block_1_12' title="bbox 977 1568 1670 1699">
    <p class='ocr_par' dir='ltr' id='par_1_12' title="bbox 977 1568 1670 1699">
     <span class='ocr_line' id='line_1_34' title="bbox 977 1568 1670 1638; baseline 0.014 -22"><span class='ocrx_word' id='word_1_209' title='bbox 977 1568 1093 1630; x_wconf 88' lang='lat' dir='ltr'>Septima</span> <span class='ocrx_word' id='word_1_210' title='bbox 1105 1570 1165 1619; x_wconf 91' lang='lat' dir='ltr'>hinc</span> <span class='ocrx_word' id='word_1_211' title='bbox 1180 1569 1313 1633; x_wconf 87' lang='lat' dir='ltr'>Stephano</span> <span class='ocrx_word' id='word_1_212' title='bbox 1331 1571 1419 1620; x_wconf 84' lang='lat' dir='ltr'>Levita</span> <span class='ocrx_word' id='word_1_213' title='bbox 1431 1581 1456 1622; x_wconf 88' lang='lat' dir='ltr'>et</span> <span class='ocrx_word' id='word_1_214' title='bbox 1466 1582 1575 1637; x_wconf 86' lang='lat' dir='ltr'>martyre</span> <span class='ocrx_word' id='word_1_215' title='bbox 1588 1575 1670 1638; x_wconf 89' lang='lat' dir='ltr'>primo</span> 
     </span>
     <span class='ocr_line' id='line_1_35' title="bbox 978 1630 1568 1699; baseline 0.012 -20"><span class='ocrx_word' id='word_1_216' title='bbox 978 1630 1099 1692; x_wconf 79' lang='lat' dir='ltr'>Excedat,</span> <span class='ocrx_word' id='word_1_217' title='bbox 1121 1643 1207 1681; x_wconf 88' lang='lat' dir='ltr'>natum</span> <span class='ocrx_word' id='word_1_218' title='bbox 1224 1648 1311 1695; x_wconf 88' lang='lat' dir='ltr'>regem</span> <span class='ocrx_word' id='word_1_219' title='bbox 1326 1648 1481 1699; x_wconf 88' lang='lat' dir='ltr'>passumque</span> <span class='ocrx_word' id='word_1_220' title='bbox 1494 1637 1568 1686; x_wconf 85' lang='lat' dir='ltr'>beata</span> 
     </span>
    </p>
   </div>
   <div class='ocr_carea' id='block_1_13' title="bbox 975 1692 1668 1758">
    <p class='ocr_par' dir='ltr' id='par_1_13' title="bbox 975 1692 1668 1758">
     <span class='ocr_line' id='line_1_36' title="bbox 975 1692 1668 1758; baseline 0.016 -19"><span class='ocrx_word' id='word_1_221' title='bbox 975 1692 1025 1750; x_wconf 84' lang='lat' dir='ltr'>Qui</span> <span class='ocrx_word' id='word_1_222' title='bbox 1039 1695 1091 1741; x_wconf 89' lang='lat' dir='ltr'>vita</span> <span class='ocrx_word' id='word_1_223' title='bbox 1105 1704 1181 1756; x_wconf 88' lang='lat' dir='ltr'>atque</span> <span class='ocrx_word' id='word_1_224' title='bbox 1195 1695 1253 1754; x_wconf 73' lang='lat' dir='ltr'>tidie,</span> <span class='ocrx_word' id='word_1_225' title='bbox 1273 1711 1361 1758; x_wconf 88' lang='lat' dir='ltr'>pugna</span> <span class='ocrx_word' id='word_1_226' title='bbox 1372 1707 1412 1746; x_wconf 86' lang='lat' dir='ltr'>est</span> <span class='ocrx_word' id='word_1_227' title='bbox 1427 1706 1453 1746; x_wconf 89' lang='lat' dir='ltr'>et</span> <span class='ocrx_word' id='word_1_228' title='bbox 1464 1708 1545 1748; x_wconf 88' lang='lat' dir='ltr'>morte</span> <span class='ocrx_word' id='word_1_229' title='bbox 1556 1709 1668 1750; x_wconf 79' lang='lat' dir='ltr'>secutus.</span> 
     </span>
    </p>
   </div>
   <div class='ocr_carea' id='block_1_14' title="bbox 913 1782 1710 2001">
    <p class='ocr_par' dir='ltr' id='par_1_14' title="bbox 913 1782 1710 2001">
     <span class='ocr_line' id='line_1_37' title="bbox 948 1782 1710 1859; baseline 0.014 -23"><span class='ocrx_word' id='word_1_230' title='bbox 948 1782 1092 1852; x_wconf 78' lang='lat' dir='ltr'>Dionysias</span> <span class='ocrx_word' id='word_1_231' title='bbox 1111 1800 1193 1853; x_wconf 77' lang='lat' dir='ltr'>papia,</span> <span class='ocrx_word' id='word_1_232' title='bbox 1223 1800 1277 1837; x_wconf 89' lang='lat' dir='ltr'>non</span> <span class='ocrx_word' id='word_1_233' title='bbox 1298 1783 1360 1851; x_wconf 87' lang='lat' dir='ltr'>hoc,</span> <span class='ocrx_word' id='word_1_234' title='bbox 1386 1786 1433 1841; x_wconf 87' lang='lat' dir='ltr'>sed</span> <span class='ocrx_word' id='word_1_235' title='bbox 1457 1789 1582 1859; x_wconf 80' lang='lat' dir='ltr'>sequenti</span> <span class='ocrx_word' id='word_1_236' title='bbox 1604 1790 1649 1845; x_wconf 88' lang='lat' dir='ltr'>die</span> <span class='ocrx_word' id='word_1_237' title='bbox 1676 1792 1710 1848; x_wconf 87' lang='lat' dir='ltr'>ab</span> 
     </span>
     <span class='ocr_line' id='line_1_38' title="bbox 913 1852 1710 1977; baseline 0.014 -71"><span class='ocrx_word' id='word_1_238' title='bbox 913 1852 1009 1932; x_wconf 82' lang='lat' dir='ltr'>Adone</span> <span class='ocrx_word' id='word_1_239' title='bbox 1019 1853 1142 1977; x_wconf 62' lang='lat' dir='ltr'>sipritus</span> <span class='ocrx_word' id='word_1_240' title='bbox 1155 1861 1206 1919; x_wconf 87' lang='lat' dir='ltr'>est,</span> <span class='ocrx_word' id='word_1_241' title='bbox 1220 1853 1409 1910; x_wconf 87' lang='lat' dir='ltr'>diversissima</span> <span class='ocrx_word' id='word_1_242' title='bbox 1419 1857 1515 1936; x_wconf 83' lang='lat' dir='ltr'>phrasi</span> <span class='ocrx_word' id='word_1_243' title='bbox 1526 1859 1560 1914; x_wconf 89' lang='lat' dir='ltr'>ab</span> <span class='ocrx_word' id='word_1_244' title='bbox 1575 1876 1616 1927; x_wconf 89' lang='lat' dir='ltr'>ea,</span> <span class='ocrx_word' id='word_1_245' title='bbox 1627 1876 1710 1932; x_wconf 89' lang='lat' dir='ltr'>quam</span> 
     </span>
     <span class='ocr_line' id='line_1_39' title="bbox 913 1925 1709 2001; baseline 0.014 -25"><span class='ocrx_word' id='word_1_246' title='bbox 913 1939 942 1976; x_wconf 87' lang='lat' dir='ltr'>m</span> <span class='ocrx_word' id='word_1_247' title='bbox 958 1931 1036 1978; x_wconf 87' lang='lat' dir='ltr'>textu</span> <span class='ocrx_word' id='word_1_248' title='bbox 1068 1925 1182 1978; x_wconf 83' lang='lat' dir='ltr'>odierno</span> <span class='ocrx_word' id='word_1_249' title='bbox 1197 1933 1290 1979; x_wconf 88' lang='lat' dir='ltr'>noster</span> <span class='ocrx_word' id='word_1_250' title='bbox 1304 1935 1450 1995; x_wconf 82' lang='lat' dir='ltr'>expressit,</span> <span class='ocrx_word' id='word_1_251' title='bbox 1465 1945 1579 2001; x_wconf 85' lang='lat' dir='ltr'>quaeque</span> <span class='ocrx_word' id='word_1_252' title='bbox 1589 1932 1709 1999; x_wconf 81' lang='lat' dir='ltr'>taliaest,</span> 
     </span>
    </p>
   </div>
   <div class='ocr_carea' id='block_1_15' title="bbox 913 1993 1764 2409">
    <p class='ocr_par' dir='ltr' id='par_1_15' title="bbox 913 1993 1764 2409">
     <span class='ocr_line' id='line_1_40' title="bbox 913 1993 1711 2071; baseline 0.014 -25"><span class='ocrx_word' id='word_1_253' title='bbox 913 2001 943 2047; x_wconf 89' lang='lat' dir='ltr'>nt</span> <span class='ocrx_word' id='word_1_254' title='bbox 963 1993 1018 2048; x_wconf 89' lang='lat' dir='ltr'>lere</span> <span class='ocrx_word' id='word_1_255' title='bbox 1029 1995 1062 2048; x_wconf 89' lang='lat' dir='ltr'>de</span> <span class='ocrx_word' id='word_1_256' title='bbox 1072 1994 1195 2064; x_wconf 87' lang='lat' dir='ltr'>quolibet</span> <span class='ocrx_word' id='word_1_257' title='bbox 1205 1995 1327 2049; x_wconf 82' lang='lat' dir='ltr'>Ronmno</span> <span class='ocrx_word' id='word_1_258' title='bbox 1339 1996 1469 2066; x_wconf 77' lang='lat' dir='ltr'>pontifice</span> <span class='ocrx_word' id='word_1_259' title='bbox 1477 2000 1608 2054; x_wconf 87' lang='lat' dir='ltr'>affirmari</span> <span class='ocrx_word' id='word_1_260' title='bbox 1619 2009 1711 2071; x_wconf 85' lang='lat' dir='ltr'>queat.</span> 
     </span>
     <span class='ocr_line' id='line_1_41' title="bbox 913 2063 1764 2134; baseline 0.009 -14"><span class='ocrx_word' id='word_1_261' title='bbox 913 2063 968 2120; x_wconf 87' lang='lat' dir='ltr'>Cur</span> <span class='ocrx_word' id='word_1_262' title='bbox 982 2064 1016 2119; x_wconf 90' lang='lat' dir='ltr'>ab</span> <span class='ocrx_word' id='word_1_263' title='bbox 1040 2063 1219 2134; x_wconf 78' lang='lat' dir='ltr'>antesignano</span> <span class='ocrx_word' id='word_1_264' title='bbox 1244 2068 1395 2131; x_wconf 85' lang='lat' dir='ltr'>recesserit,</span> <span class='ocrx_word' id='word_1_265' title='bbox 1419 2068 1492 2123; x_wconf 88' lang='lat' dir='ltr'>unde</span> <span class='ocrx_word' id='word_1_266' title='bbox 1515 2086 1563 2124; x_wconf 87' lang='lat' dir='ltr'>sna</span> <span class='ocrx_word' id='word_1_267' title='bbox 1586 2069 1714 2129; x_wconf 84' lang='lat' dir='ltr'>habuerit</span> <span class='ocrx_word' id='word_1_268' title='bbox 1761 2095 1764 2101; x_wconf 89' lang='lat'>·</span> 
     </span>
     <span class='ocr_line' id='line_1_42' title="bbox 913 2134 1714 2215; baseline 0.01 -25"><span class='ocrx_word' id='word_1_269' title='bbox 913 2134 1187 2215; x_wconf 68' lang='lat' dir='ltr'>lisivardusquaercre</span> <span class='ocrx_word' id='word_1_270' title='bbox 1198 2135 1371 2205; x_wconf 89' lang='lat' dir='ltr'>supersedeo.</span> <span class='ocrx_word' id='word_1_271' title='bbox 1382 2137 1488 2194; x_wconf 92' lang='lat' dir='ltr'>Dubius</span> <span class='ocrx_word' id='word_1_272' title='bbox 1499 2141 1608 2195; x_wconf 91' lang='lat' dir='ltr'>videtur</span> <span class='ocrx_word' id='word_1_273' title='bbox 1622 2143 1714 2198; x_wconf 85' lang='lat' dir='ltr'>obitus</span> 
     </span>
     <span class='ocr_line' id='line_1_43' title="bbox 913 2205 1715 2275; baseline 0.012 -16"><span class='ocrx_word' id='word_1_274' title='bbox 913 2207 956 2260; x_wconf 87' lang='lat' dir='ltr'>vel</span> <span class='ocrx_word' id='word_1_275' title='bbox 966 2205 1234 2275; x_wconf 83' lang='lat' dir='ltr'>depositionisdies;</span> <span class='ocrx_word' id='word_1_276' title='bbox 1253 2223 1313 2260; x_wconf 88' lang='lat' dir='ltr'>nam</span> <span class='ocrx_word' id='word_1_277' title='bbox 1332 2208 1358 2261; x_wconf 90' lang='lat' dir='ltr'>in</span> <span class='ocrx_word' id='word_1_278' title='bbox 1372 2210 1561 2266; x_wconf 77' lang='lat' dir='ltr'>vetustissimo</span> <span class='ocrx_word' id='word_1_279' title='bbox 1572 2213 1715 2269; x_wconf 86' lang='lat' dir='ltr'>Kalenda-</span> 
     </span>
     <span class='ocr_line' id='line_1_44' title="bbox 914 2276 1716 2409; baseline 0.011 -79"><span class='ocrx_word' id='word_1_280' title='bbox 914 2277 955 2331; x_wconf 92' lang='lat' dir='ltr'>rio</span> <span class='ocrx_word' id='word_1_281' title='bbox 966 2276 1140 2331; x_wconf 88' lang='lat' dir='ltr'>Bucheriano</span> <span class='ocrx_word' id='word_1_282' title='bbox 1162 2277 1276 2346; x_wconf 90' lang='lat' dir='ltr'>ponitur</span> <span class='ocrx_word' id='word_1_283' title='bbox 1288 2295 1293 2331; x_wconf 91' lang='lat'>:</span> <span class='ocrx_word' id='word_1_284' title='bbox 1307 2294 1335 2331; x_wconf 87' lang='grc' dir='ltr'>ιί</span> <span class='ocrx_word' id='word_1_285' title='bbox 1349 2279 1415 2333; x_wconf 84' lang='lat' dir='ltr'>Kal.</span> <span class='ocrx_word' id='word_1_286' title='bbox 1427 2279 1585 2348; x_wconf 80' lang='lat' dir='ltr'>lanuarias,</span> <span class='ocrx_word' id='word_1_287' title='bbox 1601 2284 1716 2409; x_wconf 72' lang='lat' dir='ltr'>Dioapsi</span> 
     </span>
    </p>
   </div>
   <div class='ocr_carea' id='block_1_16' title="bbox 915 2346 1715 2421">
    <p class='ocr_par' dir='ltr' id='par_1_16' title="bbox 915 2346 1715 2421">
     <span class='ocr_line' id='line_1_45' title="bbox 915 2346 1715 2421; baseline 0.011 -20"><span class='ocrx_word' id='word_1_288' title='bbox 915 2349 943 2401; x_wconf 90' lang='lat' dir='ltr'>in</span> <span class='ocrx_word' id='word_1_289' title='bbox 959 2347 1075 2402; x_wconf 81' lang='lat' dir='ltr'>Callisti.</span> <span class='ocrx_word' id='word_1_290' title='bbox 1091 2346 1194 2402; x_wconf 87' lang='lat' dir='ltr'>Contra</span> <span class='ocrx_word' id='word_1_291' title='bbox 1208 2363 1274 2402; x_wconf 91' lang='lat' dir='ltr'>vera</span> <span class='ocrx_word' id='word_1_292' title='bbox 1302 2348 1330 2401; x_wconf 95' lang='lat' dir='ltr'>in</span> <span class='ocrx_word' id='word_1_293' title='bbox 1354 2349 1579 2421; x_wconf 88' lang='lat' dir='ltr'>Hieronymianis</span> <span class='ocrx_word' id='word_1_294' title='bbox 1602 2354 1655 2409; x_wconf 91' lang='lat' dir='ltr'>hoc</span> <span class='ocrx_word' id='word_1_295' title='bbox 1690 2355 1715 2410; x_wconf 89' lang='lat' dir='ltr'>ie</span> 
     </span>
    </p>
   </div>
   <div class='ocr_carea' id='block_1_17' title="bbox 56 2415 1715 2489">
    <p class='ocr_par' dir='ltr' id='par_1_17' title="bbox 56 2415 1715 2489">
     <span class='ocr_line' id='line_1_46' title="bbox 56 2415 1715 2489; baseline 0.002 -12"><span class='ocrx_word' id='word_1_296' title='bbox 56 2421 133 2478; x_wconf 90' lang='lat' dir='ltr'>diem</span> <span class='ocrx_word' id='word_1_297' title='bbox 150 2436 166 2474; x_wconf 87' lang='lat' dir='ltr'>a</span> <span class='ocrx_word' id='word_1_298' title='bbox 181 2418 271 2475; x_wconf 90' lang='lat' dir='ltr'>sancti</span> <span class='ocrx_word' id='word_1_299' title='bbox 280 2416 429 2489; x_wconf 86' lang='lat' dir='ltr'>Augustini</span> <span class='ocrx_word' id='word_1_300' title='bbox 440 2424 564 2483; x_wconf 83' lang='lat' dir='ltr'>aetate‚ut</span> <span class='ocrx_word' id='word_1_301' title='bbox 576 2432 672 2470; x_wconf 90' lang='lat' dir='ltr'>verum</span> <span class='ocrx_word' id='word_1_302' title='bbox 685 2415 863 2486; x_wconf 83' lang='lat' dir='ltr'>inclytissimi</span> <span class='ocrx_word' id='word_1_303' title='bbox 879 2415 902 2474; x_wconf 91' lang='grc' dir='ltr'>Β</span> <span class='ocrx_word' id='word_1_304' title='bbox 918 2418 1037 2473; x_wconf 89' lang='lat' dir='ltr'>retertur</span> <span class='ocrx_word' id='word_1_305' title='bbox 1054 2436 1059 2472; x_wconf 92' lang='lat'><strong>:</strong></span> <span class='ocrx_word' id='word_1_306' title='bbox 1077 2419 1175 2482; x_wconf 83' lang='lat' dir='ltr'>Ransm,</span> <span class='ocrx_word' id='word_1_307' title='bbox 1190 2419 1353 2487; x_wconf 83' lang='lat' dir='ltr'>depositioS.</span> <span class='ocrx_word' id='word_1_308' title='bbox 1370 2420 1493 2489; x_wconf 76' lang='lat' dir='ltr'>Dionysii</span> <span class='ocrx_word' id='word_1_309' title='bbox 1501 2439 1512 2485; x_wconf 91' lang='lat'><em>;</em></span> <span class='ocrx_word' id='word_1_310' title='bbox 1523 2423 1566 2477; x_wconf 90' lang='lat' dir='ltr'>vel</span> <span class='ocrx_word' id='word_1_311' title='bbox 1586 2431 1616 2477; x_wconf 92' lang='lat' dir='ltr'>ut</span> <span class='ocrx_word' id='word_1_312' title='bbox 1634 2431 1675 2479; x_wconf 90' lang='lat' dir='ltr'>est</span> <span class='ocrx_word' id='word_1_313' title='bbox 1685 2425 1715 2480; x_wconf 92' lang='lat' dir='ltr'>iu</span> 
     </span>
    </p>
   </div>
   <div class='ocr_carea' id='block_1_18' title="bbox 57 2487 873 3768">
    <p class='ocr_par' dir='ltr' id='par_1_18' title="bbox 57 2487 873 3768">
     <span class='ocr_line' id='line_1_47' title="bbox 57 2487 864 2563; baseline -0.01 -14"><span class='ocrx_word' id='word_1_314' title='bbox 57 2489 193 2563; x_wconf 87' lang='lat' dir='ltr'>Stephani</span> <span class='ocrx_word' id='word_1_315' title='bbox 213 2490 333 2544; x_wconf 85' lang='lat' dir='ltr'>natalem</span> <span class='ocrx_word' id='word_1_316' title='bbox 349 2504 397 2542; x_wconf 91' lang='lat' dir='ltr'>seu</span> <span class='ocrx_word' id='word_1_317' title='bbox 413 2487 541 2558; x_wconf 66' lang='lat' dir='ltr'>martyrii</span> <span class='ocrx_word' id='word_1_318' title='bbox 561 2496 609 2541; x_wconf 91' lang='lat' dir='ltr'>aut</span> <span class='ocrx_word' id='word_1_319' title='bbox 623 2488 771 2558; x_wconf 69' lang='lat' dir='ltr'>sepulturae</span> <span class='ocrx_word' id='word_1_320' title='bbox 791 2487 864 2541; x_wconf 89' lang='lat' dir='ltr'>diem</span> 
     </span>
     <span class='ocr_line' id='line_1_48' title="bbox 58 2557 867 2620; baseline -0.011 0"><span class='ocrx_word' id='word_1_321' title='bbox 58 2561 289 2620; x_wconf 85' lang='lat' dir='ltr'>constantissime</span> <span class='ocrx_word' id='word_1_322' title='bbox 312 2557 472 2614; x_wconf 87' lang='lat' dir='ltr'>celebravit.</span> <span class='ocrx_word' id='word_1_323' title='bbox 499 2557 599 2613; x_wconf 85' lang='lat' dir='ltr'>Probat</span> <span class='ocrx_word' id='word_1_324' title='bbox 614 2558 641 2612; x_wconf 92' lang='lat' dir='ltr'>id</span> <span class='ocrx_word' id='word_1_325' title='bbox 671 2557 867 2614; x_wconf 86' lang='lat' dir='ltr'>Kalendarium</span> 
     </span>
     <span class='ocr_line' id='line_1_49' title="bbox 59 2629 867 2701; baseline -0.01 -9"><span class='ocrx_word' id='word_1_326' title='bbox 59 2633 166 2693; x_wconf 88' lang='lat' dir='ltr'>Cartha</span> <span class='ocrx_word' id='word_1_327' title='bbox 187 2629 591 2701; x_wconf 76' lang='lat' dir='ltr'>inense,pr0bantKelenderis</span> <span class='ocrx_word' id='word_1_328' title='bbox 605 2630 658 2683; x_wconf 89' lang='lat' dir='ltr'>alia</span> <span class='ocrx_word' id='word_1_329' title='bbox 671 2638 698 2686; x_wconf 93' lang='lat' dir='ltr'>et</span> <span class='ocrx_word' id='word_1_330' title='bbox 711 2629 867 2684; x_wconf 88' lang='lat' dir='ltr'>Sacramen-</span> 
     </span>
     <span class='ocr_line' id='line_1_50' title="bbox 58 2650 868 2781; baseline -0.009 -19"><span class='ocrx_word' id='word_1_331' title='bbox 58 2705 136 2762; x_wconf 90' lang='lat' dir='ltr'>taria</span> <span class='ocrx_word' id='word_1_332' title='bbox 151 2650 237 2770; x_wconf 73' lang='lat' dir='ltr'>edita,</span> <span class='ocrx_word' id='word_1_333' title='bbox 254 2701 370 2774; x_wconf 89' lang='lat' dir='ltr'>probant</span> <span class='ocrx_word' id='word_1_334' title='bbox 385 2701 581 2771; x_wconf 85' lang='lat' dir='ltr'>Martyrologia</span> <span class='ocrx_word' id='word_1_335' title='bbox 596 2708 699 2768; x_wconf 86' lang='lat' dir='ltr'>nostra,</span> <span class='ocrx_word' id='word_1_336' title='bbox 714 2700 785 2755; x_wconf 90' lang='lat' dir='ltr'>inter</span> <span class='ocrx_word' id='word_1_337' title='bbox 809 2717 868 2781; x_wconf 85' lang='lat' dir='ltr'>qnae</span> 
     </span>
     <span class='ocr_line' id='line_1_51' title="bbox 60 2770 869 2845; baseline -0.009 -13"><span class='ocrx_word' id='word_1_338' title='bbox 60 2774 257 2833; x_wconf 88' lang='lat' dir='ltr'>vetustissima</span> <span class='ocrx_word' id='word_1_339' title='bbox 272 2770 501 2845; x_wconf 85' lang='lat' dir='ltr'>Hieronymiana,</span> <span class='ocrx_word' id='word_1_340' title='bbox 516 2771 554 2826; x_wconf 88' lang='lat' dir='ltr'>ita</span> <span class='ocrx_word' id='word_1_341' title='bbox 567 2771 639 2842; x_wconf 88' lang='lat' dir='ltr'>apud</span> <span class='ocrx_word' id='word_1_342' title='bbox 667 2772 869 2827; x_wconf 86' lang='lat' dir='ltr'>Florentimum</span> 
     </span>
     <span class='ocr_line' id='line_1_52' title="bbox 60 2843 870 2915; baseline -0.01 -11"><span class='ocrx_word' id='word_1_343' title='bbox 60 2846 250 2905; x_wconf 87' lang='lat' dir='ltr'>disertissime</span> <span class='ocrx_word' id='word_1_344' title='bbox 278 2845 373 2915; x_wconf 88' lang='lat' dir='ltr'>legunt</span> <span class='ocrx_word' id='word_1_345' title='bbox 391 2862 396 2898; x_wconf 93' lang='lat'><strong>:</strong></span> <span class='ocrx_word' id='word_1_346' title='bbox 415 2845 448 2899; x_wconf 93' lang='lat' dir='ltr'>ln</span> <span class='ocrx_word' id='word_1_347' title='bbox 457 2843 536 2914; x_wconf 86' lang='lat' dir='ltr'>opida</span> <span class='ocrx_word' id='word_1_348' title='bbox 555 2843 787 2913; x_wconf 73' lang='lat' dir='ltr'>ierosolymitanov</span> <span class='ocrx_word' id='word_1_349' title='bbox 803 2843 870 2898; x_wconf 86' lang='lat' dir='ltr'>cillo</span> 
     </span>
     <span class='ocr_line' id='line_1_53' title="bbox 62 2914 869 2990; baseline -0.011 -14"><span class='ocrx_word' id='word_1_350' title='bbox 62 2915 390 2990; x_wconf 76' lang='lat' dir='ltr'>Caphargamalapassio</span> <span class='ocrx_word' id='word_1_351' title='bbox 401 2914 485 2969; x_wconf 85' lang='lat' dir='ltr'>sartcti</span> <span class='ocrx_word' id='word_1_352' title='bbox 501 2914 720 2984; x_wconf 85' lang='lat' dir='ltr'>Steplrani,primi</span> <span class='ocrx_word' id='word_1_353' title='bbox 729 2915 869 2984; x_wconf 83' lang='lat' dir='ltr'>nrorlpris,</span> 
     </span>
     <span class='ocr_line' id='line_1_54' title="bbox 61 2985 870 3057; baseline -0.009 -11"><span class='ocrx_word' id='word_1_354' title='bbox 61 2989 176 3046; x_wconf 84' lang='lat' dir='ltr'>diaconi</span> <span class='ocrx_word' id='word_1_355' title='bbox 192 2994 246 3041; x_wconf 88' lang='lat' dir='ltr'>elo</span> <span class='ocrx_word' id='word_1_356' title='bbox 266 2986 354 3052; x_wconf 87' lang='lat' dir='ltr'>ostoli,</span> <span class='ocrx_word' id='word_1_357' title='bbox 364 2985 410 3056; x_wconf 85' lang='lat' dir='ltr'>qni</span> <span class='ocrx_word' id='word_1_358' title='bbox 425 2985 561 3057; x_wconf 82' lang='lat' dir='ltr'>lapidatas</span> <span class='ocrx_word' id='word_1_359' title='bbox 576 2992 645 3039; x_wconf 86' lang='lat' dir='ltr'>esta</span> <span class='ocrx_word' id='word_1_360' title='bbox 670 2986 781 3040; x_wconf 84' lang='lat' dir='ltr'>ludoeis.</span> <span class='ocrx_word' id='word_1_361' title='bbox 799 2985 870 3039; x_wconf 87' lang='lat' dir='ltr'>Bre-</span> 
     </span>
     <span class='ocr_line' id='line_1_55' title="bbox 60 3005 869 3128; baseline -0.009 -10"><span class='ocrx_word' id='word_1_362' title='bbox 60 3061 131 3117; x_wconf 83' lang='lat' dir='ltr'>vior</span> <span class='ocrx_word' id='word_1_363' title='bbox 145 3066 189 3115; x_wconf 89' lang='lat' dir='ltr'>est</span> <span class='ocrx_word' id='word_1_364' title='bbox 214 3005 301 3112; x_wconf 80' lang='lat' dir='ltr'>soiius</span> <span class='ocrx_word' id='word_1_365' title='bbox 322 3056 529 3128; x_wconf 86' lang='lat' dir='ltr'>Epternacensis</span> <span class='ocrx_word' id='word_1_366' title='bbox 543 3057 730 3126; x_wconf 85' lang='lat' dir='ltr'>annuntiatio,</span> <span class='ocrx_word' id='word_1_367' title='bbox 747 3057 793 3111; x_wconf 89' lang='lat' dir='ltr'>sed</span> <span class='ocrx_word' id='word_1_368' title='bbox 806 3071 869 3111; x_wconf 92' lang='lat' dir='ltr'>cum</span> 
     </span>
     <span class='ocr_line' id='line_1_56' title="bbox 61 3125 869 3199; baseline -0.006 -12"><span class='ocrx_word' id='word_1_369' title='bbox 61 3132 164 3188; x_wconf 89' lang='lat' dir='ltr'>tribus</span> <span class='ocrx_word' id='word_1_370' title='bbox 179 3129 243 3183; x_wconf 89' lang='lat' dir='ltr'>aliis</span> <span class='ocrx_word' id='word_1_371' title='bbox 269 3125 334 3183; x_wconf 91' lang='lat' dir='ltr'>satis</span> <span class='ocrx_word' id='word_1_372' title='bbox 361 3137 519 3196; x_wconf 89' lang='lat' dir='ltr'>consonant,</span> <span class='ocrx_word' id='word_1_373' title='bbox 537 3144 597 3199; x_wconf 83' lang='lat' dir='ltr'>qnae</span> <span class='ocrx_word' id='word_1_374' title='bbox 626 3127 709 3183; x_wconf 88' lang='lat' dir='ltr'>habet</span> <span class='ocrx_word' id='word_1_375' title='bbox 732 3127 869 3197; x_wconf 83' lang='lat' dir='ltr'>Babauus,</span> 
     </span>
     <span class='ocr_line' id='line_1_57' title="bbox 61 3198 872 3272; baseline -0.005 -14"><span class='ocrx_word' id='word_1_376' title='bbox 61 3199 307 3271; x_wconf 86' lang='lat' dir='ltr'>Hieronymianos</span> <span class='ocrx_word' id='word_1_377' title='bbox 320 3198 427 3255; x_wconf 90' lang='lat' dir='ltr'>codices</span> <span class='ocrx_word' id='word_1_378' title='bbox 437 3199 483 3256; x_wconf 92' lang='lat' dir='ltr'>bic</span> <span class='ocrx_word' id='word_1_379' title='bbox 502 3199 587 3270; x_wconf 90' lang='lat' dir='ltr'>magis</span> <span class='ocrx_word' id='word_1_380' title='bbox 602 3216 682 3272; x_wconf 91' lang='lat' dir='ltr'>quam</span> <span class='ocrx_word' id='word_1_381' title='bbox 698 3199 798 3254; x_wconf 89' lang='lat' dir='ltr'>Bedam</span> <span class='ocrx_word' id='word_1_382' title='bbox 823 3215 872 3254; x_wconf 90' lang='lat' dir='ltr'>se-</span> 
     </span>
     <span class='ocr_line' id='line_1_58' title="bbox 61 3270 871 3343; baseline -0.006 -14"><span class='ocrx_word' id='word_1_383' title='bbox 61 3280 163 3338; x_wconf 92' lang='lat' dir='ltr'>cutus,</span> <span class='ocrx_word' id='word_1_384' title='bbox 186 3270 214 3325; x_wconf 89' lang='lat' dir='ltr'>in</span> <span class='ocrx_word' id='word_1_385' title='bbox 234 3287 287 3343; x_wconf 90' lang='lat' dir='ltr'>quo</span> <span class='ocrx_word' id='word_1_386' title='bbox 302 3270 388 3325; x_wconf 89' lang='lat' dir='ltr'>solum</span> <span class='ocrx_word' id='word_1_387' title='bbox 401 3270 519 3343; x_wconf 89' lang='lat' dir='ltr'>legitur:</span> <span class='ocrx_word' id='word_1_388' title='bbox 535 3273 632 3327; x_wconf 86' lang='lat' dir='ltr'>Natale</span> <span class='ocrx_word' id='word_1_389' title='bbox 647 3271 731 3326; x_wconf 89' lang='lat' dir='ltr'>sancti</span> <span class='ocrx_word' id='word_1_390' title='bbox 744 3270 871 3340; x_wconf 86' lang='lat' dir='ltr'>Stephani</span> 
     </span>
     <span class='ocr_line' id='line_1_59' title="bbox 58 3341 871 3418; baseline -0.004 -19"><span class='ocrx_word' id='word_1_391' title='bbox 58 3341 384 3418; x_wconf 75' lang='lat' dir='ltr'>promanartpriaFlori</span> <span class='ocrx_word' id='word_1_392' title='bbox 393 3344 513 3414; x_wconf 83' lang='lat' dir='ltr'>elogium</span> <span class='ocrx_word' id='word_1_393' title='bbox 529 3341 600 3397; x_wconf 91' lang='lat' dir='ltr'>nihil</span> <span class='ocrx_word' id='word_1_394' title='bbox 612 3342 644 3397; x_wconf 93' lang='lat' dir='ltr'>ad</span> <span class='ocrx_word' id='word_1_395' title='bbox 654 3359 705 3397; x_wconf 91' lang='lat' dir='ltr'>nos</span> <span class='ocrx_word' id='word_1_396' title='bbox 714 3341 871 3396; x_wconf 81' lang='lat' dir='ltr'>attinetSe·</span> 
     </span>
     <span class='ocr_line' id='line_1_60' title="bbox 64 3411 872 3483; baseline -0.006 -12"><span class='ocrx_word' id='word_1_397' title='bbox 64 3415 121 3471; x_wconf 91' lang='lat' dir='ltr'>rici</span> <span class='ocrx_word' id='word_1_398' title='bbox 138 3421 240 3469; x_wconf 78' lang='lat' dir='ltr'>nostra</span> <span class='ocrx_word' id='word_1_399' title='bbox 256 3413 353 3468; x_wconf 90' lang='lat' dir='ltr'>ductor</span> <span class='ocrx_word' id='word_1_400' title='bbox 371 3415 526 3468; x_wconf 88' lang='lat' dir='ltr'>Romanum</span> <span class='ocrx_word' id='word_1_401' title='bbox 551 3429 677 3483; x_wconf 89' lang='lat' dir='ltr'>parvum,</span> <span class='ocrx_word' id='word_1_402' title='bbox 701 3428 756 3467; x_wconf 91' lang='lat' dir='ltr'>non</span> <span class='ocrx_word' id='word_1_403' title='bbox 782 3411 872 3483; x_wconf 91' lang='lat' dir='ltr'>potuit</span> 
     </span>
     <span class='ocr_line' id='line_1_61' title="bbox 65 3483 872 3555; baseline -0.01 -11"><span class='ocrx_word' id='word_1_404' title='bbox 65 3485 185 3544; x_wconf 86' lang='lat' dir='ltr'>brevius</span> <span class='ocrx_word' id='word_1_405' title='bbox 212 3501 269 3540; x_wconf 90' lang='lat' dir='ltr'>rem</span> <span class='ocrx_word' id='word_1_406' title='bbox 285 3500 434 3555; x_wconf 85' lang='lat' dir='ltr'>exponere,</span> <span class='ocrx_word' id='word_1_407' title='bbox 451 3486 491 3539; x_wconf 91' lang='lat' dir='ltr'>sic</span> <span class='ocrx_word' id='word_1_408' title='bbox 513 3484 546 3538; x_wconf 93' lang='lat' dir='ltr'>de</span> <span class='ocrx_word' id='word_1_409' title='bbox 565 3485 624 3538; x_wconf 92' lang='lat' dir='ltr'>solo</span> <span class='ocrx_word' id='word_1_410' title='bbox 637 3484 775 3555; x_wconf 89' lang='lat' dir='ltr'>Stephano</span> <span class='ocrx_word' id='word_1_411' title='bbox 790 3483 872 3537; x_wconf 89' lang='lat' dir='ltr'>hodie</span> 
     </span>
     <span class='ocr_line' id='line_1_62' title="bbox 66 3553 873 3630; baseline -0.007 -16"><span class='ocrx_word' id='word_1_412' title='bbox 66 3559 198 3630; x_wconf 91' lang='lat' dir='ltr'>loquens.</span> <span class='ocrx_word' id='word_1_413' title='bbox 212 3556 338 3627; x_wconf 84' lang='lat' dir='ltr'>Stephani</span> <span class='ocrx_word' id='word_1_414' title='bbox 348 3555 568 3625; x_wconf 77' lang='lat' dir='ltr'>protomartyris.</span> <span class='ocrx_word' id='word_1_415' title='bbox 579 3555 630 3608; x_wconf 89' lang='lat' dir='ltr'>Est</span> <span class='ocrx_word' id='word_1_416' title='bbox 644 3554 716 3608; x_wconf 88' lang='lat' dir='ltr'>inter</span> <span class='ocrx_word' id='word_1_417' title='bbox 729 3553 873 3626; x_wconf 89' lang='lat' dir='ltr'>apostolo-</span> 
     </span>
     <span class='ocr_line' id='line_1_63' title="bbox 65 3624 873 3697; baseline -0.005 -13"><span class='ocrx_word' id='word_1_418' title='bbox 65 3644 129 3684; x_wconf 90' lang='lat' dir='ltr'>rum</span> <span class='ocrx_word' id='word_1_419' title='bbox 146 3627 312 3683; x_wconf 85' lang='lat' dir='ltr'>festivitates</span> <span class='ocrx_word' id='word_1_420' title='bbox 328 3624 410 3697; x_wconf 91' lang='lat' dir='ltr'>paulo</span> <span class='ocrx_word' id='word_1_421' title='bbox 427 3625 534 3697; x_wconf 90' lang='lat' dir='ltr'>longior</span> <span class='ocrx_word' id='word_1_422' title='bbox 546 3624 579 3680; x_wconf 86' lang='lat' dir='ltr'>tle</span> <span class='ocrx_word' id='word_1_423' title='bbox 594 3625 639 3680; x_wconf 89' lang='lat' dir='ltr'>Stc</span> <span class='ocrx_word' id='word_1_424' title='bbox 659 3625 724 3680; x_wconf 91' lang='lat' dir='ltr'>hani</span> <span class='ocrx_word' id='word_1_425' title='bbox 748 3625 873 3697; x_wconf 87' lang='lat' dir='ltr'>passione</span> 
     </span>
     <span class='ocr_line' id='line_1_64' title="bbox 64 3696 870 3768; baseline -0.007 -12"><span class='ocrx_word' id='word_1_426' title='bbox 64 3699 202 3765; x_wconf 87' lang='lat' dir='ltr'>narratio,</span> <span class='ocrx_word' id='word_1_427' title='bbox 216 3713 314 3753; x_wconf 90' lang='lat' dir='ltr'>verum</span> <span class='ocrx_word' id='word_1_428' title='bbox 340 3696 480 3752; x_wconf 81' lang='lat' dir='ltr'>Usnardus</span> <span class='ocrx_word' id='word_1_429' title='bbox 508 3696 614 3751; x_wconf 89' lang='lat' dir='ltr'>Adonis</span> <span class='ocrx_word' id='word_1_430' title='bbox 670 3697 870 3768; x_wconf 85' lang='lat' dir='ltr'>artyrologrum</span> 
     </span>
    </p>
   </div>
   <div class='ocr_carea' id='block_1_19' title="bbox 64 3767 1127 3841">
    <p class='ocr_par' dir='ltr' id='par_1_19' title="bbox 64 3767 1127 3841">
     <span class='ocr_line' id='line_1_65' title="bbox 64 3767 1127 3841; baseline -0.005 -14"><span class='ocrx_word' id='word_1_431' title='bbox 64 3769 220 3838; x_wconf 88' lang='lat' dir='ltr'>consuluit,</span> <span class='ocrx_word' id='word_1_432' title='bbox 235 3785 270 3823; x_wconf 84' lang='lat' dir='ltr'>ex</span> <span class='ocrx_word' id='word_1_433' title='bbox 285 3768 374 3841; x_wconf 91' lang='lat' dir='ltr'>quo,si</span> <span class='ocrx_word' id='word_1_434' title='bbox 391 3784 447 3822; x_wconf 90' lang='lat' dir='ltr'>non</span> <span class='ocrx_word' id='word_1_435' title='bbox 457 3767 650 3836; x_wconf 88' lang='lat' dir='ltr'>verba,saltem</span> <span class='ocrx_word' id='word_1_436' title='bbox 663 3767 745 3839; x_wconf 89' lang='lat' dir='ltr'>elogii</span> <span class='ocrx_word' id='word_1_437' title='bbox 758 3769 800 3822; x_wconf 92' lang='lat' dir='ltr'>sui</span> <span class='ocrx_word' id='word_1_438' title='bbox 812 3784 871 3823; x_wconf 91' lang='lat' dir='ltr'>sen·</span> <span class='ocrx_word' id='word_1_439' title='bbox 884 3769 906 3829; x_wconf 81' lang='lat' dir='ltr'>C</span> <span class='ocrx_word' id='word_1_440' title='bbox 923 3768 1033 3838; x_wconf 82' lang='lat' dir='ltr'>adeptas</span> <span class='ocrx_word' id='word_1_441' title='bbox 1044 3767 1127 3822; x_wconf 89' lang='lat' dir='ltr'>luisse</span> 
     </span>
    </p>
   </div>
   <div class='ocr_carea' id='block_1_20' title="bbox 64 3838 872 4765">
    <p class='ocr_par' dir='ltr' id='par_1_20' title="bbox 64 3838 870 3911">
     <span class='ocr_line' id='line_1_66' title="bbox 64 3838 870 3911; baseline -0.007 -12"><span class='ocrx_word' id='word_1_442' title='bbox 64 3857 130 3899; x_wconf 88' lang='lat' dir='ltr'>sum</span> <span class='ocrx_word' id='word_1_443' title='bbox 145 3848 287 3897; x_wconf 87' lang='lat' dir='ltr'>mutuatus</span> <span class='ocrx_word' id='word_1_444' title='bbox 301 3847 352 3906; x_wconf 91' lang='lat' dir='ltr'>est,</span> <span class='ocrx_word' id='word_1_445' title='bbox 370 3839 403 3893; x_wconf 91' lang='lat' dir='ltr'>de</span> <span class='ocrx_word' id='word_1_446' title='bbox 419 3839 582 3895; x_wconf 88' lang='lat' dir='ltr'>inventione</span> <span class='ocrx_word' id='word_1_447' title='bbox 606 3839 699 3911; x_wconf 86' lang='lat' dir='ltr'>aliqua</span> <span class='ocrx_word' id='word_1_448' title='bbox 725 3838 870 3910; x_wconf 88' lang='lat' dir='ltr'>adjiciens,</span> 
     </span>
    </p>

    <p class='ocr_par' dir='ltr' id='par_1_21' title="bbox 64 3910 872 4765">
     <span class='ocr_line' id='line_1_67' title="bbox 137 3910 870 3981; baseline -0.004 -13"><span class='ocrx_word' id='word_1_449' title='bbox 137 3910 171 3968; x_wconf 92' lang='lat' dir='ltr'>ad</span> <span class='ocrx_word' id='word_1_450' title='bbox 186 3929 219 3968; x_wconf 93' lang='grc' dir='ltr'>ιιι</span> <span class='ocrx_word' id='word_1_451' title='bbox 231 3910 349 3981; x_wconf 82' lang='lat' dir='ltr'>Augusti</span> <span class='ocrx_word' id='word_1_452' title='bbox 362 3910 428 3965; x_wconf 88' lang='lat' dir='ltr'>satis</span> <span class='ocrx_word' id='word_1_453' title='bbox 443 3918 522 3966; x_wconf 88' lang='lat' dir='ltr'>erant</span> <span class='ocrx_word' id='word_1_454' title='bbox 533 3911 679 3980; x_wconf 82' lang='lat' dir='ltr'>explicata.</span> <span class='ocrx_word' id='word_1_455' title='bbox 690 3911 765 3965; x_wconf 83' lang='lat' dir='ltr'>Nulli</span> <span class='ocrx_word' id='word_1_456' title='bbox 775 3918 870 3966; x_wconf 88' lang='lat' dir='ltr'>sancta</span> 
     </span>
     <span class='ocr_line' id='line_1_68' title="bbox 64 3929 871 4052; baseline -0.005 -12"><span class='ocrx_word' id='word_1_457' title='bbox 64 3929 225 4040; x_wconf 66' lang='lat' dir='ltr'>iiidnriora</span> <span class='ocrx_word' id='word_1_458' title='bbox 244 3983 313 4038; x_wconf 89' lang='lat' dir='ltr'>Acta</span> <span class='ocrx_word' id='word_1_459' title='bbox 331 3981 473 4052; x_wconf 83' lang='lat' dir='ltr'>obtingere</span> <span class='ocrx_word' id='word_1_460' title='bbox 494 3988 644 4052; x_wconf 88' lang='lat' dir='ltr'>potuerunt</span> <span class='ocrx_word' id='word_1_461' title='bbox 670 3997 752 4051; x_wconf 88' lang='lat' dir='ltr'>quam</span> <span class='ocrx_word' id='word_1_462' title='bbox 776 3990 871 4036; x_wconf 88' lang='lat' dir='ltr'>nostro</span> 
     </span>
     <span class='ocr_line' id='line_1_69' title="bbox 68 4050 872 4135; baseline -0.006 -24"><span class='ocrx_word' id='word_1_463' title='bbox 68 4053 285 4135; x_wconf 75' lang='lat' dir='ltr'>protomartyri,</span> <span class='ocrx_word' id='word_1_464' title='bbox 303 4060 397 4125; x_wconf 90' lang='lat' dir='ltr'>utpote</span> <span class='ocrx_word' id='word_1_465' title='bbox 419 4069 478 4134; x_wconf 83' lang='lat' dir='ltr'>qua</span> <span class='ocrx_word' id='word_1_466' title='bbox 494 4068 510 4106; x_wconf 89' lang='lat' dir='ltr'>a</span> <span class='ocrx_word' id='word_1_467' title='bbox 525 4051 630 4123; x_wconf 92' lang='lat' dir='ltr'>Spiritu</span> <span class='ocrx_word' id='word_1_468' title='bbox 653 4058 748 4107; x_wconf 87' lang='lat' dir='ltr'>sancto</span> <span class='ocrx_word' id='word_1_469' title='bbox 770 4050 872 4106; x_wconf 89' lang='lat' dir='ltr'>dictata</span> 
     </span>
     <span class='ocr_line' id='line_1_70' title="bbox 67 4121 872 4197; baseline -0.005 -15"><span class='ocrx_word' id='word_1_470' title='bbox 67 4132 152 4192; x_wconf 84' lang='lat' dir='ltr'>sunt;</span> <span class='ocrx_word' id='word_1_471' title='bbox 170 4125 275 4180; x_wconf 83' lang='lat' dir='ltr'>nullius</span> <span class='ocrx_word' id='word_1_472' title='bbox 293 4123 379 4179; x_wconf 86' lang='lat' dir='ltr'>terme</span> <span class='ocrx_word' id='word_1_473' title='bbox 387 4123 511 4197; x_wconf 81' lang='lat' dir='ltr'>reliquia</span> <span class='ocrx_word' id='word_1_474' title='bbox 518 4139 565 4194; x_wconf 90' lang='lat' dir='ltr'>per</span> <span class='ocrx_word' id='word_1_475' title='bbox 575 4130 660 4178; x_wconf 91' lang='lat' dir='ltr'>totam</span> <span class='ocrx_word' id='word_1_476' title='bbox 672 4121 822 4193; x_wconf 84' lang='lat' dir='ltr'>Ecclesiam</span> <span class='ocrx_word' id='word_1_477' title='bbox 833 4121 872 4178; x_wconf 89' lang='lat' dir='ltr'>ita</span> 
     </span>
     <span class='ocr_line' id='line_1_71' title="bbox 68 4192 871 4268; baseline -0.005 -15"><span class='ocrx_word' id='word_1_478' title='bbox 68 4196 214 4268; x_wconf 81' lang='lat' dir='ltr'>dispersa,</span> <span class='ocrx_word' id='word_1_479' title='bbox 231 4195 336 4250; x_wconf 91' lang='lat' dir='ltr'>nullius</span> <span class='ocrx_word' id='word_1_480' title='bbox 354 4204 426 4251; x_wconf 88' lang='lat' dir='ltr'>certe</span> <span class='ocrx_word' id='word_1_481' title='bbox 442 4203 483 4251; x_wconf 90' lang='lat' dir='ltr'>tot</span> <span class='ocrx_word' id='word_1_482' title='bbox 497 4194 641 4266; x_wconf 87' lang='lat' dir='ltr'>prodigiis,</span> <span class='ocrx_word' id='word_1_483' title='bbox 653 4201 694 4248; x_wconf 91' lang='lat' dir='ltr'>tot</span> <span class='ocrx_word' id='word_1_484' title='bbox 708 4192 871 4249; x_wconf 89' lang='lat' dir='ltr'>certissimis</span> 
     </span>
     <span class='ocr_line' id='line_1_72' title="bbox 68 4265 871 4338; baseline -0.004 -15"><span class='ocrx_word' id='word_1_485' title='bbox 68 4266 215 4324; x_wconf 87' lang='lat' dir='ltr'>miraculis</span> <span class='ocrx_word' id='word_1_486' title='bbox 229 4266 263 4322; x_wconf 89' lang='lat' dir='ltr'>ab</span> <span class='ocrx_word' id='word_1_487' title='bbox 274 4266 429 4338; x_wconf 82' lang='lat' dir='ltr'>Augustino</span> <span class='ocrx_word' id='word_1_488' title='bbox 439 4266 501 4321; x_wconf 90' lang='lat' dir='ltr'>aliis</span> <span class='ocrx_word' id='word_1_489' title='bbox 520 4282 554 4321; x_wconf 89' lang='lat' dir='ltr'>ue</span> <span class='ocrx_word' id='word_1_490' title='bbox 569 4266 671 4322; x_wconf 90' lang='lat' dir='ltr'>sanctis</span> <span class='ocrx_word' id='word_1_491' title='bbox 680 4265 807 4320; x_wconf 90' lang='lat' dir='ltr'>Patribus</span> <span class='ocrx_word' id='word_1_492' title='bbox 821 4281 871 4320; x_wconf 90' lang='lat' dir='ltr'>ce-</span> 
     </span>
     <span class='ocr_line' id='line_1_73' title="bbox 66 4335 868 4408; baseline -0.005 -13"><span class='ocrx_word' id='word_1_493' title='bbox 66 4338 193 4395; x_wconf 74' lang='lat' dir='ltr'>lebratas.</span> <span class='ocrx_word' id='word_1_494' title='bbox 205 4337 255 4393; x_wconf 90' lang='lat' dir='ltr'>His</span> <span class='ocrx_word' id='word_1_495' title='bbox 265 4337 319 4393; x_wconf 90' lang='lat' dir='ltr'>alia</span> <span class='ocrx_word' id='word_1_496' title='bbox 333 4338 492 4408; x_wconf 88' lang='lat' dir='ltr'>superaddit</span> <span class='ocrx_word' id='word_1_497' title='bbox 536 4336 635 4391; x_wconf 88' lang='lat' dir='ltr'>otherii</span> <span class='ocrx_word' id='word_1_498' title='bbox 652 4335 868 4404; x_wconf 79' lang='lat' dir='ltr'>notulaverbo,</span> 
     </span>
     <span class='ocr_line' id='line_1_74' title="bbox 66 4406 868 4481; baseline -0.006 -15"><span class='ocrx_word' id='word_1_499' title='bbox 66 4417 146 4466; x_wconf 65' lang='lat' dir='ltr'>nuta</span> <span class='ocrx_word' id='word_1_500' title='bbox 165 4424 273 4481; x_wconf 85' lang='lat' dir='ltr'>semper</span> <span class='ocrx_word' id='word_1_501' title='bbox 287 4408 340 4463; x_wconf 86' lang='lat' dir='ltr'>luit</span> <span class='ocrx_word' id='word_1_502' title='bbox 357 4409 385 4463; x_wconf 91' lang='lat' dir='ltr'>in</span> <span class='ocrx_word' id='word_1_503' title='bbox 401 4411 465 4464; x_wconf 91' lang='lat' dir='ltr'>orbe</span> <span class='ocrx_word' id='word_1_504' title='bbox 479 4408 616 4464; x_wconf 88' lang='lat' dir='ltr'>catholico</span> <span class='ocrx_word' id='word_1_505' title='bbox 627 4406 759 4478; x_wconf 86' lang='lat' dir='ltr'>Stephani</span> <span class='ocrx_word' id='word_1_506' title='bbox 772 4406 868 4476; x_wconf 90' lang='lat' dir='ltr'>gloria,</span> 
     </span>
     <span class='ocr_line' id='line_1_75' title="bbox 66 4477 870 4551; baseline -0.007 -13"><span class='ocrx_word' id='word_1_507' title='bbox 66 4489 99 4538; x_wconf 84' lang='lat' dir='ltr'>ut</span> <span class='ocrx_word' id='word_1_508' title='bbox 116 4479 226 4536; x_wconf 91' lang='lat' dir='ltr'>nihilei</span> <span class='ocrx_word' id='word_1_509' title='bbox 241 4480 368 4535; x_wconf 88' lang='lat' dir='ltr'>accedere</span> <span class='ocrx_word' id='word_1_510' title='bbox 377 4494 454 4551; x_wconf 90' lang='lat' dir='ltr'>posse</span> <span class='ocrx_word' id='word_1_511' title='bbox 470 4479 605 4533; x_wconf 87' lang='lat' dir='ltr'>videatur.</span> <span class='ocrx_word' id='word_1_512' title='bbox 621 4478 708 4532; x_wconf 82' lang='lat' dir='ltr'>Multa</span> <span class='ocrx_word' id='word_1_513' title='bbox 720 4477 803 4532; x_wconf 90' lang='lat' dir='ltr'>dehis</span> <span class='ocrx_word' id='word_1_514' title='bbox 813 4494 870 4532; x_wconf 91' lang='lat' dir='ltr'>om-</span> 
     </span>
     <span class='ocr_line' id='line_1_76' title="bbox 65 4548 868 4623; baseline -0.006 -16"><span class='ocrx_word' id='word_1_515' title='bbox 65 4550 154 4607; x_wconf 88' lang='lat' dir='ltr'>nibus</span> <span class='ocrx_word' id='word_1_516' title='bbox 166 4551 194 4605; x_wconf 92' lang='lat' dir='ltr'>in</span> <span class='ocrx_word' id='word_1_517' title='bbox 210 4551 287 4606; x_wconf 89' lang='lat' dir='ltr'>Actis</span> <span class='ocrx_word' id='word_1_518' title='bbox 302 4551 395 4621; x_wconf 88' lang='lat' dir='ltr'>colligi</span> <span class='ocrx_word' id='word_1_519' title='bbox 410 4558 550 4623; x_wconf 89' lang='lat' dir='ltr'>poterunt,</span> <span class='ocrx_word' id='word_1_520' title='bbox 575 4564 635 4621; x_wconf 78' lang='lat' dir='ltr'>qua</span> <span class='ocrx_word' id='word_1_521' title='bbox 650 4548 679 4602; x_wconf 90' lang='lat' dir='ltr'>in</span> <span class='ocrx_word' id='word_1_522' title='bbox 698 4555 868 4604; x_wconf 86' lang='lat' dir='ltr'>antecessum</span> 
     </span>
     <span class='ocr_line' id='line_1_77' title="bbox 65 4618 870 4688; baseline -0.006 -11"><span class='ocrx_word' id='word_1_523' title='bbox 65 4639 84 4677; x_wconf 88' lang='lat' dir='ltr'>a</span> <span class='ocrx_word' id='word_1_524' title='bbox 97 4621 280 4678; x_wconf 76' lang='lat' dir='ltr'>&#39;tillemontio</span> <span class='ocrx_word' id='word_1_525' title='bbox 295 4621 421 4677; x_wconf 89' lang='lat' dir='ltr'>ordinata</span> <span class='ocrx_word' id='word_1_526' title='bbox 436 4630 511 4688; x_wconf 88' lang='lat' dir='ltr'>sunt,</span> <span class='ocrx_word' id='word_1_527' title='bbox 526 4620 577 4676; x_wconf 91' lang='lat' dir='ltr'>sub</span> <span class='ocrx_word' id='word_1_528' title='bbox 593 4620 660 4674; x_wconf 93' lang='lat' dir='ltr'>tomi</span> <span class='ocrx_word' id='word_1_529' title='bbox 679 4618 792 4675; x_wconf 88' lang='lat' dir='ltr'>secundi</span> <span class='ocrx_word' id='word_1_530' title='bbox 808 4618 870 4673; x_wconf 90' lang='lat' dir='ltr'>ini-</span> 
     </span>
     <span class='ocr_line' id='line_1_78' title="bbox 67 4690 867 4765; baseline -0.003 -17"><span class='ocrx_word' id='word_1_531' title='bbox 67 4692 152 4748; x_wconf 90' lang='lat' dir='ltr'>tium.</span> <span class='ocrx_word' id='word_1_532' title='bbox 168 4692 305 4765; x_wconf 88' lang='lat' dir='ltr'>Sequatur</span> <span class='ocrx_word' id='word_1_533' title='bbox 319 4692 365 4749; x_wconf 91' lang='lat' dir='ltr'>hic</span> <span class='ocrx_word' id='word_1_534' title='bbox 381 4693 495 4749; x_wconf 86' lang='lat' dir='ltr'>metrica</span> <span class='ocrx_word' id='word_1_535' title='bbox 510 4690 703 4749; x_wconf 86' lang='lat' dir='ltr'>Wandalberti</span> <span class='ocrx_word' id='word_1_536' title='bbox 718 4690 840 4747; x_wconf 89' lang='lat' dir='ltr'>laudatio</span> <span class='ocrx_word' id='word_1_537' title='bbox 861 4708 867 4746; x_wconf 92' lang='lat'>:</span> 
     </span>
    </p>
   </div>
   <div class='ocr_carea' id='block_1_21' title="bbox 923 2488 1722 4762">
    <p class='ocr_par' dir='ltr' id='par_1_22' title="bbox 924 2488 1722 3340">
     <span class='ocr_line' id='line_1_79' title="bbox 924 2488 1717 2565; baseline 0.01 -22"><span class='ocrx_word' id='word_1_538' title='bbox 924 2488 1136 2560; x_wconf 89' lang='lat' dir='ltr'>Epternacensi:</span> <span class='ocrx_word' id='word_1_539' title='bbox 1153 2490 1190 2542; x_wconf 86' lang='lat' dir='ltr'>Et</span> <span class='ocrx_word' id='word_1_540' title='bbox 1214 2489 1339 2558; x_wconf 85' lang='lat' dir='ltr'>depositio</span> <span class='ocrx_word' id='word_1_541' title='bbox 1367 2489 1489 2561; x_wconf 74' lang='lat' dir='ltr'>Dionysii</span> <span class='ocrx_word' id='word_1_542' title='bbox 1513 2492 1634 2565; x_wconf 88' lang='lat' dir='ltr'>episcopi.</span> <span class='ocrx_word' id='word_1_543' title='bbox 1664 2495 1717 2551; x_wconf 93' lang='lat' dir='ltr'>Pro</span> 
     </span>
     <span class='ocr_line' id='line_1_80' title="bbox 925 2559 1716 2633; baseline 0.008 -18"><span class='ocrx_word' id='word_1_544' title='bbox 925 2559 968 2615; x_wconf 90' lang='lat' dir='ltr'>die</span> <span class='ocrx_word' id='word_1_545' title='bbox 983 2576 1052 2614; x_wconf 84' lang='lat' dir='ltr'>xxvi</span> <span class='ocrx_word' id='word_1_546' title='bbox 1067 2559 1226 2615; x_wconf 88' lang='lat' dir='ltr'>Decembris</span> <span class='ocrx_word' id='word_1_547' title='bbox 1240 2567 1343 2630; x_wconf 88' lang='lat' dir='ltr'>pugnat</span> <span class='ocrx_word' id='word_1_548' title='bbox 1358 2560 1552 2618; x_wconf 86' lang='lat' dir='ltr'>Tillemontius</span> <span class='ocrx_word' id='word_1_549' title='bbox 1566 2570 1642 2619; x_wconf 85' lang='lat' dir='ltr'>torno</span> <span class='ocrx_word' id='word_1_550' title='bbox 1667 2565 1716 2633; x_wconf 85' lang='lat' dir='ltr'>tv,</span> 
     </span>
     <span class='ocr_line' id='line_1_81' title="bbox 944 2629 1717 2706; baseline 0.009 -22"><span class='ocrx_word' id='word_1_551' title='bbox 944 2647 985 2701; x_wconf 89' lang='lat' dir='ltr'>ag.</span> <span class='ocrx_word' id='word_1_552' title='bbox 998 2631 1061 2698; x_wconf 78' lang='lat' dir='ltr'>dli,</span> <span class='ocrx_word' id='word_1_553' title='bbox 1072 2629 1119 2685; x_wconf 91' lang='lat' dir='ltr'>ubi</span> <span class='ocrx_word' id='word_1_554' title='bbox 1134 2638 1161 2685; x_wconf 88' lang='lat' dir='ltr'>et</span> <span class='ocrx_word' id='word_1_555' title='bbox 1175 2630 1228 2684; x_wconf 86' lang='lat' dir='ltr'>alie</span> <span class='ocrx_word' id='word_1_556' title='bbox 1238 2631 1325 2701; x_wconf 89' lang='lat' dir='ltr'>tangit</span> <span class='ocrx_word' id='word_1_557' title='bbox 1339 2631 1373 2685; x_wconf 90' lang='lat' dir='ltr'>ad</span> <span class='ocrx_word' id='word_1_558' title='bbox 1383 2632 1547 2704; x_wconf 89' lang='lat' dir='ltr'>Dionysium</span> <span class='ocrx_word' id='word_1_559' title='bbox 1556 2636 1717 2706; x_wconf 87' lang='lat' dir='ltr'>spectantia.</span> 
     </span>
     <span class='ocr_line' id='line_1_82' title="bbox 926 2649 1720 2776; baseline 0.006 -19"><span class='ocrx_word' id='word_1_560' title='bbox 926 2649 964 2757; x_wconf 75' lang='lat' dir='ltr'>ile</span> <span class='ocrx_word' id='word_1_561' title='bbox 987 2701 1040 2757; x_wconf 89' lang='lat' dir='ltr'>hoc</span> <span class='ocrx_word' id='word_1_562' title='bbox 1062 2709 1157 2756; x_wconf 91' lang='lat' dir='ltr'>sancto</span> <span class='ocrx_word' id='word_1_563' title='bbox 1171 2701 1301 2773; x_wconf 85' lang='lat' dir='ltr'>pontifice</span> <span class='ocrx_word' id='word_1_564' title='bbox 1323 2702 1450 2772; x_wconf 90' lang='lat' dir='ltr'>pluribus</span> <span class='ocrx_word' id='word_1_565' title='bbox 1463 2704 1518 2776; x_wconf 85' lang='lat' dir='ltr'>egit</span> <span class='ocrx_word' id='word_1_566' title='bbox 1532 2705 1666 2761; x_wconf 87' lang='lat' dir='ltr'>Baronius</span> <span class='ocrx_word' id='word_1_567' title='bbox 1690 2708 1720 2763; x_wconf 88' lang='lat' dir='ltr'>iu</span> 
     </span>
     <span class='ocr_line' id='line_1_83' title="bbox 927 2771 1719 2843; baseline 0.008 -15"><span class='ocrx_word' id='word_1_568' title='bbox 927 2772 1098 2837; x_wconf 86' lang='lat' dir='ltr'>Annalibus;</span> <span class='ocrx_word' id='word_1_569' title='bbox 1113 2772 1159 2827; x_wconf 92' lang='lat' dir='ltr'>hic</span> <span class='ocrx_word' id='word_1_570' title='bbox 1174 2789 1239 2827; x_wconf 86' lang='lat' dir='ltr'>vero</span> <span class='ocrx_word' id='word_1_571' title='bbox 1264 2771 1292 2826; x_wconf 92' lang='lat' dir='ltr'>in</span> <span class='ocrx_word' id='word_1_572' title='bbox 1320 2773 1466 2828; x_wconf 81' lang='lat' dir='ltr'>Notatione</span> <span class='ocrx_word' id='word_1_573' title='bbox 1489 2775 1577 2832; x_wconf 86' lang='lat' dir='ltr'>tontes</span> <span class='ocrx_word' id='word_1_574' title='bbox 1589 2777 1641 2832; x_wconf 86' lang='lat' dir='ltr'>essi</span> <span class='ocrx_word' id='word_1_575' title='bbox 1661 2784 1719 2843; x_wconf 88' lang='lat' dir='ltr'>nat,</span> 
     </span>
     <span class='ocr_line' id='line_1_84' title="bbox 926 2794 1721 2915; baseline 0.008 -17"><span class='ocrx_word' id='word_1_576' title='bbox 926 2843 1273 2915; x_wconf 87' lang='lat' dir='ltr'>undeejusgestaderivari</span> <span class='ocrx_word' id='word_1_577' title='bbox 1284 2844 1389 2915; x_wconf 90' lang='lat' dir='ltr'>possint</span> <span class='ocrx_word' id='word_1_578' title='bbox 1401 2861 1408 2910; x_wconf 87' lang='lat'>;</span> <span class='ocrx_word' id='word_1_579' title='bbox 1418 2845 1447 2898; x_wconf 91' lang='lat' dir='ltr'>in</span> <span class='ocrx_word' id='word_1_580' title='bbox 1460 2853 1539 2902; x_wconf 81' lang='lat' dir='ltr'>textu</span> <span class='ocrx_word' id='word_1_581' title='bbox 1557 2863 1623 2904; x_wconf 93' lang='lat' dir='ltr'>vero</span> <span class='ocrx_word' id='word_1_582' title='bbox 1644 2794 1721 2903; x_wconf 70' lang='lat' dir='ltr'>ilar-</span> 
     </span>
     <span class='ocr_line' id='line_1_85' title="bbox 928 2913 1722 2996; baseline 0.006 -26"><span class='ocrx_word' id='word_1_583' title='bbox 928 2913 1722 2996; x_wconf 65' lang='lat' dir='ltr'>tyrologiiRomanistudioseexpunxissevideturlauda-</span> 
     </span>
     <span class='ocr_line' id='line_1_86' title="bbox 929 2984 1721 3062; baseline 0.006 -21"><span class='ocrx_word' id='word_1_584' title='bbox 929 2996 971 3041; x_wconf 91' lang='lat' dir='ltr'>tus</span> <span class='ocrx_word' id='word_1_585' title='bbox 986 2984 1122 3040; x_wconf 86' lang='lat' dir='ltr'>Beronius</span> <span class='ocrx_word' id='word_1_586' title='bbox 1137 2993 1260 3055; x_wconf 87' lang='lat' dir='ltr'>tempora</span> <span class='ocrx_word' id='word_1_587' title='bbox 1272 2986 1381 3042; x_wconf 82' lang='lat' dir='ltr'>Claudii</span> <span class='ocrx_word' id='word_1_588' title='bbox 1392 2987 1570 3058; x_wconf 85' lang='lat' dir='ltr'>imperatoris,</span> <span class='ocrx_word' id='word_1_589' title='bbox 1586 3007 1647 3062; x_wconf 83' lang='lat' dir='ltr'>quae</span> <span class='ocrx_word' id='word_1_590' title='bbox 1672 2990 1721 3046; x_wconf 89' lang='lat' dir='ltr'>ni-</span> 
     </span>
     <span class='ocr_line' id='line_1_87' title="bbox 927 3055 1721 3129; baseline 0.009 -18"><span class='ocrx_word' id='word_1_591' title='bbox 927 3056 1081 3112; x_wconf 87' lang='lat' dir='ltr'>hilominus</span> <span class='ocrx_word' id='word_1_592' title='bbox 1095 3055 1130 3111; x_wconf 88' lang='lat' dir='ltr'>ab</span> <span class='ocrx_word' id='word_1_593' title='bbox 1145 3056 1270 3111; x_wconf 87' lang='lat' dir='ltr'>Usuardo</span> <span class='ocrx_word' id='word_1_594' title='bbox 1285 3073 1338 3111; x_wconf 91' lang='lat' dir='ltr'>non</span> <span class='ocrx_word' id='word_1_595' title='bbox 1355 3059 1425 3112; x_wconf 88' lang='lat' dir='ltr'>malo</span> <span class='ocrx_word' id='word_1_596' title='bbox 1449 3059 1553 3129; x_wconf 88' lang='lat' dir='ltr'>signata</span> <span class='ocrx_word' id='word_1_597' title='bbox 1584 3070 1671 3129; x_wconf 90' lang='lat' dir='ltr'>erant,</span> <span class='ocrx_word' id='word_1_598' title='bbox 1697 3061 1721 3118; x_wconf 90' lang='lat' dir='ltr'>si</span> 
     </span>
     <span class='ocr_line' id='line_1_88' title="bbox 927 3127 1722 3202; baseline 0.005 -19"><span class='ocrx_word' id='word_1_599' title='bbox 927 3128 1070 3196; x_wconf 89' lang='lat' dir='ltr'>Claudius,</span> <span class='ocrx_word' id='word_1_600' title='bbox 1086 3145 1135 3200; x_wconf 93' lang='lat' dir='ltr'>pro</span> <span class='ocrx_word' id='word_1_601' title='bbox 1145 3127 1266 3183; x_wconf 88' lang='lat' dir='ltr'>secundo</span> <span class='ocrx_word' id='word_1_602' title='bbox 1276 3128 1320 3181; x_wconf 90' lang='lat' dir='ltr'>vel</span> <span class='ocrx_word' id='word_1_603' title='bbox 1338 3129 1454 3196; x_wconf 85' lang='lat' dir='ltr'>Gothico,</span> <span class='ocrx_word' id='word_1_604' title='bbox 1483 3130 1643 3202; x_wconf 88' lang='lat' dir='ltr'>accipiatur.</span> <span class='ocrx_word' id='word_1_605' title='bbox 1657 3133 1722 3188; x_wconf 81' lang='lat' dir='ltr'>Dio</span> 
     </span>
     <span class='ocr_line' id='line_1_89' title="bbox 928 3197 1721 3270; baseline 0.006 -17"><span class='ocrx_word' id='word_1_606' title='bbox 928 3198 1000 3270; x_wconf 89' lang='lat' dir='ltr'>nysii</span> <span class='ocrx_word' id='word_1_607' title='bbox 1013 3198 1078 3252; x_wconf 83' lang='lat' dir='ltr'>vitae</span> <span class='ocrx_word' id='word_1_608' title='bbox 1103 3200 1200 3253; x_wconf 88' lang='lat' dir='ltr'>seriem</span> <span class='ocrx_word' id='word_1_609' title='bbox 1216 3197 1283 3252; x_wconf 91' lang='lat' dir='ltr'>satis</span> <span class='ocrx_word' id='word_1_610' title='bbox 1304 3197 1418 3254; x_wconf 89' lang='lat' dir='ltr'>nitidam</span> <span class='ocrx_word' id='word_1_611' title='bbox 1432 3201 1612 3258; x_wconf 89' lang='lat' dir='ltr'>concinnavit</span> <span class='ocrx_word' id='word_1_612' title='bbox 1633 3203 1721 3258; x_wconf 86' lang='lat' dir='ltr'>Tille-</span> 
     </span>
     <span class='ocr_line' id='line_1_90' title="bbox 928 3269 1470 3340; baseline 0.004 -16"><span class='ocrx_word' id='word_1_613' title='bbox 928 3269 1144 3324; x_wconf 87' lang='lat' dir='ltr'>montiuscitato</span> <span class='ocrx_word' id='word_1_614' title='bbox 1160 3278 1234 3324; x_wconf 91' lang='lat' dir='ltr'>tomo</span> <span class='ocrx_word' id='word_1_615' title='bbox 1249 3269 1319 3334; x_wconf 63' lang='grc' dir='ltr'>Νι(</span> <span class='ocrx_word' id='word_1_616' title='bbox 1334 3286 1393 3340; x_wconf 86' lang='lat' dir='ltr'>pag.</span> <span class='ocrx_word' id='word_1_617' title='bbox 1410 3270 1470 3327; x_wconf 81' lang='grc'><strong>311.</strong></span> 
     </span>
    </p>

    <p class='ocr_par' dir='ltr' id='par_1_23' title="bbox 928 3340 1722 3822">
     <span class='ocr_line' id='line_1_91' title="bbox 963 3340 1720 3414; baseline 0.009 -21"><span class='ocrx_word' id='word_1_618' title='bbox 963 3340 1016 3407; x_wconf 85' lang='lat' dir='ltr'>Qui</span> <span class='ocrx_word' id='word_1_619' title='bbox 1028 3341 1141 3394; x_wconf 87' lang='lat' dir='ltr'>tertium</span> <span class='ocrx_word' id='word_1_620' title='bbox 1163 3340 1191 3394; x_wconf 90' lang='lat' dir='ltr'>in</span> <span class='ocrx_word' id='word_1_621' title='bbox 1207 3341 1339 3394; x_wconf 88' lang='lat' dir='ltr'>laterculo</span> <span class='ocrx_word' id='word_1_622' title='bbox 1353 3341 1443 3396; x_wconf 91' lang='lat' dir='ltr'>locum</span> <span class='ocrx_word' id='word_1_623' title='bbox 1458 3352 1573 3414; x_wconf 89' lang='lat' dir='ltr'>occupat</span> <span class='ocrx_word' id='word_1_624' title='bbox 1585 3343 1720 3414; x_wconf 84' lang='lat' dir='ltr'>Marinus,</span> 
     </span>
     <span class='ocr_line' id='line_1_92' title="bbox 929 3410 1720 3496; baseline 0.008 -31"><span class='ocrx_word' id='word_1_625' title='bbox 929 3420 1034 3482; x_wconf 77' lang='lat' dir='ltr'>martyr</span> <span class='ocrx_word' id='word_1_626' title='bbox 1049 3412 1198 3476; x_wconf 83' lang='lat' dir='ltr'>Romanus,</span> <span class='ocrx_word' id='word_1_627' title='bbox 1215 3410 1426 3466; x_wconf 90' lang='lat' dir='ltr'>soliusUsuardi</span> <span class='ocrx_word' id='word_1_628' title='bbox 1442 3420 1492 3478; x_wconf 91' lang='lat' dir='ltr'>est,</span> <span class='ocrx_word' id='word_1_629' title='bbox 1514 3414 1584 3469; x_wconf 88' lang='lat' dir='ltr'>nulli</span> <span class='ocrx_word' id='word_1_630' title='bbox 1596 3415 1720 3496; x_wconf 88' lang='lat' dir='ltr'>antiquo,</span> 
     </span>
     <span class='ocr_line' id='line_1_93' title="bbox 929 3482 1720 3556; baseline 0.009 -20"><span class='ocrx_word' id='word_1_631' title='bbox 929 3499 988 3537; x_wconf 91' lang='lat' dir='ltr'>rum</span> <span class='ocrx_word' id='word_1_632' title='bbox 1006 3482 1254 3552; x_wconf 50' lang='lat' dir='ltr'>n’rartyrologorum</span> <span class='ocrx_word' id='word_1_633' title='bbox 1269 3496 1383 3553; x_wconf 86' lang='lat' dir='ltr'>usquam</span> <span class='ocrx_word' id='word_1_634' title='bbox 1399 3483 1603 3555; x_wconf 80' lang='lat' dir='ltr'>cognitush&#39;on</span> <span class='ocrx_word' id='word_1_635' title='bbox 1614 3486 1720 3556; x_wconf 82' lang='lat' dir='ltr'>divino,</span> 
     </span>
     <span class='ocr_line' id='line_1_94' title="bbox 929 3552 1721 3625; baseline 0.008 -18"><span class='ocrx_word' id='word_1_636' title='bbox 929 3553 1001 3608; x_wconf 90' lang='lat' dir='ltr'>unde</span> <span class='ocrx_word' id='word_1_637' title='bbox 1014 3552 1178 3624; x_wconf 87' lang='lat' dir='ltr'>ejusnotitia</span> <span class='ocrx_word' id='word_1_638' title='bbox 1190 3552 1223 3607; x_wconf 89' lang='lat' dir='ltr'>ad</span> <span class='ocrx_word' id='word_1_639' title='bbox 1237 3552 1366 3608; x_wconf 83' lang='lat' dir='ltr'>Nostrum</span> <span class='ocrx_word' id='word_1_640' title='bbox 1383 3555 1552 3625; x_wconf 88' lang='lat' dir='ltr'>pervene1·it;</span> <span class='ocrx_word' id='word_1_641' title='bbox 1563 3556 1611 3612; x_wconf 89' lang='lat' dir='ltr'>scd</span> <span class='ocrx_word' id='word_1_642' title='bbox 1628 3556 1721 3614; x_wconf 88' lang='lat' dir='ltr'>video·</span> 
     </span>
     <span class='ocr_line' id='line_1_95' title="bbox 931 3623 1721 3701; baseline 0.009 -23"><span class='ocrx_word' id='word_1_643' title='bbox 931 3625 1068 3697; x_wconf 85' lang='lat' dir='ltr'>impuram</span> <span class='ocrx_word' id='word_1_644' title='bbox 1080 3632 1107 3678; x_wconf 91' lang='lat' dir='ltr'>et</span> <span class='ocrx_word' id='word_1_645' title='bbox 1120 3625 1240 3679; x_wconf 92' lang='lat' dir='ltr'>lutosum</span> <span class='ocrx_word' id='word_1_646' title='bbox 1251 3623 1355 3679; x_wconf 85' lang='lat' dir='ltr'>iontem</span> <span class='ocrx_word' id='word_1_647' title='bbox 1366 3641 1424 3680; x_wconf 89' lang='lat' dir='ltr'>esse</span> <span class='ocrx_word' id='word_1_648' title='bbox 1439 3628 1602 3697; x_wconf 91' lang='lat' dir='ltr'>oportuisse,</span> <span class='ocrx_word' id='word_1_649' title='bbox 1617 3644 1651 3683; x_wconf 85' lang='lat' dir='ltr'>cx</span> <span class='ocrx_word' id='word_1_650' title='bbox 1666 3645 1721 3701; x_wconf 90' lang='lat' dir='ltr'>quo</span> 
     </span>
     <span class='ocr_line' id='line_1_96' title="bbox 928 3695 1722 3822; baseline 0.008 -72"><span class='ocrx_word' id='word_1_651' title='bbox 928 3696 1051 3751; x_wconf 83' lang='lat' dir='ltr'>Marinus</span> <span class='ocrx_word' id='word_1_652' title='bbox 1066 3695 1227 3822; x_wconf 72' lang='lat' dir='ltr'>triumphant</span> <span class='ocrx_word' id='word_1_653' title='bbox 1246 3696 1293 3749; x_wconf 81' lang='lat' dir='ltr'>aab</span> <span class='ocrx_word' id='word_1_654' title='bbox 1312 3696 1470 3767; x_wconf 82' lang='lat' dir='ltr'>imperatore</span> <span class='ocrx_word' id='word_1_655' title='bbox 1485 3698 1621 3755; x_wconf 87' lang='lat' dir='ltr'>Martiano</span> <span class='ocrx_word' id='word_1_656' title='bbox 1632 3702 1722 3756; x_wconf 81' lang='lat' dir='ltr'>llomoe</span> 
     </span>
    </p>

    <p class='ocr_par' dir='ltr' id='par_1_24' title="bbox 923 3767 1722 4762">
     <span class='ocr_line' id='line_1_97' title="bbox 1160 3767 1722 3829; baseline 0.011 -8"><span class='ocrx_word' id='word_1_657' title='bbox 1160 3767 1257 3824; x_wconf 88' lang='lat' dir='ltr'>icatur.</span> <span class='ocrx_word' id='word_1_658' title='bbox 1269 3767 1371 3823; x_wconf 81' lang='lat' dir='ltr'>Mutata</span> <span class='ocrx_word' id='word_1_659' title='bbox 1382 3783 1438 3822; x_wconf 90' lang='lat' dir='ltr'>non</span> <span class='ocrx_word' id='word_1_660' title='bbox 1448 3770 1532 3824; x_wconf 89' lang='lat' dir='ltr'>semel</span> <span class='ocrx_word' id='word_1_661' title='bbox 1552 3771 1582 3825; x_wconf 92' lang='lat' dir='ltr'>in</span> <span class='ocrx_word' id='word_1_662' title='bbox 1599 3773 1722 3829; x_wconf 89' lang='lat' dir='ltr'>Romano</span> 
     </span>
     <span class='ocr_line' id='line_1_98' title="bbox 926 3838 1720 3910; baseline 0.006 -17"><span class='ocrx_word' id='word_1_663' title='bbox 926 3838 980 3893; x_wconf 86' lang='lat' dir='ltr'>luit</span> <span class='ocrx_word' id='word_1_664' title='bbox 997 3839 1107 3910; x_wconf 89' lang='lat' dir='ltr'>tyranni</span> <span class='ocrx_word' id='word_1_665' title='bbox 1131 3838 1287 3910; x_wconf 90' lang='lat' dir='ltr'>appellatio,</span> <span class='ocrx_word' id='word_1_666' title='bbox 1300 3846 1331 3894; x_wconf 93' lang='lat' dir='ltr'>ut</span> <span class='ocrx_word' id='word_1_667' title='bbox 1341 3839 1469 3894; x_wconf 90' lang='lat' dir='ltr'>observat</span> <span class='ocrx_word' id='word_1_668' title='bbox 1483 3839 1654 3897; x_wconf 89' lang='lat' dir='ltr'>Castellanus</span> <span class='ocrx_word' id='word_1_669' title='bbox 1665 3859 1720 3908; x_wconf 82' lang='lat' dir='ltr'>me·</span> 
     </span>
     <span class='ocr_line' id='line_1_99' title="bbox 926 3909 1722 3983; baseline 0.004 -18"><span class='ocrx_word' id='word_1_670' title='bbox 926 3927 979 3983; x_wconf 90' lang='lat' dir='ltr'>que</span> <span class='ocrx_word' id='word_1_671' title='bbox 994 3927 1059 3966; x_wconf 88' lang='lat' dir='ltr'>vero</span> <span class='ocrx_word' id='word_1_672' title='bbox 1076 3926 1109 3965; x_wconf 90' lang='lat' dir='ltr'>ex</span> <span class='ocrx_word' id='word_1_673' title='bbox 1119 3911 1195 3966; x_wconf 89' lang='lat' dir='ltr'>Actis</span> <span class='ocrx_word' id='word_1_674' title='bbox 1206 3926 1221 3965; x_wconf 90' lang='lat' dir='ltr'>a</span> <span class='ocrx_word' id='word_1_675' title='bbox 1241 3909 1278 3965; x_wconf 88' lang='lat' dir='ltr'>ud</span> <span class='ocrx_word' id='word_1_676' title='bbox 1288 3909 1488 3978; x_wconf 86' lang='lat' dir='ltr'>Membritium,</span> <span class='ocrx_word' id='word_1_677' title='bbox 1500 3912 1588 3968; x_wconf 88' lang='lat' dir='ltr'>ullum</span> <span class='ocrx_word' id='word_1_678' title='bbox 1600 3913 1722 3970; x_wconf 89' lang='lat' dir='ltr'>occurrit</span> 
     </span>
     <span class='ocr_line' id='line_1_100' title="bbox 927 3926 1719 4108; baseline 0.005 -72"><span class='ocrx_word' id='word_1_679' title='bbox 927 3982 1084 4052; x_wconf 88' lang='lat' dir='ltr'>vestigium,</span> <span class='ocrx_word' id='word_1_680' title='bbox 1095 3997 1189 4053; x_wconf 81' lang='lat' dir='ltr'>exquo</span> <span class='ocrx_word' id='word_1_681' title='bbox 1200 3926 1239 4061; x_wconf 74' lang='lat' dir='ltr'>aci</span> <span class='ocrx_word' id='word_1_682' title='bbox 1253 3980 1345 4038; x_wconf 87' lang='lat' dir='ltr'>C&#39;arini</span> <span class='ocrx_word' id='word_1_683' title='bbox 1370 3983 1464 4108; x_wconf 75' lang='lat' dir='ltr'>potius</span> <span class='ocrx_word' id='word_1_684' title='bbox 1478 3991 1525 4038; x_wconf 90' lang='lat' dir='ltr'>aut</span> <span class='ocrx_word' id='word_1_685' title='bbox 1548 3984 1719 4053; x_wconf 87' lang='lat' dir='ltr'>Numeriani,</span> 
     </span>
     <span class='ocr_line' id='line_1_101' title="bbox 926 4052 1722 4124; baseline 0.008 -18"><span class='ocrx_word' id='word_1_686' title='bbox 926 4069 1007 4124; x_wconf 92' lang='lat' dir='ltr'>quam</span> <span class='ocrx_word' id='word_1_687' title='bbox 1020 4052 1053 4106; x_wconf 93' lang='lat' dir='ltr'>ad</span> <span class='ocrx_word' id='word_1_688' title='bbox 1063 4052 1333 4122; x_wconf 87' lang='lat' dir='ltr'>alteriuscuyuslibet</span> <span class='ocrx_word' id='word_1_689' title='bbox 1342 4062 1368 4108; x_wconf 89' lang='lat' dir='ltr'>et</span> <span class='ocrx_word' id='word_1_690' title='bbox 1392 4053 1446 4108; x_wconf 86' lang='lat' dir='ltr'>uici</span> <span class='ocrx_word' id='word_1_691' title='bbox 1464 4054 1502 4108; x_wconf 92' lang='lat' dir='ltr'>im</span> <span class='ocrx_word' id='word_1_692' title='bbox 1523 4056 1722 4112; x_wconf 83' lang='lat' dir='ltr'>aratoristem-</span> 
     </span>
     <span class='ocr_line' id='line_1_102' title="bbox 926 4073 1721 4202; baseline 0.006 -25"><span class='ocrx_word' id='word_1_693' title='bbox 926 4139 992 4194; x_wconf 90' lang='lat' dir='ltr'>pora</span> <span class='ocrx_word' id='word_1_694' title='bbox 1006 4122 1105 4202; x_wconf 79' lang='lat' dir='ltr'>Marini</span> <span class='ocrx_word' id='word_1_695' title='bbox 1120 4122 1236 4176; x_wconf 88' lang='lat' dir='ltr'>historia</span> <span class='ocrx_word' id='word_1_696' title='bbox 1249 4131 1402 4190; x_wconf 87' lang='lat' dir='ltr'>revocetur,</span> <span class='ocrx_word' id='word_1_697' title='bbox 1430 4141 1490 4196; x_wconf 78' lang='lat' dir='ltr'>qua</span> <span class='ocrx_word' id='word_1_698' title='bbox 1504 4073 1537 4179; x_wconf 71' lang='lat' dir='ltr'>ie.</span> <span class='ocrx_word' id='word_1_699' title='bbox 1557 4137 1656 4183; x_wconf 80' lang='lat' dir='ltr'>catere</span> <span class='ocrx_word' id='word_1_700' title='bbox 1681 4136 1721 4184; x_wconf 94' lang='lat' dir='ltr'>tot</span> 
     </span>
     <span class='ocr_line' id='line_1_103' title="bbox 925 4195 1721 4265; baseline 0.008 -17"><span class='ocrx_word' id='word_1_701' title='bbox 925 4201 1061 4265; x_wconf 83' lang='lat' dir='ltr'>portentis</span> <span class='ocrx_word' id='word_1_702' title='bbox 1077 4199 1206 4247; x_wconf 81' lang='lat' dir='ltr'>contexta</span> <span class='ocrx_word' id='word_1_703' title='bbox 1220 4200 1271 4259; x_wconf 90' lang='lat' dir='ltr'>est,</span> <span class='ocrx_word' id='word_1_704' title='bbox 1293 4202 1323 4247; x_wconf 91' lang='lat' dir='ltr'>nt</span> <span class='ocrx_word' id='word_1_705' title='bbox 1339 4195 1468 4248; x_wconf 90' lang='lat' dir='ltr'>lectorem</span> <span class='ocrx_word' id='word_1_706' title='bbox 1495 4196 1578 4250; x_wconf 91' lang='lat' dir='ltr'>etiam</span> <span class='ocrx_word' id='word_1_707' title='bbox 1599 4199 1721 4254; x_wconf 80' lang='lat' dir='ltr'>mraxime</span> 
     </span>
     <span class='ocr_line' id='line_1_104' title="bbox 925 4263 1721 4334; baseline 0.004 -14"><span class='ocrx_word' id='word_1_708' title='bbox 925 4263 1079 4330; x_wconf 88' lang='lat' dir='ltr'>credulum,</span> <span class='ocrx_word' id='word_1_709' title='bbox 1092 4263 1125 4318; x_wconf 89' lang='lat' dir='ltr'>de</span> <span class='ocrx_word' id='word_1_710' title='bbox 1141 4270 1277 4334; x_wconf 89' lang='lat' dir='ltr'>gestorum</span> <span class='ocrx_word' id='word_1_711' title='bbox 1293 4263 1417 4329; x_wconf 86' lang='lat' dir='ltr'>veritate,</span> <span class='ocrx_word' id='word_1_712' title='bbox 1434 4270 1465 4316; x_wconf 90' lang='lat' dir='ltr'>ut</span> <span class='ocrx_word' id='word_1_713' title='bbox 1480 4264 1626 4319; x_wconf 92' lang='lat' dir='ltr'>minimum</span> <span class='ocrx_word' id='word_1_714' title='bbox 1642 4267 1721 4323; x_wconf 86' lang='lat' dir='ltr'>dubi·</span> 
     </span>
     <span class='ocr_line' id='line_1_105' title="bbox 924 4333 1719 4406; baseline 0.003 -17"><span class='ocrx_word' id='word_1_715' title='bbox 924 4343 982 4390; x_wconf 89' lang='lat' dir='ltr'>tare</span> <span class='ocrx_word' id='word_1_716' title='bbox 996 4334 1142 4406; x_wconf 88' lang='lat' dir='ltr'>compellat</span> <span class='ocrx_word' id='word_1_717' title='bbox 1159 4352 1164 4388; x_wconf 95' lang='lat'><strong>:</strong></span> <span class='ocrx_word' id='word_1_718' title='bbox 1177 4333 1371 4388; x_wconf 77' lang='lat' dir='ltr'>&#39;tillemontius</span> <span class='ocrx_word' id='word_1_719' title='bbox 1390 4350 1443 4388; x_wconf 93' lang='lat' dir='ltr'>non</span> <span class='ocrx_word' id='word_1_720' title='bbox 1461 4342 1571 4388; x_wconf 87' lang='lat' dir='ltr'>veretur</span> <span class='ocrx_word' id='word_1_721' title='bbox 1582 4344 1656 4390; x_wconf 85' lang='lat' dir='ltr'>torno</span> <span class='ocrx_word' id='word_1_722' title='bbox 1670 4337 1719 4405; x_wconf 85' lang='lat' dir='ltr'>lV,</span> 
     </span>
     <span class='ocr_line' id='line_1_106' title="bbox 943 4404 1718 4486; baseline 0.004 -27"><span class='ocrx_word' id='word_1_723' title='bbox 943 4422 985 4476; x_wconf 90' lang='lat' dir='ltr'>ag.</span> <span class='ocrx_word' id='word_1_724' title='bbox 1001 4404 1064 4472; x_wconf 81' lang='lat'>568,</span> <span class='ocrx_word' id='word_1_725' title='bbox 1082 4414 1112 4460; x_wconf 90' lang='lat' dir='ltr'>ut</span> <span class='ocrx_word' id='word_1_726' title='bbox 1136 4419 1237 4474; x_wconf 90' lang='lat' dir='ltr'>purum</span> <span class='ocrx_word' id='word_1_727' title='bbox 1257 4412 1353 4475; x_wconf 89' lang='lat' dir='ltr'>putum</span> <span class='ocrx_word' id='word_1_728' title='bbox 1383 4412 1571 4460; x_wconf 88' lang='lat' dir='ltr'>commentum</span> <span class='ocrx_word' id='word_1_729' title='bbox 1596 4405 1718 4486; x_wconf 65' lang='lat' dir='ltr'>rejicere.</span> 
     </span>
     <span class='ocr_line' id='line_1_107' title="bbox 924 4422 1720 4546; baseline 0.003 -15"><span class='ocrx_word' id='word_1_730' title='bbox 924 4422 1053 4531; x_wconf 66' lang='lat' dir='ltr'>Rostrum</span> <span class='ocrx_word' id='word_1_731' title='bbox 1072 4475 1124 4529; x_wconf 89' lang='lat' dir='ltr'>erit</span> <span class='ocrx_word' id='word_1_732' title='bbox 1139 4490 1188 4529; x_wconf 92' lang='lat' dir='ltr'>suo</span> <span class='ocrx_word' id='word_1_733' title='bbox 1201 4476 1261 4529; x_wconf 92' lang='lat' dir='ltr'>loco</span> <span class='ocrx_word' id='word_1_734' title='bbox 1273 4474 1419 4546; x_wconf 86' lang='lat' dir='ltr'>dispicere,</span> <span class='ocrx_word' id='word_1_735' title='bbox 1443 4490 1477 4529; x_wconf 91' lang='lat' dir='ltr'>an</span> <span class='ocrx_word' id='word_1_736' title='bbox 1488 4476 1584 4531; x_wconf 90' lang='lat' dir='ltr'>saltem</span> <span class='ocrx_word' id='word_1_737' title='bbox 1596 4492 1635 4530; x_wconf 85' lang='lat' dir='ltr'>rer</span> <span class='ocrx_word' id='word_1_738' title='bbox 1649 4477 1720 4533; x_wconf 92' lang='lat' dir='ltr'>sub-</span> 
     </span>
     <span class='ocr_line' id='line_1_108' title="bbox 924 4544 1719 4620; baseline 0.004 -18"><span class='ocrx_word' id='word_1_739' title='bbox 924 4547 1025 4602; x_wconf 89' lang='lat' dir='ltr'>stantia</span> <span class='ocrx_word' id='word_1_740' title='bbox 1044 4544 1256 4602; x_wconf 90' lang='lat' dir='ltr'>incredibilibus</span> <span class='ocrx_word' id='word_1_741' title='bbox 1278 4554 1305 4600; x_wconf 88' lang='lat' dir='ltr'>et</span> <span class='ocrx_word' id='word_1_742' title='bbox 1319 4546 1390 4601; x_wconf 89' lang='lat' dir='ltr'>male</span> <span class='ocrx_word' id='word_1_743' title='bbox 1405 4545 1520 4617; x_wconf 87' lang='lat' dir='ltr'>digestis</span> <span class='ocrx_word' id='word_1_744' title='bbox 1530 4547 1664 4620; x_wconf 89' lang='lat' dir='ltr'>prodigiis</span> <span class='ocrx_word' id='word_1_745' title='bbox 1678 4557 1719 4605; x_wconf 95' lang='lat' dir='ltr'>ut·</span> 
     </span>
     <span class='ocr_line' id='line_1_109' title="bbox 923 4615 1719 4690; baseline 0.004 -17"><span class='ocrx_word' id='word_1_746' title='bbox 923 4634 1031 4690; x_wconf 90' lang='lat' dir='ltr'>cunque</span> <span class='ocrx_word' id='word_1_747' title='bbox 1053 4617 1179 4689; x_wconf 87' lang='lat' dir='ltr'>spoliata,</span> <span class='ocrx_word' id='word_1_748' title='bbox 1205 4615 1239 4672; x_wconf 89' lang='lat' dir='ltr'>ad</span> <span class='ocrx_word' id='word_1_749' title='bbox 1262 4616 1424 4673; x_wconf 86' lang='lat' dir='ltr'>historicam</span> <span class='ocrx_word' id='word_1_750' title='bbox 1445 4618 1719 4677; x_wconf 87' lang='lat' dir='ltr'>verisimilitudinem</span> 
     </span>
     <span class='ocr_line' id='line_1_110' title="bbox 924 4689 1200 4762; baseline -0.004 -17"><span class='ocrx_word' id='word_1_751' title='bbox 924 4689 1017 4745; x_wconf 91' lang='lat' dir='ltr'>reduci</span> <span class='ocrx_word' id='word_1_752' title='bbox 1032 4705 1088 4744; x_wconf 89' lang='lat' dir='ltr'>non</span> <span class='ocrx_word' id='word_1_753' title='bbox 1104 4689 1200 4762; x_wconf 90' lang='lat' dir='ltr'>possit.</span> 
     </span>
    </p>
   </div>
   <div class='ocr_carea' id='block_1_22' title="bbox 785 4824 975 4883">
    <p class='ocr_par' dir='ltr' id='par_1_25' title="bbox 785 4824 975 4883">
     <span class='ocr_line' id='line_1_111' title="bbox 785 4824 975 4883; baseline -0.005 -2"><span class='ocrx_word' id='word_1_754' title='bbox 785 4824 975 4883; x_wconf 83' lang='lat' dir='ltr'>AUCTARIA.</span> 
     </span>
    </p>
   </div>
   <div class='ocr_carea' id='block_1_23' title="bbox 66 4924 871 5283">
    <p class='ocr_par' dir='ltr' id='par_1_26' title="bbox 68 4924 870 5069">
     <span class='ocr_line' id='line_1_112' title="bbox 105 4924 870 4993; baseline 0 -13"><span class='ocrx_word' id='word_1_755' title='bbox 105 4927 266 4981; x_wconf 79' lang='lat' dir='ltr'>Toanacrv.</span> <span class='ocrx_word' id='word_1_756' title='bbox 283 4925 330 4981; x_wconf 92' lang='lat' dir='ltr'>hic</span> <span class='ocrx_word' id='word_1_757' title='bbox 344 4942 439 4981; x_wconf 88' lang='lat' dir='ltr'>rursus</span> <span class='ocrx_word' id='word_1_758' title='bbox 462 4924 571 4981; x_wconf 85' lang='lat' dir='ltr'>delecta</span> <span class='ocrx_word' id='word_1_759' title='bbox 599 4924 713 4993; x_wconf 89' lang='lat' dir='ltr'>laborat,</span> <span class='ocrx_word' id='word_1_760' title='bbox 738 4924 870 4980; x_wconf 88' lang='lat' dir='ltr'>omittens</span> 
     </span>
     <span class='ocr_line' id='line_1_113' title="bbox 68 4996 344 5069; baseline -0.014 -15"><span class='ocrx_word' id='word_1_761' title='bbox 68 4998 194 5069; x_wconf 83' lang='lat' dir='ltr'>elogium</span> <span class='ocrx_word' id='word_1_762' title='bbox 204 4996 344 5068; x_wconf 89' lang='lat' dir='ltr'>Dionysii.</span> 
     </span>
    </p>

    <p class='ocr_par' dir='ltr' id='par_1_27' title="bbox 66 5067 871 5283">
     <span class='ocr_line' id='line_1_114' title="bbox 103 5067 870 5151; baseline -0.003 -27"><span class='ocrx_word' id='word_1_763' title='bbox 103 5070 265 5124; x_wconf 69' lang='grc' dir='ltr'>Ρυιειιιιιιι.</span> <span class='ocrx_word' id='word_1_764' title='bbox 290 5067 330 5123; x_wconf 88' lang='lat' dir='ltr'>sic</span> <span class='ocrx_word' id='word_1_765' title='bbox 354 5067 436 5124; x_wconf 89' lang='lat' dir='ltr'>habet</span> <span class='ocrx_word' id='word_1_766' title='bbox 459 5069 493 5125; x_wconf 90' lang='lat' dir='ltr'>de</span> <span class='ocrx_word' id='word_1_767' title='bbox 519 5069 683 5151; x_wconf 89' lang='lat' dir='ltr'>Stephano:</span> <span class='ocrx_word' id='word_1_768' title='bbox 717 5067 794 5135; x_wconf 73' lang='lat' dir='ltr'>«Qut</span> <span class='ocrx_word' id='word_1_769' title='bbox 814 5084 870 5123; x_wconf 91' lang='lat' dir='ltr'>non</span> 
     </span>
     <span class='ocr_line' id='line_1_115' title="bbox 68 5139 869 5212; baseline -0.002 -17"><span class='ocrx_word' id='word_1_770' title='bbox 68 5140 160 5195; x_wconf 89' lang='lat' dir='ltr'>multa</span> <span class='ocrx_word' id='word_1_771' title='bbox 180 5148 242 5210; x_wconf 87' lang='lat' dir='ltr'>post</span> <span class='ocrx_word' id='word_1_772' title='bbox 262 5139 448 5196; x_wconf 85' lang='lat' dir='ltr'>ascensionem</span> <span class='ocrx_word' id='word_1_773' title='bbox 464 5140 588 5204; x_wconf 82' lang='lat' dir='ltr'>Domini,</span> <span class='ocrx_word' id='word_1_774' title='bbox 599 5140 632 5195; x_wconf 91' lang='lat' dir='ltr'>ab</span> <span class='ocrx_word' id='word_1_775' title='bbox 647 5140 790 5212; x_wconf 88' lang='lat' dir='ltr'>apostolis,</span> <span class='ocrx_word' id='word_1_776' title='bbox 806 5155 869 5195; x_wconf 93' lang='lat' dir='ltr'>cum</span> 
     </span>
     <span class='ocr_line' id='line_1_116' title="bbox 66 5209 871 5283; baseline -0.005 -15"><span class='ocrx_word' id='word_1_777' title='bbox 66 5219 142 5268; x_wconf 88' lang='lat' dir='ltr'>esset</span> <span class='ocrx_word' id='word_1_778' title='bbox 157 5212 256 5282; x_wconf 89' lang='lat' dir='ltr'>plenus</span> <span class='ocrx_word' id='word_1_779' title='bbox 273 5209 327 5265; x_wconf 90' lang='lat' dir='ltr'>fide</span> <span class='ocrx_word' id='word_1_780' title='bbox 337 5218 364 5265; x_wconf 89' lang='lat' dir='ltr'>et</span> <span class='ocrx_word' id='word_1_781' title='bbox 374 5211 479 5283; x_wconf 90' lang='lat' dir='ltr'>Spiritu</span> <span class='ocrx_word' id='word_1_782' title='bbox 494 5220 600 5278; x_wconf 89' lang='lat' dir='ltr'>sancto,</span> <span class='ocrx_word' id='word_1_783' title='bbox 613 5212 746 5268; x_wconf 86' lang='lat' dir='ltr'>diaconus</span> <span class='ocrx_word' id='word_1_784' title='bbox 765 5217 806 5265; x_wconf 90' lang='lat' dir='ltr'>est</span> <span class='ocrx_word' id='word_1_785' title='bbox 821 5227 871 5265; x_wconf 95' lang='lat' dir='ltr'>or-</span> 
     </span>
    </p>
   </div>
   <div class='ocr_carea' id='block_1_24' title="bbox 923 4922 1722 5278">
    <p class='ocr_par' dir='ltr' id='par_1_28' title="bbox 923 4922 1720 5064">
     <span class='ocr_line' id='line_1_117' title="bbox 923 4922 1720 4994; baseline -0.001 -16"><span class='ocrx_word' id='word_1_786' title='bbox 923 4923 1037 4979; x_wconf 90' lang='lat' dir='ltr'>tradunt</span> <span class='ocrx_word' id='word_1_787' title='bbox 1049 4922 1182 4990; x_wconf 82' lang='lat' dir='ltr'>historia,</span> <span class='ocrx_word' id='word_1_788' title='bbox 1210 4939 1258 4994; x_wconf 90' lang='lat' dir='ltr'>pro</span> <span class='ocrx_word' id='word_1_789' title='bbox 1279 4939 1361 4978; x_wconf 88' lang='lat' dir='ltr'>causa</span> <span class='ocrx_word' id='word_1_790' title='bbox 1374 4924 1514 4980; x_wconf 79' lang='lat' dir='ltr'>translatae</span> <span class='ocrx_word' id='word_1_791' title='bbox 1528 4933 1602 4980; x_wconf 89' lang='lat' dir='ltr'>sunt.</span> <span class='ocrx_word' id='word_1_792' title='bbox 1619 4948 1627 4971; x_wconf 71' lang='grc' dir='ltr'>ι</span> <span class='ocrx_word' id='word_1_793' title='bbox 1650 4923 1720 4979; x_wconf 89' lang='lat' dir='ltr'>Vide</span> 
     </span>
     <span class='ocr_line' id='line_1_118' title="bbox 923 4994 1251 5064; baseline -0.006 -13"><span class='ocrx_word' id='word_1_794' title='bbox 923 4995 956 5051; x_wconf 89' lang='lat' dir='ltr'>de</span> <span class='ocrx_word' id='word_1_795' title='bbox 972 4994 1016 5050; x_wconf 90' lang='lat' dir='ltr'>his</span> <span class='ocrx_word' id='word_1_796' title='bbox 1029 4995 1251 5064; x_wconf 75' lang='lat' dir='ltr'>Observationes</span> 
     </span>
    </p>

    <p class='ocr_par' dir='ltr' id='par_1_29' title="bbox 924 5062 1722 5278">
     <span class='ocr_line' id='line_1_119' title="bbox 959 5062 1721 5138; baseline -0.005 -17"><span class='ocrx_word' id='word_1_797' title='bbox 959 5067 1082 5121; x_wconf 80' lang='lat' dir='ltr'>Acarna.</span> <span class='ocrx_word' id='word_1_798' title='bbox 1099 5072 1127 5120; x_wconf 89' lang='lat' dir='ltr'>et</span> <span class='ocrx_word' id='word_1_799' title='bbox 1141 5067 1238 5120; x_wconf 73' lang='lat' dir='ltr'>[laniis.</span> <span class='ocrx_word' id='word_1_800' title='bbox 1254 5065 1287 5121; x_wconf 92' lang='lat' dir='ltr'>de</span> <span class='ocrx_word' id='word_1_801' title='bbox 1302 5067 1448 5138; x_wconf 87' lang='lat' dir='ltr'>Dionysio,</span> <span class='ocrx_word' id='word_1_802' title='bbox 1464 5073 1526 5137; x_wconf 91' lang='lat' dir='ltr'>post</span> <span class='ocrx_word' id='word_1_803' title='bbox 1538 5064 1646 5135; x_wconf 68' lang='lat' dir='ltr'>spalat,</span> <span class='ocrx_word' id='word_1_804' title='bbox 1667 5062 1721 5118; x_wconf 91' lang='lat' dir='ltr'>ad-</span> 
     </span>
     <span class='ocr_line' id='line_1_120' title="bbox 924 5133 1721 5208; baseline -0.005 -15"><span class='ocrx_word' id='word_1_805' title='bbox 924 5137 994 5193; x_wconf 88' lang='lat' dir='ltr'>dunt</span> <span class='ocrx_word' id='word_1_806' title='bbox 1010 5155 1016 5191; x_wconf 93' lang='lat'><strong>:</strong></span> <span class='ocrx_word' id='word_1_807' title='bbox 1038 5161 1047 5182; x_wconf 83' lang='lat'>‹</span> <span class='ocrx_word' id='word_1_808' title='bbox 1063 5137 1112 5191; x_wconf 94' lang='lat' dir='ltr'>llic</span> <span class='ocrx_word' id='word_1_809' title='bbox 1122 5136 1249 5191; x_wconf 89' lang='lat' dir='ltr'>ecclesias</span> <span class='ocrx_word' id='word_1_810' title='bbox 1260 5145 1287 5191; x_wconf 91' lang='lat' dir='ltr'>et</span> <span class='ocrx_word' id='word_1_811' title='bbox 1301 5139 1445 5207; x_wconf 87' lang='lat' dir='ltr'>parochias</span> <span class='ocrx_word' id='word_1_812' title='bbox 1459 5134 1626 5208; x_wconf 84' lang='lat' dir='ltr'>presbyteris</span> <span class='ocrx_word' id='word_1_813' title='bbox 1649 5133 1721 5189; x_wconf 92' lang='lat' dir='ltr'>divi·</span> 
     </span>
     <span class='ocr_line' id='line_1_121' title="bbox 924 5206 1722 5278; baseline -0.003 -15"><span class='ocrx_word' id='word_1_814' title='bbox 924 5208 971 5275; x_wconf 90' lang='lat' dir='ltr'>sit,</span> <span class='ocrx_word' id='word_1_815' title='bbox 987 5217 1013 5262; x_wconf 89' lang='lat' dir='ltr'>et</span> <span class='ocrx_word' id='word_1_816' title='bbox 1026 5207 1322 5278; x_wconf 67' lang='lat' dir='ltr'>dyocesesconstituit.</span> <span class='ocrx_word' id='word_1_817' title='bbox 1340 5232 1348 5253; x_wconf 86' lang='lat'><strong>·</strong></span> <span class='ocrx_word' id='word_1_818' title='bbox 1371 5208 1482 5274; x_wconf 79' lang='lat' dir='ltr'>Qttreex</span> <span class='ocrx_word' id='word_1_819' title='bbox 1501 5206 1597 5262; x_wconf 90' lang='lat' dir='ltr'>Adane</span> <span class='ocrx_word' id='word_1_820' title='bbox 1611 5213 1722 5276; x_wconf 86' lang='lat' dir='ltr'>accepta</span> 
     </span>
    </p>
   </div>
   <div class='ocr_carea' id='block_1_25' title="bbox 66 5277 1719 5362">
    <p class='ocr_par' dir='ltr' id='par_1_30' title="bbox 66 5277 1719 5362">
     <span class='ocr_line' id='line_1_122' title="bbox 66 5277 1719 5362; baseline -0.005 -23"><span class='ocrx_word' id='word_1_821' title='bbox 66 5282 195 5349; x_wconf 87' lang='lat' dir='ltr'>dinatus,</span> <span class='ocrx_word' id='word_1_822' title='bbox 210 5289 292 5354; x_wconf 87' lang='lat' dir='ltr'>atque</span> <span class='ocrx_word' id='word_1_823' title='bbox 306 5281 401 5337; x_wconf 86' lang='lat' dir='ltr'>eodem</span> <span class='ocrx_word' id='word_1_824' title='bbox 417 5299 490 5339; x_wconf 88' lang='lat' dir='ltr'>anno</span> <span class='ocrx_word' id='word_1_825' title='bbox 511 5299 567 5356; x_wconf 85' lang='lat' dir='ltr'>qno</span> <span class='ocrx_word' id='word_1_826' title='bbox 581 5289 608 5337; x_wconf 91' lang='lat' dir='ltr'>et</span> <span class='ocrx_word' id='word_1_827' title='bbox 619 5283 746 5339; x_wconf 85' lang='lat' dir='ltr'>Christus</span> <span class='ocrx_word' id='word_1_828' title='bbox 765 5296 869 5362; x_wconf 87' lang='lat' dir='ltr'>passus,</span> <span class='ocrx_word' id='word_1_829' title='bbox 887 5287 999 5359; x_wconf 77' lang='lat' dir='ltr'>Donat,</span> <span class='ocrx_word' id='word_1_830' title='bbox 1019 5278 1091 5332; x_wconf 89' lang='lat' dir='ltr'>sicut</span> <span class='ocrx_word' id='word_1_831' title='bbox 1104 5286 1131 5333; x_wconf 90' lang='lat' dir='ltr'>et</span> <span class='ocrx_word' id='word_1_832' title='bbox 1145 5293 1260 5350; x_wconf 83' lang='lat' dir='ltr'>sequens</span> <span class='ocrx_word' id='word_1_833' title='bbox 1275 5280 1452 5334; x_wconf 86' lang='lat' dir='ltr'>annuntiatio</span> <span class='ocrx_word' id='word_1_834' title='bbox 1468 5279 1501 5334; x_wconf 90' lang='lat' dir='ltr'>de</span> <span class='ocrx_word' id='word_1_835' title='bbox 1515 5277 1626 5333; x_wconf 88' lang='lat' dir='ltr'>Zosimo</span> <span class='ocrx_word' id='word_1_836' title='bbox 1641 5292 1719 5348; x_wconf 89' lang='lat' dir='ltr'>papa,</span> 
     </span>
    </p>
   </div>
   <div class='ocr_carea' id='block_1_26' title="bbox 65 5351 875 5855">
    <p class='ocr_par' dir='ltr' id='par_1_31' title="bbox 65 5351 872 5554">
     <span class='ocr_line' id='line_1_123' title="bbox 65 5351 871 5423; baseline -0.004 -15"><span class='ocrx_word' id='word_1_837' title='bbox 65 5371 83 5408; x_wconf 90' lang='lat' dir='ltr'>a</span> <span class='ocrx_word' id='word_1_838' title='bbox 107 5352 213 5409; x_wconf 80' lang='lat' dir='ltr'>ludatis</span> <span class='ocrx_word' id='word_1_839' title='bbox 226 5362 267 5409; x_wconf 89' lang='lat' dir='ltr'>est</span> <span class='ocrx_word' id='word_1_840' title='bbox 287 5351 459 5423; x_wconf 77' lang='lat' dir='ltr'>lapidatus.»</span> <span class='ocrx_word' id='word_1_841' title='bbox 489 5353 569 5411; x_wconf 88' lang='lat' dir='ltr'>Caret</span> <span class='ocrx_word' id='word_1_842' title='bbox 581 5361 639 5409; x_wconf 88' lang='lat' dir='ltr'>tota</span> <span class='ocrx_word' id='word_1_843' title='bbox 661 5351 871 5408; x_wconf 83' lang='lat' dir='ltr'>annuntiatione</span> 
     </span>
     <span class='ocr_line' id='line_1_124' title="bbox 66 5422 872 5496; baseline -0.007 -14"><span class='ocrx_word' id='word_1_844' title='bbox 66 5423 202 5496; x_wconf 88' lang='lat' dir='ltr'>Dionysii</span> <span class='ocrx_word' id='word_1_845' title='bbox 217 5441 225 5491; x_wconf 91' lang='grc'>;</span> <span class='ocrx_word' id='word_1_846' title='bbox 242 5423 272 5478; x_wconf 84' lang='grc' dir='ltr'>ἰιι</span> <span class='ocrx_word' id='word_1_847' title='bbox 285 5422 392 5481; x_wconf 81' lang='lat' dir='ltr'>hiarino</span> <span class='ocrx_word' id='word_1_848' title='bbox 406 5433 498 5482; x_wconf 87' lang='lat' dir='ltr'>autem</span> <span class='ocrx_word' id='word_1_849' title='bbox 513 5424 634 5495; x_wconf 87' lang='lat' dir='ltr'>elogium</span> <span class='ocrx_word' id='word_1_850' title='bbox 648 5423 796 5496; x_wconf 83' lang='lat' dir='ltr'>expunxit,</span> <span class='ocrx_word' id='word_1_851' title='bbox 811 5430 872 5493; x_wconf 88' lang='lat' dir='ltr'>post</span> 
     </span>
     <span class='ocr_line' id='line_1_125' title="bbox 65 5494 296 5554; baseline -0.017 -2"><span class='ocrx_word' id='word_1_852' title='bbox 65 5494 220 5554; x_wconf 69' lang='lat' dir='ltr'>elarisami</span> <span class='ocrx_word' id='word_1_853' title='bbox 232 5494 296 5549; x_wconf 81' lang='lat' dir='ltr'>atri.</span> 
     </span>
    </p>

    <p class='ocr_par' dir='ltr' id='par_1_32' title="bbox 66 5564 875 5855">
     <span class='ocr_line' id='line_1_126' title="bbox 103 5564 873 5648; baseline -0.004 -24"><span class='ocrx_word' id='word_1_854' title='bbox 103 5566 258 5624; x_wconf 72' lang='lat' dir='ltr'>himma.</span> <span class='ocrx_word' id='word_1_855' title='bbox 293 5564 426 5648; x_wconf 90' lang='lat' dir='ltr'>Stephani</span> <span class='ocrx_word' id='word_1_856' title='bbox 454 5567 574 5640; x_wconf 89' lang='lat' dir='ltr'>elogium</span> <span class='ocrx_word' id='word_1_857' title='bbox 602 5565 791 5638; x_wconf 91' lang='lat' dir='ltr'>interpolavit,</span> <span class='ocrx_word' id='word_1_858' title='bbox 812 5572 873 5637; x_wconf 91' lang='lat' dir='ltr'>post</span> 
     </span>
     <span class='ocr_line' id='line_1_127' title="bbox 66 5636 873 5710; baseline -0.007 -14"><span class='ocrx_word' id='word_1_859' title='bbox 66 5636 463 5710; x_wconf 66' lang='lat' dir='ltr'>mesopotamiensis</span> <span class='ocrx_word' id='word_1_860' title='bbox 479 5654 592 5696; x_wconf 78' lang='lat' dir='ltr'>«meuse</span> <span class='ocrx_word' id='word_1_861' title='bbox 601 5637 731 5709; x_wconf 80' lang='lat' dir='ltr'>Augusti·</span> <span class='ocrx_word' id='word_1_862' title='bbox 749 5644 791 5705; x_wconf 88' lang='lat' dir='ltr'>;et</span> <span class='ocrx_word' id='word_1_863' title='bbox 801 5637 873 5691; x_wconf 88' lang='lat' dir='ltr'>inter</span> 
     </span>
     <span class='ocr_line' id='line_1_128' title="bbox 67 5707 872 5787; baseline -0.005 -20"><span class='ocrx_word' id='word_1_864' title='bbox 67 5707 236 5767; x_wconf 62' lang='lat' dir='ltr'>mamm</span> <span class='ocrx_word' id='word_1_865' title='bbox 244 5720 278 5767; x_wconf 81' lang='lat' dir='ltr'>ac</span> <span class='ocrx_word' id='word_1_866' title='bbox 289 5713 435 5783; x_wconf 63' lang='lat' dir='ltr'>mattam,</span> <span class='ocrx_word' id='word_1_867' title='bbox 444 5709 525 5787; x_wconf 88' lang='lat' dir='ltr'>ponit</span> <span class='ocrx_word' id='word_1_868' title='bbox 538 5734 548 5760; x_wconf 80' lang='grc' dir='ltr'>ι</span> <span class='ocrx_word' id='word_1_869' title='bbox 562 5707 684 5776; x_wconf 76' lang='grc' dir='ltr'>1ιο(11(ι;ι</span> <span class='ocrx_word' id='word_1_870' title='bbox 705 5707 872 5780; x_wconf 85' lang='lat' dir='ltr'>subjungens</span> 
     </span>
     <span class='ocr_line' id='line_1_129' title="bbox 67 5776 875 5855; baseline -0.006 -16"><span class='ocrx_word' id='word_1_871' title='bbox 67 5776 177 5839; x_wconf 75' lang='lat' dir='ltr'>deinde</span> <span class='ocrx_word' id='word_1_872' title='bbox 191 5796 201 5837; x_wconf 88' lang='lat'>:</span> <span class='ocrx_word' id='word_1_873' title='bbox 221 5800 236 5831; x_wconf 73' lang='grc' dir='ltr'>ι</span> <span class='ocrx_word' id='word_1_874' title='bbox 243 5776 314 5851; x_wconf 70' lang='lat' dir='ltr'>Dua</span> <span class='ocrx_word' id='word_1_875' title='bbox 325 5778 501 5855; x_wconf 68' lang='lat' dir='ltr'>lotivitater,</span> <span class='ocrx_word' id='word_1_876' title='bbox 516 5790 549 5840; x_wconf 90' lang='lat' dir='ltr'>ut</span> <span class='ocrx_word' id='word_1_877' title='bbox 558 5782 830 5852; x_wconf 80' lang='lat' dir='ltr'>Doctoresasserqat,</span> <span class='ocrx_word' id='word_1_878' title='bbox 847 5785 875 5836; x_wconf 89' lang='lat' dir='ltr'>et</span> 
     </span>
    </p>
   </div>
   <div class='ocr_carea' id='block_1_27' title="bbox 210 5868 485 6006">
    <p class='ocr_par' dir='ltr' id='par_1_33' title="bbox 210 5868 485 6006">
     <span class='ocr_line' id='line_1_130' title="bbox 210 5868 485 6006; baseline -0.015 -65"><span class='ocrx_word' id='word_1_879' title='bbox 210 5868 343 5943; x_wconf 65' lang='lat' dir='ltr'>*tm</span> <span class='ocrx_word' id='word_1_880' title='bbox 357 5874 485 6006; x_wconf 46' lang='lat' dir='ltr'>mdiv.</span> 
     </span>
    </p>
   </div>
   <div class='ocr_carea' id='block_1_28' title="bbox 926 5347 1724 5834">
    <p class='ocr_par' dir='ltr' id='par_1_34' title="bbox 926 5347 1724 5834">
     <span class='ocr_line' id='line_1_131' title="bbox 926 5347 1722 5421; baseline 0.001 -18"><span class='ocrx_word' id='word_1_881' title='bbox 926 5366 985 5421; x_wconf 84' lang='lat' dir='ltr'>quae</span> <span class='ocrx_word' id='word_1_882' title='bbox 1003 5349 1095 5404; x_wconf 90' lang='lat' dir='ltr'>nescio</span> <span class='ocrx_word' id='word_1_883' title='bbox 1120 5365 1169 5404; x_wconf 91' lang='lat' dir='ltr'>cur</span> <span class='ocrx_word' id='word_1_884' title='bbox 1195 5348 1228 5402; x_wconf 87' lang='lat' dir='ltr'>ab</span> <span class='ocrx_word' id='word_1_885' title='bbox 1260 5349 1383 5404; x_wconf 88' lang='lat' dir='ltr'>Usuardo</span> <span class='ocrx_word' id='word_1_886' title='bbox 1406 5349 1589 5420; x_wconf 77' lang='lat' dir='ltr'>pretermissa</span> <span class='ocrx_word' id='word_1_887' title='bbox 1612 5347 1659 5402; x_wconf 90' lang='lat' dir='ltr'>sit.</span> <span class='ocrx_word' id='word_1_888' title='bbox 1675 5347 1722 5404; x_wconf 87' lang='lat' dir='ltr'>Sic</span> 
     </span>
     <span class='ocr_line' id='line_1_132' title="bbox 926 5419 1722 5499; baseline -0.003 -23"><span class='ocrx_word' id='word_1_889' title='bbox 926 5421 1028 5476; x_wconf 86' lang='lat' dir='ltr'>habent</span> <span class='ocrx_word' id='word_1_890' title='bbox 1045 5439 1050 5476; x_wconf 93' lang='lat'>:</span> <span class='ocrx_word' id='word_1_891' title='bbox 1077 5421 1162 5474; x_wconf 86' lang='lat' dir='ltr'>«ltem</span> <span class='ocrx_word' id='word_1_892' title='bbox 1173 5420 1276 5485; x_wconf 88' lang='lat' dir='ltr'>Romae,</span> <span class='ocrx_word' id='word_1_893' title='bbox 1288 5420 1376 5474; x_wconf 89' lang='lat' dir='ltr'>sancti</span> <span class='ocrx_word' id='word_1_894' title='bbox 1388 5420 1489 5475; x_wconf 88' lang='lat' dir='ltr'>Zosimi</span> <span class='ocrx_word' id='word_1_895' title='bbox 1507 5436 1591 5490; x_wconf 80' lang='lat' dir='ltr'>papae,</span> <span class='ocrx_word' id='word_1_896' title='bbox 1603 5419 1651 5490; x_wconf 92' lang='lat' dir='ltr'>qui</span> <span class='ocrx_word' id='word_1_897' title='bbox 1661 5425 1722 5499; x_wconf 88' lang='lat' dir='ltr'>post</span> 
     </span>
     <span class='ocr_line' id='line_1_133' title="bbox 926 5490 1722 5548; baseline -0.003 -1"><span class='ocrx_word' id='word_1_898' title='bbox 926 5493 1034 5548; x_wconf 90' lang='lat' dir='ltr'>beatum</span> <span class='ocrx_word' id='word_1_899' title='bbox 1047 5493 1157 5546; x_wconf 91' lang='lat' dir='ltr'>Petrum</span> <span class='ocrx_word' id='word_1_900' title='bbox 1169 5506 1237 5543; x_wconf 78' lang='grc' dir='ltr'>ιιιιιι</span> <span class='ocrx_word' id='word_1_901' title='bbox 1250 5490 1396 5545; x_wconf 89' lang='lat' dir='ltr'>constituit</span> <span class='ocrx_word' id='word_1_902' title='bbox 1415 5507 1522 5547; x_wconf 87' lang='lat' dir='ltr'>cereum</span> <span class='ocrx_word' id='word_1_903' title='bbox 1546 5491 1672 5547; x_wconf 83' lang='lat' dir='ltr'>benedict</span> <span class='ocrx_word' id='word_1_904' title='bbox 1693 5491 1722 5546; x_wconf 89' lang='lat' dir='ltr'>iu</span> 
     </span>
     <span class='ocr_line' id='line_1_134' title="bbox 927 5559 1724 5644; baseline 0 -27"><span class='ocrx_word' id='word_1_905' title='bbox 927 5564 1039 5618; x_wconf 89' lang='lat' dir='ltr'>sabbato</span> <span class='ocrx_word' id='word_1_906' title='bbox 1053 5563 1172 5619; x_wconf 88' lang='lat' dir='ltr'>Paschae.</span> <span class='ocrx_word' id='word_1_907' title='bbox 1189 5584 1198 5606; x_wconf 83' lang='lat'><strong>·</strong></span> <span class='ocrx_word' id='word_1_908' title='bbox 1220 5559 1290 5614; x_wconf 86' lang='lat' dir='ltr'>Vide</span> <span class='ocrx_word' id='word_1_909' title='bbox 1310 5560 1436 5617; x_wconf 85' lang='lat' dir='ltr'>Adonem</span> <span class='ocrx_word' id='word_1_910' title='bbox 1456 5563 1557 5633; x_wconf 90' lang='lat' dir='ltr'>ipsum,</span> <span class='ocrx_word' id='word_1_911' title='bbox 1572 5569 1653 5644; x_wconf 90' lang='lat' dir='ltr'>atque</span> <span class='ocrx_word' id='word_1_912' title='bbox 1668 5577 1724 5617; x_wconf 86' lang='lat' dir='ltr'>una</span> 
     </span>
     <span class='ocr_line' id='line_1_135' title="bbox 927 5629 1723 5707; baseline -0.001 -18"><span class='ocrx_word' id='word_1_913' title='bbox 927 5642 1025 5701; x_wconf 90' lang='lat' dir='ltr'>statue,</span> <span class='ocrx_word' id='word_1_914' title='bbox 1040 5650 1075 5689; x_wconf 86' lang='lat' dir='ltr'>aa</span> <span class='ocrx_word' id='word_1_915' title='bbox 1090 5640 1163 5689; x_wconf 89' lang='lat' dir='ltr'>recte</span> <span class='ocrx_word' id='word_1_916' title='bbox 1179 5647 1195 5685; x_wconf 87' lang='lat' dir='ltr'>a</span> <span class='ocrx_word' id='word_1_917' title='bbox 1209 5629 1363 5688; x_wconf 82' lang='lat' dir='ltr'>Castellano</span> <span class='ocrx_word' id='word_1_918' title='bbox 1374 5633 1404 5689; x_wconf 90' lang='lat' dir='ltr'>in</span> <span class='ocrx_word' id='word_1_919' title='bbox 1415 5634 1557 5707; x_wconf 82' lang='lat' dir='ltr'>Martyrol.</span> <span class='ocrx_word' id='word_1_920' title='bbox 1569 5632 1723 5689; x_wconf 79' lang='lat' dir='ltr'>universali</span> 
     </span>
     <span class='ocr_line' id='line_1_136' title="bbox 927 5702 1724 5833; baseline -0.003 -72"><span class='ocrx_word' id='word_1_921' title='bbox 927 5705 1049 5833; x_wconf 76' lang='lat' dir='ltr'>apppsita</span> <span class='ocrx_word' id='word_1_922' title='bbox 1060 5705 1096 5762; x_wconf 90' lang='lat' dir='ltr'>sit</span> <span class='ocrx_word' id='word_1_923' title='bbox 1105 5702 1280 5761; x_wconf 81' lang='lat' dir='ltr'>hecZosimo</span> <span class='ocrx_word' id='word_1_924' title='bbox 1299 5704 1405 5775; x_wconf 88' lang='lat' dir='ltr'>notula,</span> <span class='ocrx_word' id='word_1_925' title='bbox 1425 5730 1433 5752; x_wconf 74' lang='grc' dir='ltr'>ι</span> <span class='ocrx_word' id='word_1_926' title='bbox 1456 5705 1558 5781; x_wconf 88' lang='lat' dir='ltr'>absque</span> <span class='ocrx_word' id='word_1_927' title='bbox 1574 5703 1724 5762; x_wconf 85' lang='lat' dir='ltr'>traditione</span> 
     </span>
     <span class='ocr_line' id='line_1_137' title="bbox 926 5791 1053 5834; baseline 0 0"><span class='ocrx_word' id='word_1_928' title='bbox 926 5793 961 5834; x_wconf 85' lang='lat' dir='ltr'>cu</span> <span class='ocrx_word' id='word_1_929' title='bbox 985 5791 1053 5834; x_wconf 80' lang='lat' dir='ltr'>us.»</span> 
     </span>
    </p>
   </div>
   <div class='ocr_carea' id='block_1_29' title="bbox 1513 5879 1548 5936">
    <p class='ocr_par' dir='ltr' id='par_1_35' title="bbox 1513 5879 1548 5936">
     <span class='ocr_line' id='line_1_138' title="bbox 1513 5879 1548 5936; baseline -0.029 0"><span class='ocrx_word' id='word_1_930' title='bbox 1513 5879 1548 5936; x_wconf 75' lang='lat' dir='ltr'>‘ld</span> 
     </span>
    </p>
   </div>
   <div class='ocr_carea' id='block_1_30' title="bbox 0 0 1933 6132">
    <p class='ocr_par' dir='ltr' id='par_1_36' title="bbox 0 0 1933 6132">
     <span class='ocr_line' id='line_1_139' title="bbox 0 0 1933 6132; baseline 0 0"><span class='ocrx_word' id='word_1_931' title='bbox 0 0 1933 6132; x_wconf 95' lang='lat' dir='ltr'> </span> 
     </span>
    </p>
   </div>
  </div>
 </body>
</html>
