3834 6136
133 205 170 264 is
628 170 632 177 ’
669 211 986 271 usarunonoeiuii.
1007 245 1040 257 -
1060 216 1164 273 ιιιιιιε.
1185 206 1260 274 ulii.
1756 219 1793 279 ιι

130 346 168 387 ex
181 330 283 388 Adone
296 331 412 390 ad'icit:
434 331 541 460 «Cujus
550 333 732 390 reverendum
747 349 847 408 corpus
856 334 935 393 Octa·
948 340 974 400 Α
988 337 1035 394 rit.
1050 363 1060 387 ι
1081 339 1112 394 ln
1126 338 1190 396 aliis
1203 339 1372 397 editionibus
1385 343 1426 398 sic
1440 342 1537 400 babet:
1562 369 1571 391 ι
1589 347 1620 401 ln
1636 344 1789 420 Hispaniis,

129 402 210 469 silla,
224 411 302 460 etc.»
338 419 356 459 ii
372 403 444 461 fine:
465 429 474 454 ι
501 421 550 477 pso
564 404 609 462 die
624 404 758 471 Treueris,
774 407 862 465 sancti
880 408 935 465 llo

129 473 253 531 donaldi
276 474 397 547 episcopi
417 483 445 532 et
467 476 641 533 coiilessuris.
670 479 736 547 ipso
752 478 808 546 die,
834 487 934 537 sancte

128 546 286 614 Rictrudis,
312 547 340 602 in
361 547 544 604 bardanis·
575 549 644 606 Dein
668 550 742 622 typis
763 551 932 609 minoribus:

135 640 145 664 ι
161 617 267 673 Eodern
283 617 330 674 die
342 621 452 692 Agyrn,
466 619 525 676 divi
542 620 672 702 Philippi,
688 623 761 694 quia
775 623 840 679 diva
855 624 935 680 Petro

127 691 321 770 apostolorum
338 690 472 762 principe,
488 691 521 747 ad
536 690 640 749 Christi
656 695 836 783 Evaiigeliuni
851 694 935 751 Sicu-

128 761 168 816 lis
194 763 417 817 concionandum
451 762 569 830 missus,
603 780 700 837 inagna
731 766 832 820 sicilie
860 774 935 837 parte

130 831 234 890 Christi
244 833 331 889 sacris
342 833 461 891 initiata,
469 834 541 906 apud
551 836 716 907 hgyrenaeos
726 837 834 893 tandeen
846 838 932 905 obiit3

129 905 180 958 uhi
197 907 330 976 ternpluiii
346 906 428 961 habet
444 905 638 962 iiiiraculoruin
652 908 805 980 frequentia
817 910 933 964 celeber·

128 976 242 1039 ricinia,
260 984 289 1031 et
312 977 446 1033 confluxu
469 977 611 1033 houiniiin
631 979 700 1035 adeo
715 987 822 1045 nutuiii,
843 981 934 1036 utici

127 1045 182 1118 ipsi
198 1047 263 1104 urbi
278 1062 314 1104 ex
328 1064 361 1105 eo
375 1049 432 1106 divi
448 1049 571 1124 Philippi
586 1066 687 1108 uoinen
707 1053 790 1125 vulgo
804 1051 934 1109 inolere·

125 1275 165 1333 ni
180 1273 256 1331 tuas.

988 408 1016 465 S.
1033 410 1172 468 Dominici
1187 410 1377 481 Celeiatensis,
1392 413 1568 482 contessoris,
1592 415 1668 472 uiirae
1682 419 1792 475 caneh-

989 481 1063 537 tatis.
1080 482 1184 539 Eodem
1201 484 1256 551 die,
1276 485 1381 558 Argirae
1396 485 1424 540 iii
1439 485 1544 554 Sicilia,
1559 487 1646 543 sancti
1667 488 1791 563 Philippi

989 553 1153 679 Eresbyieii,
1168 556 1247 627 cujus
1263 556 1290 611 in
1306 556 1450 613 danioniis
1463 557 1616 628 effugandis
1630 556 1719 615 virtus
1733 578 1791 619 cre·

1009 625 1046 680 ris
1065 636 1176 696 apparet
1199 628 1293 700 signis.
1319 629 1381 699 lpse
1405 629 1460 697 die,
1482 629 1608 685 Treveris
1628 630 1714 686 sancti
1734 632 1790 690 blo·

990 696 1082 753 doaldi
1097 697 1216 770 episcopi
1238 708 1266 756 et
1285 700 1460 756 confessoris.
1477 701 1633 768 Marcianis,
1653 701 1791 773 depositio

990 776 1088 824 sancte
1113 769 1295 826 iucundis·
1333 773 1447 828 lleiiiurn
1478 773 1577 828 ininoi
1611 774 1788 832 charactere:

997 842 1190 910 ‹Siressiunis
1216 841 1359 898 translatio
1384 843 1453 899 beuti
1481 844 1623 915 Hippilyti
1648 845 1788 916 iusi-tyris,

990 911 1099 983 quando
1122 911 1181 982 ejus
1206 913 1330 984 piissiini
1353 930 1466 984 corpore
1494 916 1647 986 deportato,
1673 916 1791 975 cessavit

990 999 1023 1036 ua
1039 990 1073 1038 te
1088 991 1235 1053 tenpestas
1258 986 1442 1042 inortulitetis.
1464 1012 1473 1034 ·
1493 987 1553 1042 lain
1569 986 1789 1058 supradiximus

989 1052 1023 1109 de
1037 1070 1070 1111 eo
1085 1055 1235 1130 Hippolyto
1250 1058 1305 1129 agi,
1321 1056 1368 1130 qui
1382 1057 1495 1114 collitur
1510 1074 1561 1115 xiii
1573 1061 1645 1132 hug.

1668 1282 1719 1340 nu
1734 1282 1779 1342 tt.

163 1363 271 1420 Natalis
285 1370 387 1419 sanctae
401 1362 494 1420 biario
510 1362 545 1419 ad
559 1372 705 1436 martyres,
721 1364 832 1437 quando
844 1366 940 1424 beatus
955 1365 1115 1425 Bonilacins
1129 1384 1196 1440 papa
1209 1370 1354 1428 ecclesiam
1369 1371 1398 1427 iri
1410 1371 1516 1428 honore
1535 1388 1644 1446 semper
1661 1372 1781 1447 virginii

127 1451 220 1507 llariae
231 1450 395 1507 etoniiiiurn
409 1458 562 1523 martyrum
575 1450 723 1509 dedicarit.
738 1453 817 1522 lieni,
829 1453 900 1509 beati
910 1454 994 1511 Mucii
1007 1458 1159 1529 presbyteri
1167 1465 1194 1514 et
1202 1459 1340 1531 martyris,
1355 1460 1401 1532 qui
1413 1462 1503 1532 primo
1513 1461 1542 1517 in
1554 1461 1687 1518 hnlibuli
1700 1465 1778 1534 urbe,

127 1539 225 1595 inultis
238 1538 329 1611 poeuis
342 1547 426 1611 atque
439 1537 609 1595 cruciatibus
626 1540 654 1594 in
669 1540 841 1595 confessione
856 1542 959 1598 Christi
974 1547 1097 1612 allectus,
1110 1555 1202 1616 postea
1219 1548 1381 1618 Byzantiuin
1394 1564 1480 1621 usque
1497 1549 1655 1621 perductus,
1671 1553 1786 1622 capitali

128 1629 267 1685 sententia
281 1628 422 1685 occubuit.
439 1628 501 1700 lpso
516 1627 572 1696 die,
586 1627 674 1684 sancti
688 1627 805 1686 Servatii
822 1629 988 1702 Tungrensis
999 1632 1128 1691 Ecclesiae
1143 1634 1265 1706 episcopi
1277 1641 1304 1689 et
1318 1633 1496 1702 wniessoris,
1510 1636 1546 1690 ob
1560 1637 1639 1707 qu'ue
1655 1640 1785 1697 rneriturn

129 1717 291 1774 hominibus
308 1715 566 1781 demonstrandum,
583 1733 646 1775 cuin
663 1726 784 1790 tempore
805 1717 905 1776 biernis
919 1721 1013 1778 omnia
1028 1721 1056 1777 iu
1077 1721 1197 1778 circuitu
1212 1722 1263 1777 iiix
1284 1723 1414 1794 repleret,
1435 1738 1587 1797 numquam
1605 1726 1782 1798 sepulchrum

125 1805 187 1878 ejus
201 1805 324 1879 operuit,
340 1806 431 1864 donec
445 1805 585 1863 industria
598 1807 715 1878 civiuui,
732 1807 847 1866 basilica
859 1824 943 1883 super
956 1812 1047 1883 ipsum
1062 1808 1198 1868 edificata
1209 1816 1260 1868 est.

894 1946 1012 2006 NOTAE.
1038 1937 1044 1961 ¹

162 2052 228 2108 Puri
248 2051 358 2109 redires
381 2060 446 2110 sunt
462 2052 582 2120 Protea,
605 2054 762 2123 Tomaros„
777 2056 929 2129 Antaeus.-
942 2059 965 2120 Β
980 2056 1081 2113 Melan.
1098 2057 1166 2112 lteiu
1178 2055 1411 2124 Antoren-Mac,
1428 2055 1576 2126 ntuajee,
1592 2055 1716 2127 heyden,
1733 2059 1783 2115 le·

123 2124 207 2195 itas,
229 2126 376 2197 Autuerp„
393 2124 596 2193 lion-baben,
613 2126 760 2197 Munerat,
778 2127 888 2185 Greuen.
905 2135 932 2184 et
983 2130 1100 2196 venun,
1116 2128 1269 2200 Albergeu„
1286 2127 1381 2184 Duiiic.
1395 2134 1423 2185 et
1437 2128 1530 2184 Editio
1542 2127 1727 2201 illitae-Bria

736 2256 939 2314 vanientes
959 2256 1164 2316 LECTlONES.

163 2358 358 2431 Autuerpien,
369 2365 397 2415 et
408 2357 517 2416 codices
529 2360 812 2419 medianotaeomues
823 2363 926 2435 legunt,
941 2367 965 2428 Β
983 2363 1030 2435 phi
1045 2363 1161 2431 tribuas,
1183 2378 1230 2435 per
1245 2379 1288 2420 nie
1307 2363 1380 2420 licet.
1397 2361 1467 2419 Sunt
1485 2364 1532 2437 qui
1554 2363 1676 2421 scribant
1696 2366 1783 2422 Thus·

124 2430 155 2513 in
173 2433 273 2486 bonore
295 2438 392 2512 nnete
412 2448 512 2512 semper
536 2432 660 2504 Virginis.
680 2434 929 2516 ¹blolanreorrenit
980 2452 1092 2504 pransu,
1111 2436 1237 2516 Sereorii,
1259 2434 1387 2517 serenici,
1412 2436 1510 2560 ,iem
1526 2443 1579 2491 etc.
1593 2436 1732 2503 Quaeritur
1746 2452 1782 2494 an

125 2504 300 2558 inhonorem.
310 2502 417 2584 Reliqui
431 2519 459 2558 in
470 2505 695 2576 testudinfibult,
707 2513 737 2561 ul
746 2507 843 2562 scribit
858 2507 926 2561 Pra-
981 2506 1120 2562 Usuardus
1145 2508 1249 2578 legerit,
1271 2505 1392 2561 omuibus
1445 2507 1655 2574 monstrandum,
1674 2523 1710 2563 an
1729 2509 1782 2562 lie-

126 2580 183 2629 lcn.
197 2591 248 2646 pro
261 2590 317 2646 quo
326 2574 463 2630 Hennien.
477 2582 504 2630 et
514 2575 630 2632 Greven.
643 2585 750 2648 ponunt
760 2576 925 2647 Aiuphibnli,

127 2645 203 2718 qnod
222 2647 321 2700 eodeni
338 2644 430 2701 recidit
443 2652 471 2701 et
491 2646 609 2704 inediuni
626 2665 716 2703 aevum
731 2649 811 2719 sapit.
830 2649 926 2705 ileliae

127 2715 176 2772 alii
201 2716 376 2787 Ainphiheli,·
396 2715 444 2774 sed
483 2718 581 2774 essinie
601 2720 736 2776 Munerat.
763 2721 926 2790 Manitibiili,

129 2788 268 2855 oinitteiis,
294 2789 322 2843 in
338 2795 365 2843 et
381 2804 450 2854 proi
473 2789 523 2843 acii
542 2790 664 2846 scribens
678 2791 796 2849 Manilii.
813 2791 858 2847 Sic
878 2807 927 2863 pro

135 2859 303 2932 langreiiri'c,
319 2858 403 2917 babet
420 2859 580 2933 Trugieiitis,
595 2862 690 2936 quasi
707 2862 776 2919 vitio
793 2870 928 2936 typogra-

980 2578 1118 2632 iiiiui'bus?
1133 2577 1279 2633 Posteriori
1296 2577 1377 2632 ruodo
1392 2577 1489 2633 scribit
1507 2577 1583 2632 solus
1598 2577 1781 2648 hunniensis,

981 2666 1042 2705 curn
1059 2648 1234 2713 fornacensi,
1248 2649 1296 2720 qui
1311 2664 1395 2718 purus
1409 2663 1464 2703 non
1477 2657 1528 2714 est,
1539 2656 1566 2704 et
1578 2648 1619 2704 sic
1628 2663 1678 2719 ego
1687 2656 1782 2706 tenen·

981 2719 1046 2776 dum
1063 2727 1127 2790 puto
1141 2735 1177 2774 eir
1191 2718 1297 2786 Adone,
1320 2717 1440 2774 Notlrcro
1454 2725 1481 2772 et
1497 2719 1564 2788 ipsa,
1587 2719 1616 2773 ni
1631 2718 1721 2786 failor,
1739 2719 1779 2776 rei

981 2791 1136 2847 naturaild
1145 2788 1424 2846 demonstranduniin
1437 2789 1624 2847 blan-buben
1633 2788 1778 2859 redundat,

982 2863 1023 2918 uti
1037 2862 1173 2934 meguuines
1186 2860 1330 2930 edificata,
1350 2861 1379 2917 iii
1394 2860 1545 2917 blunerato.

812 2994 1112 3055 oesnuvauion'ns

165 3100 274 3156 Penthei
296 3101 425 3172 Agrippia
442 3102 471 3156 in
491 3101 633 3159 basilicam
653 3102 839 3162 Christianam
855 3119 928 3160 con-

138 3171 197 3227 iersi
214 3174 331 3245 vestigia
346 3174 374 3229 in
390 3173 549 3245 Hieronyni.
566 3190 594 3230 se
604 3175 736 3245 reperisse
751 3175 836 3230 lerine
852 3183 927 3246 puta·

139 3250 203 3298 ierat
213 3243 413 3301 Florentinius.
426 3245 473 3300 sed
487 3244 673 3317 conjecturam
689 3247 833 3318 ipsesuam
848 3247 927 3317 plane

141 3314 261 3436 mium
275 3315 386 3371 Prirnus
400 3316 502 3389 itaque,
518 3317 711 3373 Dsdieutr'euem
726 3324 821 3372 sanctu
832 3319 928 3373 Murice

142 3398 154 3435 t
180 3394 318 3456 martyres,
335 3388 370 3443 iis
386 3389 477 3443 ierbis
495 3388 669 3459 consignasse
685 3389 820 3459 repieritui
836 3389 925 3454 Reda;

143 3452 207 3510 honi.
222 3473 338 3528 parturn
352 3460 435 3529 paulo
449 3459 566 3515 clarius:
584 3461 687 3516 Sanctae
700 3460 796 3516 ,llarie
806 3461 843 3515 ud
856 3476 927 3514 mar·

1016 3106 1106 3175 Atque
1120 3103 1150 3158 in
1164 3102 1303 3175 prioribus
1315 3100 1389 3159 hisce
1401 3101 1510 3160 duabus
1524 3103 1784 3163 annuntiationibus

980 3176 1152 3231 conveniunt
1165 3174 1271 3246 antiqui
1292 3190 1398 3242 oiiiiies,
1422 3175 1501 3230 Mutii
1520 3191 1585 3231 uero
1604 3183 1667 3231 ante
1684 3176 1783 3235 Usuer-

980 3246 1048 3302 dum
1059 3247 1152 3301 nullus
1162 3246 1191 3300 iii
1202 3246 1271 3300 serie
1279 3252 1373 3300 nostra
1384 3246 1521 3310 meniinit,
1534 3262 1584 3301 nee
1592 3246 1659 3301 satis
1668 3246 1784 3304 obuium

980 3326 1021 3374 est
1035 3316 1181 3389 conjicere,
1200 3315 1272 3371 unde
1293 3332 1356 3371 enin
1373 3332 1421 3386 pro
1436 3316 1487 3371 hac
1498 3315 1543 3371 die
1559 3317 1717 3385 sumpserit,
1735 3325 1784 3373 ut-

982 3397 1044 3459 pote
1067 3389 1113 3460 qui
1137 3386 1310 3442 aGrccisv
1334 3386 1409 3454 ldus,
1430 3402 1478 3441 seu
1499 3402 1526 3439 xi
1548 3385 1612 3441 Maii
1636 3385 1781 3456 referatur,

981 3475 1036 3513 non
1051 3475 1068 3512 ιι
1084 3457 1158 3516 idus.
1174 3465 1205 3511 ut
1220 3458 1290 3510 inale
1306 3457 1397 3526 posuit
1413 3455 1555 3510 baronius.
1575 3465 1603 3509 ιιι
1618 3471 1649 3509 ea
1663 3455 1783 3512 incerti·

144 3529 199 3592 tgrer
216 3528 388 3584 tunsionis
404 3530 458 3585 dier
476 3532 575 3601 agitur,
594 3549 613 3587 u
632 3530 772 3599 bonifacio
788 3548 859 3602 popa
873 3536 926 3585 sta·
944 3536 966 3597 c
982 3528 1088 3595 tudine,
1104 3527 1175 3582 nihil
1199 3527 1320 3583 occurrit
1343 3525 1541 3594 veresimilius,
1562 3542 1644 3599 quain
1663 3526 1737 3598 quod
1753 3527 1781 3584 in

145 3600 211 3651 ιιιιιι.
225 3600 301 3656 Alias
318 3603 539 3657 circunstantiae
559 3610 703 3658 enuiiierat
718 3602 788 3667 Ado,
808 3617 926 3673 euinque

144 3676 238 3749 secutus
256 3672 403 3740 Notlierus,
424 3673 564 3743 paululuni
585 3675 618 3729 de
636 3690 687 3729 suo
700 3672 924 3744 siiprradiicieus.

144 3734 226 3819 hoster
238 3743 329 3797 soleris
349 3760 399 3798 sno
418 3760 492 3799 inore
514 3745 588 3808 lecit,
608 3745 674 3800 duni
690 3745 728 3800 rei
743 3744 924 3800 substantiain

146 3818 201 3863 satis
213 3812 346 3881 eleganter
354 3815 502 3871 contraiit.
515 3817 547 3872 Se
563 3817 629 3871 eutii
639 3815 751 3886 episcopi
764 3815 924 3871 uieinnriain

145 3881 258 3956 recolunt
271 3883 325 3939 cita
339 3885 346 3939 i
367 3885 437 3943 beda
451 3894 478 3942 et
493 3896 589 3943 auctor
609 3887 722 3945 lloiiiaui
740 3887 827 3959 parii.
843 3896 871 3942 at
881 3903 925 3958 rue

146 3956 200 4031 iterii
217 3953 349 4010 Rabanus.
360 3956 431 4014 luter
446 3958 659 4032 llieroiiyinianr
674 3960 838 4030 apographa.
853 3959 925 4016 Cor-

146 4017 238 4079 beieiise
252 4042 315 4081 euin
331 4029 457 4085 sanctuin
472 4032 544 4085 clare
558 4039 643 4096 iiotat‚
660 4031 788 4092 Treiecto.
806 4037 882 4099 porto
897 4030 924 4084 iu

148 4090 229 4150 dulia.
243 4097 455 4157 wandalbertus
464 4103 553 4157 soluin
565 4101 639 4157 hune
652 4101 733 4157 hibet
744 4102 862 4156 iersicul
876 4118 922 4156 aiii:

148 4160 274 4239 &eranum
288 4172 369 4225 uruit
380 4179 539 4228 eeiieruutui·
553 4173 581 4227 iii
598 4174 687 4228 lctibus
700 4175 810 4228 nlniuiu.
829 4172 925 4227 ilisto-

148 4247 200 4290 naui
213 4239 299 4296 insius
318 4250 478 4313 prosecutis
496 4250 537 4299 est
556 4245 625 4310 hilo,
646 4253 672 4300 et
689 4245 737 4315 «rui
751 4261 814 4300 euin
832 4260 925 4298 rursus

147 4307 305 4383 tuiinripsit
331 4313 478 4370 hotkerus.
494 4314 597 4370 Testus
617 4322 708 4371 niis-ter
727 4332 761 4370 eii
780 4315 875 4370 Adone
890 4314 925 4370 ad

150 4377 241 4435 serbuin
252 4391 380 4456 acceptus
394 4393 445 4447 rat,
457 4387 595 4457 preterita
611 4387 754 4443 duiritaxat
769 4401 850 4442 causa
864 4402 924 4458 quae

149 4442 279 4524 beriaunni
301 4455 416 4522 impulit
436 4457 553 4526 Tungris
565 4458 716 4530 Trajectuni
732 4458 922 4526 coirirnigrare.

147 4514 276 4579 huzilacile
287 4527 463 4597 probaverint
479 4543 539 4600 quae
548 4529 577 4584 iii
592 4529 681 4600 elogio
695 4528 769 4584 Fliiri
782 4543 924 4598 esserunp·

147 4595 190 4654 lli,
203 4609 246 4650 uec
257 4596 333 4663 iterii,
349 4615 410 4669 quae
427 4598 768 4666 Rabanuseoninieiuorat,
779 4616 795 4654 a
805 4599 925 4655 Nuthero

147 4666 270 4727 preterita.
285 4668 379 4725 Sancti
396 4669 480 4741 hujus
494 4686 649 4742 progeueui
666 4679 693 4727 et
707 4687 750 4726 res
764 4680 852 4741 gestus
867 4671 924 4741 plu·

146 4730 309 4808 ribuslabulis
319 4741 459 4796 involutas
469 4758 537 4809 esse,
549 4758 639 4810 nenio,
651 4742 698 4823 qui
715 4742 806 4798 Vitani
819 4741 923 4811 legerit,

145 4816 152 4852 ¹
182 4815 246 4872 orat;
262 4809 310 4865 sed
323 4812 359 4866 ad
374 4828 419 4868 eas
435 4812 549 4869 hicnon
564 4814 742 4869 attendimus.
764 4814 878 4885 Egregie
890 4812 924 4868 de

171 4879 247 4934 riatio
266 4882 381 4940 ineritus
399 4892 441 4939 est
460 4885 660 4953 Henschenius,
682 4883 762 4956 cujus
778 4886 962 4946 eumitren-D

145 4945 225 5020 lariani
246 4959 274 5008 et
297 4952 453 5011 Tractatum
479 4956 512 5012 de
530 4958 614 5028 episc.
636 4956 786 5028 Tuiigrens.
808 4964 835 5012 et
853 4955 925 5010 Tra-

140 5023 243 5147 ffizuuso
259 5025 387 5103 consulat
410 5026 536 5083 curiosus
564 5028 658 5116 lector.
685 5027 817 5083 Pauciora
843 5025 925 5083 habet

243 5101 320 5150 ntius
334 5102 412 5152 torno
429 5097 500 5166 Vlll,
516 5114 532 5154 a
546 5113 606 5170 pag.
622 5098 684 5155 382.

982 3599 1187 3657 Coininentaiio
1199 3613 1250 3653 suo
1265 3614 1293 3652 in
1308 3597 1385 3663 blaii,
1401 3613 1478 3654 num.
1498 3598 1526 3663 5,
1549 3597 1601 3652 litt.
1622 3597 1654 3666 F,
1674 3599 1782 3657 censuit

981 3670 1180 3738 henschenius,
1192 3685 1289 3740 nenipe
1299 3669 1328 3725 in
1339 3669 1433 3725 codice
1441 3676 1547 3725 vetusto
1555 3669 1656 3751 reginae
1665 3670 1780 3740 Sueciae,

980 3743 1086 3814 signatu
1101 3758 1128 3797 ii.
1141 3742 1203 3807 569,
1214 3740 1262 3813 qui
1279 3742 1330 3797 luit
1340 3740 1458 3797 coenobii
1470 3741 1556 3796 sancti
1572 3741 1708 3813 Dionysii,
1720 3757 1781 3823 pro·

980 3813 1108 3870 habiliter
1122 3814 1189 3868 oliui
1213 3814 1345 3883 reperisse
1361 3813 1513 3868 Usuanlnin
1534 3813 1612 3877 heta,
1629 3814 1781 3885 exquibus

979 3887 1103 3953 Matium,
1126 3886 1193 3941 alias
1216 3885 1339 3954 Mecium,
1358 3883 1410 3939 hac
1428 3884 1473 3939 die
1492 3883 1673 3953 consignarit.
1691 3885 1782 3955 Atque

980 3956 1032 4014 hoc
1047 3956 1133 4028 magis
1148 3958 1246 4029 placet,
1267 3972 1348 4029 quain
1364 3955 1387 4011 si
1402 3955 1511 4010 dicatur
1527 3953 1666 4011 [leuandus
1681 3971 1730 4010 sua
1744 3970 1781 4012 ex

981 4029 1062 4084 Floro
1075 4028 1221 4098 accepisse,
1232 4028 1312 4098 cujus
1324 4026 1489 4097 ecgraphuin
1506 4027 1630 4093 uiiicurn,
1643 4027 1735 4082 neseio
1745 4042 1781 4082 an

980 4101 1046 4156 satis
1061 4102 1186 4172 probuin,
1204 4101 1314 4154 allutiuiu
1328 4105 1470 4163 nieuiorat,
1491 4098 1538 4152 sed
1555 4097 1644 4168 phrasi
1657 4113 1673 4152 a
1687 4103 1782 4154 nostra

979 4171 1176 4237 diversissima,
1194 4179 1223 4226 iit
1242 4172 1285 4225 vel
1301 4185 1332 4224 eii
1354 4170 1412 4224 sola
1426 4169 1569 4249 utriusque
1584 4179 1676 4225 textus
1689 4170 1781 4225 colla·

979 4243 1054 4299 tinne
1098 4243 1216 4303 iubetur,
1241 4242 1314 4314 quod
1337 4240 1406 4295 alias
1428 4239 1498 4306 diiii,
1521 4248 1594 4295 inter
1617 4241 1728 4296 Fliiruin
1752 4248 1780 4297 et

981 4259 1132 4369 usurarium
1158 4314 1261 4368 nullani
1284 4328 1394 4385 prorsus
1416 4310 1576 4367 alliriitateiii
1600 4309 1778 4368 intercedere.

979 4385 1166 4453 Uinlecunrue
1188 4392 1277 4439 auteni
1301 4382 1437 4449 liabuerit,
1462 4390 1566 4439 certuni
1591 4389 1641 4449 est,
1667 4382 1780 4436 Matium

980 4456 1164 4512 Usuirilinuin
1175 4470 1243 4520 esse,
1255 4464 1285 4510 ut
1297 4461 1361 4508 sunt
1376 4453 1480 4524 reliquii
1493 4452 1587 4506 oinnia
1601 4451 1629 4506 in
1647 4451 1779 4507 laterculo

978 4542 1115 4597 expressa.
1132 4526 1192 4592 llic,
1210 4533 1307 4594 praeter
1326 4538 1441 4587 nioreiii,
1458 4521 1560 4577 Graecis
1575 4538 1603 4575 se
1617 4537 1779 4576 accoriiiiio-

978 4598 1055 4652 daiit
1079 4595 1276 4661 ileiisclieiiius‚
1296 4594 1375 4650 allatii
1396 4599 1462 4647 ncta
1481 4591 1578 4662 etjam
1594 4591 1729 4660 dicehain,
1746 4591 1778 4648 il·

979 4669 1097 4724 lustrans
1120 4682 1150 4721 xi
1173 4666 1248 4731 Maii,
1277 4663 1386 4720 tainetsi
1409 4665 1483 4718 hunc
1511 4678 1562 4717 niu
1589 4662 1662 4718 iliern
1688 4671 1779 4720 seruet

978 4738 1204 4811 Martyrologiuiu
1231 4738 1395 4795 Roirienuiii.
1419 4735 1558 4791 Nonnulla
1577 4737 1677 4807 reperit
1696 4736 1778 4791 lille·

978 4813 1110 4877 inentius,
1127 4825 1187 4882 quie
1203 4809 1231 4864 in
1252 4808 1332 4866 lllntii
1352 4806 1439 4872 Actis,
1455 4806 1561 4863 tametsi
1579 4806 1656 4879 gravi
1671 4816 1702 4864 et
1712 4806 1778 4863 sini·

996 4883 1043 4940 liei
1055 4883 1128 4954 stylo
1138 4881 1258 4953 scriptis,
1269 4888 1392 4952 cuperet
1403 4889 1476 4935 torno
1488 4879 1521 4945 V,
1535 4894 1594 4950 pag.
1606 4877 1667 4944 640,
1680 4892 1777 4957 return

977 4899 1096 5010 leniores
1111 4952 1267 5009 istiusinodi
1285 4952 1409 5012 inaculae,
1426 4950 1550 5006 veritatis
1564 4951 1647 5004 solen
1681 4962 1727 5017 qui
1748 4961 1776 5002 ru

980 5024 1048 5097 ipsis
1066 5025 1178 5090 relucet,
1203 5030 1342 5097 utcunque
1362 5022 1516 5088 obfuscant,
1536 5027 1609 5075 certe
1632 4989 1778 5073 obscurare

979 5097 1094 5152 oninino
1109 5111 1165 5152 non
1180 5102 1303 5168 possunt.

850 5232 1041 5292 AUCTARIA.

163 5331 315 5415 lanuinus.
337 5338 367 5395 in
386 5338 481 5396 eodeni
506 5344 566 5401 luto
587 5343 710 5412 haesitat;
734 5341 816 5399 hodie
834 5349 924 5400 totum

132 5401 200 5462 llutii
213 5409 334 5482 eloginrn
350 5415 497 5484 expunxit.

139 5547 144 5555 η
158 5476 311 5538 Puteanus.
325 5482 353 5539 iii
365 5484 454 5556 prinis
464 5484 675 5541 annuntiatione
687 5485 810 5553 rutilus,
824 5483 851 5540 in
867 5485 924 5540 blu-

128 5553 162 5602 no
175 5552 240 5607 satis
254 5570 342 5626 purus
356 5564 416 5623 est;
433 5557 587 5613 seriatiuin
605 5557 684 5626 plane
698 5557 802 5613 ouiisit.

156 5622 303 5683 Roswrin.
327 5626 368 5683 sic
385 5626 503 5699 incipit:
532 5653 540 5673 ·
559 5629 653 5684 Natale
666 5635 767 5684 sanctu
782 5629 874 5685 Maria
889 5627 924 5686 ad

123 5689 186 5752 llart
208 5712 262 5766 res,
283 5696 397 5771 quando
416 5697 511 5756 beatus
529 5699 688 5756 bonifacius
707 5715 785 5780 papa,
806 5701 840 5756 de
859 5701 923 5757 lanu

203 5768 352 5827 Pantheon
366 5776 432 5828 aute
445 5771 604 5840 vocantur,
618 5772 761 5828 ecclesiam
777 5771 922 5828 inhonore

980 5351 1079 5423 sancta
1093 5341 1210 5423 uirginis
1222 5340 1314 5397 hieria
1324 5345 1351 5394 et
1365 5335 1488 5391 omniurn
1504 5338 1656 5406 martyrum
1672 5331 1777 5392 Christi

979 5414 1217 5558 <coffinum
1233 5485 1330 5541 aliter:
1363 5476 1532 5536 ‹Dedicatio
1551 5476 1672 5534 ecclesiae
1691 5475 1777 5536 beata

978 5558 1080 5627 hieria,
1102 5574 1134 5614 ac
1155 5556 1277 5613 oinniuiii
1302 5558 1458 5607 sanctoruni
1486 5555 1639 5621 niartyruin
1661 5548 1775 5617 Christi,

978 5645 1060 5702 quani
1085 5629 1179 5686 beatus
1200 5621 1357 5681 Bonilaeius
1378 5638 1447 5696 papa
1467 5621 1605 5679 dedicarit
1625 5619 1653 5678 iu
1673 5619 1777 5678 honore

977 5699 1098 5772 ejusdein
1119 5697 1241 5768 Virginis
1261 5694 1385 5821 gloriosas
1411 5693 1506 5752 inatris
1526 5693 1585 5748 sive
1607 5689 1775 5762 supradicte·

978 5787 1039 5826 runi
1055 5777 1217 5840 martyrum.
1235 5791 1243 5810 ·
1284 5766 1343 5823 lura
1357 5766 1485 5825 dicentur
1496 5764 1529 5820 ad
1544 5761 1737 5819 iNovernbris.
