3834 6136
124 226 181 283 965
268 251 276 259 ·
768 232 815 289 DE
836 233 920 291 vita
939 237 966 294 S.
990 237 1142 297 attttttr't.
1735 259 1790 316 966

124 377 205 445 vitre,
221 375 380 448 lligomirus
394 377 507 434 nomine
516 397 526 448 p
540 377 619 450 cujus
630 379 668 435 rei
684 381 783 437 nuntio
795 390 852 439 tam
862 361 926 456 ipsi,
941 387 966 448 Α
981 387 1115 459 tionibus,
1131 389 1313 466 laudibusque
1328 395 1589 455 oneravitdivinis:
1607 415 1787 466 maneautem

124 483 215 542 quem
230 464 373 534 iratribus,
390 482 505 539 magnus
516 466 637 524 indictus
645 476 687 525 est
702 471 802 529 luctus.
819 474 931 530 Atvero
986 475 1059 534 iacto
1075 479 1123 534 lux
1149 479 1240 551 iugata
1263 481 1312 538 diu
1330 482 1424 553 rediit,
1440 494 1537 543 etsera
1548 487 1613 545 licet
1626 489 1789 554 divinalnce

122 572 191 614 cum
197 554 275 613 carni
287 562 519 627 compaterentur,
532 556 640 629 spiritui
652 560 927 632 congratulabantur,
986 564 1096 635 donata,
1113 568 1248 625 mundum
1264 571 1321 627 sole
1334 571 1480 631 lustratum
1500 575 1656 636 laetabunda
1669 597 1789 656 conspe-

123 646 247 702 scientes
258 643 422 700 successisse
437 643 476 700 cis
487 652 547 717 post
559 644 748 704 habitaculum
762 651 876 720 luteum,
887 667 930 724 pc·

123 733 234 791 netrale
249 739 359 788 aeterna
373 732 507 801 civitatis,
519 732 598 804 cujus
613 751 661 791 rex
676 743 703 793 et
715 737 845 795 conditor
860 740 933 795 Deus

123 832 179 882 est.
193 823 330 880 Praetcrca
345 820 429 894 hujus
441 823 533 881 nuntii
549 824 710 898 participem
724 827 930 901 iaciuntquam.

124 915 192 974 dam
212 914 407 986 angarismam
432 916 554 986 nomine,
580 934 641 991 qua
664 917 693 974 in
709 918 804 977 vicino
819 937 933 979 monas-

124 1006 201 1064 terio
219 1005 362 1062 sororibus
387 1015 502 1077 praerat
516 1007 785 1078 sanctimonialibus,
809 1019 933 1068 asancto

125 1095 214 1152 viros
227 1093 447 1168 primaevaaetatc
459 1096 553 1152 tamin
567 1097 717 1171 Scripturis
727 1099 932 1176 divinis,quam

127 1185 373 1245 monasterialibus
388 1185 494 1244 imbuta
508 1187 653 1247 doctrinis.

128 1303 256 1376 Corpora
270 1301 528 1361 socrureuehuatur.
544 1304 708 1376 Aepnrismo
723 1305 751 1364 S.
763 1306 866 1380 Aipulfi
875 1324 932 1364 cor·

209 1389 263 1448 pus
275 1375 404 1446 postulat.
417 1375 505 1448 Caput
520 1393 579 1432 cum
594 1378 701 1434 brachio
713 1378 846 1451 impetrat.

163 1465 212 1524 25.
223 1464 311 1538 lgitur
324 1463 466 1533 communi
481 1464 599 1522 consilio
614 1473 642 1523 et
656 1483 708 1539 ope
723 1482 807 1524 naves
821 1482 933 1540 praepa-

127 1563 205 1625 rant,
230 1556 345 1613 comites
374 1552 511 1626 delegant,
540 1561 567 1610 et
595 1554 620 1610 ei
644 1554 691 1628 qui
712 1555 804 1615 locum
819 1563 934 1613 noverat

128 1644 308 1718 adjungunt:
328 1642 375 1717 qui
392 1644 448 1700 lieo
468 1653 657 1717 prosperante,
665 1645 794 1703 secundis
807 1644 930 1714 datibus,

128 1732 289 1807 blandaque
303 1747 433 1789 aurarum
456 1732 588 1806 temperie
602 1732 656 1803 usi,
681 1733 788 1791 devecti
813 1735 931 1792 suntad
950 1755 973 1816 B

128 1824 226 1883 locunt
242 1823 272 1880 in
286 1839 340 1897 quo
360 1829 513 1894 martyrum
530 1822 655 1895 gloriosa
674 1821 802 1896 jacebant
815 1825 934 1891 exuuiae,

128 1913 280 1972 hominurn
297 1911 407 1987 quidem
425 1912 563 1969 destituta
577 1912 712 1981 custodia,
722 1912 770 1969 sed
785 1929 883 1970 manus
895 1913 935 1970 di·

130 2005 209 2062 rinae
225 2001 396 2077 protectione
409 2001 539 2057 defensas.
556 1999 663 2068 Quibus
677 2009 708 2056 ut
718 2009 881 2073 optaverant
896 2018 935 2058 re·

131 2093 230 2168 pertis,
245 2106 309 2148 cnm
330 2088 452 2145 maxima
466 2089 608 2145 alacritate
629 2097 656 2146 et
674 2105 782 2145 summa
804 2105 937 2146 reveren-

131 2181 186 2250 tis,
206 2189 302 2255 utpote
331 2179 500 2253 martyribus
517 2179 611 2252 digna,
639 2179 705 2237 navi
728 2179 887 2252 imponunt,
910 2187 937 2236 et

131 2272 247 2330 concito
262 2271 361 2328 itinere
376 2269 491 2326 redeunt
508 2287 514 2336 ;
531 2269 690 2343 eisqnclleo
706 2268 774 2326 duce
784 2278 812 2326 et
827 2268 936 2338 reduce,

133 2357 937 2433 secundispotieutibnseliectibus,etcorporasancterum

137 2448 309 2508 monasterio
327 2447 465 2504 Lirinensi
482 2447 585 2503 inicere
604 2448 775 2520 parantibus,
790 2447 939 2504 obviamse

136 2541 207 2600 tulit
227 2539 304 2598 dicta
318 2537 457 2595 abbatissa
478 2537 652 2611 angarisma,
673 2553 737 2595 cum
754 2539 841 2593 multa
861 2552 940 2609 prece

135 2631 296 2698 obsecrans,
313 2636 345 2685 ut
367 2628 421 2685 sibi
448 2627 564 2684 facultas
586 2627 785 2684 attribueretur
815 2625 939 2698 magistri

136 2736 241 2794 corpus
250 2717 384 2776 humandi
400 2718 429 2775 in
445 2717 610 2774 monasterio
627 2734 688 2786 suo,
703 2716 783 2789 cujus
796 2725 838 2773 est
851 2732 939 2772 voca·

138 2809 238 2867 bulum
251 2810 439 2866 Oratorium¹:
456 2807 535 2880 eujus
547 2807 648 2864 devota
656 2807 763 2879 petitio,
779 2813 806 2862 et
816 2805 939 2862 liliorum

142 2915 209 2972 erga
222 2900 330 2957 Patrem
354 2897 581 2971 incomparabilis
600 2896 719 2964 allectio,
744 2893 828 2969 hujus
849 2897 939 2951 solum

141 2993 186 3063 (ut
200 2989 349 3061 sicdicam)
360 2988 504 3047 amicabile
513 2987 568 3043 suit
572 2986 658 3060 jurgii
672 2985 862 3042 seminarium.
871 2985 939 3042 Nam

138 3081 250 3138 lemine
262 3076 427 3136 venerabilis
448 3080 586 3137 desiderio
610 3081 729 3154 flagrans
745 3098 846 3156 corpus
861 3089 941 3156 pete·
958 3118 980 3179 G

137 3168 211 3236 hat,
231 3167 359 3238 discipuli
374 3176 461 3227 autern
482 3187 534 3227 neo
557 3171 697 3228 modicum
712 3170 746 3226 ab
768 3169 844 3227 illius
867 3186 941 3244 prae-

143 3256 350 3314 sentiaseccmi
372 3259 511 3316 volebant.
527 3261 579 3317 Sed
603 3260 675 3317 inter
701 3260 760 3318 haec
779 3260 898 3317 mediam
913 3273 942 3314 se

138 3347 305 3420 obicemque
320 3348 484 3422 interposuit
498 3350 629 3419 charitas,
644 3368 705 3425 qua
727 3350 794 3408 talia
808 3350 940 3407 dirimere

137 3437 296 3496 consuevit.
312 3438 436 3511 Namque
460 3448 487 3497 et
505 3439 616 3496 femina
643 3442 772 3514 repressit
786 3441 942 3497 avidiorem

137 3529 324 3597 voluntatem,
340 3538 367 3584 et
384 3531 501 3584 istorum
517 3527 688 3584 devotiorem
702 3531 846 3602 ampliavit
861 3538 943 3586 tena-

138 3624 275 3682 citatem:
291 3622 361 3677 adeo
377 3628 408 3675 ut
431 3620 474 3676 illi
489 3620 653 3678 attributum
668 3630 750 3695 caput
770 3624 858 3681 sancti
878 3638 945 3680 cor·

139 3713 293 3790 poriscum
304 3709 419 3767 brachio
429 3709 527 3767 dextro
537 3711 689 3769 sufficeret:
704 3705 840 3787 reliquum
852 3720 944 3770 autem

139 3802 268 3878 corporis
296 3815 359 3858 cum
385 3800 510 3874 reliquiis
540 3809 697 3859 satiatorum
725 3814 889 3861 eaterroum
911 3804 946 3860 ad

140 3889 344 3949 monasterium
368 3887 512 3947 lirinense
530 3907 546 3947 a
565 3890 596 3948 B.
612 3891 755 3965 Rigomiro
769 3899 797 3948 ct
814 3892 947 3949 iratribus

139 3979 364 4038 transferreturl
383 3979 564 4037 humandum.

400 4086 475 4146 Caeco
491 4087 577 4144 uisum
591 4087 695 4161 recipit.

179 4177 228 4237 26.
243 4180 329 4238 Ροιιο
353 4192 453 4241 sanotae
467 4183 612 4241 abbatissa
638 4182 752 4241 devotio
774 4199 947 4259 nequaquam

143 4268 279 4327 indonata
292 4270 388 4328 relicta
402 4279 453 4328 est.
469 4272 536 4328 Erat
551 4272 669 4329 enimin
684 4272 853 4329 monasterio
869 4273 948 4332 illins

145 4358 275 4432 quasdam
298 4376 435 4429 sororum,
454 4361 500 4419 cui
528 4362 619 4418 risum
643 4363 786 4436 glaucoma
804 4363 949 4437 abreptum

147 4443 325 4503 inofficiosas
339 4447 497 4505 reddiderat
512 4448 626 4505 videndi
641 4449 775 4508 fenestras
788 4469 794 4507 :
809 4453 949 4526 palpebra·

146 4548 213 4589 rum
227 4549 345 4608 namque
360 4537 479 4610 tegmina
491 4535 637 4593 oculorum
646 4536 772 4610 globulos
780 4540 948 4614 retegebant.

148 4625 237 4683 Plena
250 4628 336 4701 igitur
350 4630 404 4688 lide
419 4648 482 4689 cum
498 4630 623 4704 reliquis,
635 4647 696 4704 qua
710 4631 796 4688 sacris
806 4631 952 4689 funeribus

148 4717 289 4775 solemnes
307 4719 477 4777 exhibebant
495 4720 636 4791 excubias,
655 4729 768 4780 noctem
783 4729 869 4779 totam
883 4738 951 4779 ora-

188 4839 199 4867 ·
219 4830 339 4906 Insignis
349 4833 441 4906 lapsus
453 4833 459 4889 l
470 4832 628 4890 Oratorium
640 4834 836 4892 monasterium
849 4835 876 4891 in
887 4835 951 4892 Pro·

150 4898 248 4958 vincia
270 4906 380 4961 nullum
403 4922 525 4979 unquam
541 4906 605 4975 luit,
630 4906 677 4964 sed
692 4909 722 4963 in
736 4908 826 4965 Gallia
842 4907 952 4980 Belgica

150 4988 238 5047 prope
247 4976 391 5033 civitatem
406 4976 625 5042 bellovacorum,
642 4979 726 5035 Oroer
738 4981 821 5051 vulgo
834 4980 952 5053 apperia-

150 5052 214 5101 tttm
227 5048 273 5103 cui
289 5047 399 5119 prmiuit
412 5047 439 5105 S.
455 5048 648 5121 Angadrisma,
672 5049 750 5122 virgo
766 5051 877 5118 nobilis,
892 5067 952 5124 quae

150 5115 328 5175 Ptovinciam
339 5119 629 5176 insularnveherinum
638 5121 956 5194 nentiquaminrolursse

151 5185 258 5246 dicitur
284 5189 314 5245 in
342 5207 392 5264 pro
412 5190 462 5247 riis
481 5191 568 5260 Actis,
589 5193 640 5248 sub
659 5192 741 5248 linem
761 5193 854 5249 saeculi
873 5193 955 5273 istius

151 5256 329 5318 Benedictini
358 5209 519 5320 reiircndis.
553 5263 580 5320 Si
599 5280 654 5337 qua
671 5263 739 5322 tides
766 5273 806 5321 est
829 5265 907 5320 Actis
925 5263 952 5321 S.

152 5328 260 5404 Aiguiii
278 5348 296 5388 a
313 5333 463 5393 Vincentio
486 5335 592 5391 Barrali
620 5334 804 5408 interpolatis,
828 5333 955 5406 Aiputsus

152 5404 243 5459 malr
257 5420 304 5460 em
317 5405 347 5460 ia
362 5406 417 5463 loco
428 5405 476 5478 qui
490 5407 609 5463 Arlucus
627 5406 725 5462 dicitur
746 5407 898 5472 martrueit
912 5423 956 5462 sea

86 5499 89 5508 ·
151 5477 305 5548 reperavit,
318 5477 516 5560 proposuitque
532 5477 569 5533 eis
581 5477 806 5534 martimouioirm
828 5478 957 5560 uirginem

151 5545 263 5605 nostiae
275 5548 466 5621 augurumque
479 5550 637 5619 Berraum,
651 5566 733 5622 quam
755 5565 813 5605 cum
827 5550 890 5606 aliis
904 5551 957 5605 vir·

152 5617 263 5693 gisilae
275 5635 291 5677 s
304 5620 395 5680 duilio
407 5621 498 5679 esaim
506 5619 637 5693 iusserat.
658 5620 821 5694 angarisma
844 5621 960 5697 proinde

985 654 1038 712 xit.
1055 654 1114 724 Quo
1130 658 1264 715 miraculo
1278 658 1345 717 adeo
1361 663 1487 719 omnium
1502 665 1600 723 allecta
1620 675 1685 725 sunt
1709 670 1790 729 corda

986 736 1170 815 cernentium,
1199 758 1300 806 utnon
1330 767 1376 808 eos
1391 753 1504 811 raderet
1531 756 1657 814 amisisse
1679 759 1787 818 Patrem

986 850 1110 908 corpore,
1136 852 1217 909 quem
1232 854 1405 898 commanere
1428 843 1578 916 gauderent
1592 846 1790 908 miraculorum

987 932 1042 981 tam
1057 925 1161 984 ellicaci
1176 933 1428 1002 repraesentatione.

1123 1048 1267 1108 Columbae
1286 1054 1342 1111 uiso
1361 1057 1472 1128 Aipelt'o
1492 1059 1657 1134 daipertus.

1023 1158 1067 1216 27.
1085 1156 1145 1214 Non
1168 1157 1251 1216 modo
1277 1168 1369 1217 autom
1384 1162 1493 1220 devotis
1515 1173 1543 1223 et
1571 1185 1587 1225 a
1612 1171 1671 1228 lieo
1698 1186 1747 1244 per
1761 1187 1790 1231 se

987 1246 1122 1305 beneficia
1136 1251 1314 1321 poscentibus
1329 1251 1401 1309 idem
1417 1254 1448 1310 B.
1466 1255 1546 1313 Pater
1572 1257 1676 1329 aderat,
1701 1261 1749 1319 sed
1763 1271 1791 1319 et
1877 1310 1878 1313 ι

988 1336 1156 1407 persecutori
1170 1356 1220 1395 suo
1235 1356 1337 1399 munus
1348 1343 1541 1415 opitulationis
1555 1346 1702 1422 impendit.
1720 1349 1789 1408 Nam

988 1423 1139 1483 Columbus
1153 1427 1213 1500 ejus
1227 1431 1325 1487 mortis
1336 1433 1526 1504 concinnator,
1552 1453 1615 1495 curu
1631 1444 1712 1496 nocte
1729 1456 1789 1513 quae

988 1512 1061 1570 diem
1076 1519 1201 1589 martyrii
1216 1518 1277 1591 ejus
1291 1523 1465 1595 sequebatur,
1480 1540 1509 1582 se
1523 1526 1626 1583 lectulo
1637 1528 1789 1586 commisis-

988 1610 1038 1671 set,
1055 1612 1151 1676 utpote
1166 1607 1290 1664 membra
1303 1611 1476 1669 relaxaturus
1492 1613 1520 1670 in
1536 1617 1668 1690 quietem,
1680 1624 1791 1690 repente

989 1692 1033 1747 vir
1047 1694 1158 1750 Domini
1188 1697 1287 1767 astitit,
1303 1715 1352 1756 cur
1373 1701 1543 1760 immeritum
1564 1722 1592 1762 sc
1609 1708 1694 1766 tantis
1710 1709 1791 1766 malie

989 1780 1128 1839 addixerit
1143 1783 1307 1858 increpavit,
1322 1805 1406 1862 quare
1420 1792 1594 1851 crudelitatis
1608 1795 1667 1867 ejus
1683 1797 1788 1854 imma-

989 1871 1062 1928 nitas
1076 1889 1163 1947 usque
1176 1875 1211 1931 ad
1224 1875 1407 1934 homicidium
1433 1880 1622 1938 innocentium
1647 1885 1789 1954 exarserit,

989 1960 1168 2018 vehementer
1182 1963 1300 2020 invexit.
1316 1965 1423 2033 Quibus
1439 1968 1533 2040 dietis,
1549 1973 1692 2046 sanguinis
1710 1973 1791 2030 effusi

990 2059 1096 2121 guttam
1125 2050 1212 2124 digito
1227 2053 1354 2125 sumpsit,
1383 2055 1493 2128 atejus
1521 2059 1624 2131 pectori
1652 2076 1683 2118 ac
1711 2060 1793 2118 dorso

990 2140 1099 2211 signum
1111 2140 1141 2196 in
1156 2140 1267 2198 modum
1282 2143 1380 2200 circuli
1395 2143 1543 2219 impressit.
1559 2148 1619 2218 Quo
1634 2149 1695 2207 riso
1710 2150 1794 2208 miser

993 2228 1189 2286 tremebundus
1216 2230 1250 2286 ad
1271 2230 1353 2302 pedes
1367 2231 1426 2304 ejus
1450 2236 1582 2306 concidit,
1611 2249 1637 2296 et
1651 2239 1794 2298 obscurare

992 2321 1102 2376 solitam
1130 2319 1190 2393 ejus
1214 2321 1403 2398 invictamque
1425 2327 1553 2398 pietatem
1577 2331 1670 2404 coepit,
1703 2348 1737 2389 ne
1764 2349 1793 2389 se

992 2419 1070 2469 tanto
1084 2413 1236 2470 obnoxium
1249 2413 1367 2486 judicio,
1381 2418 1503 2475 examini
1521 2432 1670 2480 reservaret
1684 2423 1791 2486 divino.

993 2503 1070 2562 Tunc
1090 2512 1200 2563 saumas
1215 2503 1274 2577 ejus
1300 2507 1427 2578 precibus
1455 2518 1545 2569 motus
1568 2529 1654 2573 unum
1682 2531 1793 2574 naevum

993 2592 1127 2661 detersit;
1144 2593 1229 2650 aliurn
1243 2603 1334 2652 autem
1353 2596 1456 2653 aboleri
1472 2615 1527 2656 non
1548 2618 1625 2675 posse
1650 2603 1792 2674 indicavit,

993 2682 1082 2741 donec
1108 2692 1172 2740 aute
1200 2684 1388 2744 Chlodoveum
1415 2687 1427 2752 l
1455 2705 1545 2762 regem
1569 2692 1794 2769 llebroiunmque

994 2773 1236 2846 majoremdomus,
1253 2786 1280 2834 et
1294 2776 1437 2849 publicum
1463 2780 1632 2839 Francorum
1657 2783 1794 2857 judicium

994 2861 1173 2919 adhiberetur
1186 2863 1212 2919 ei
1232 2865 1404 2923 remedium:
1421 2868 1495 2941 qnod
1508 2878 1535 2926 et
1549 2870 1652 2928 iactum
1677 2881 1795 2932 constat.

994 2951 1075 3009 iussu
1098 2953 1172 3009 enim
1199 2955 1283 3027 regali
1308 2957 1487 3032 perquisitus,
1512 2958 1707 3033 inventnsest,
1723 2974 1750 3022 et
1765 2965 1793 3024 in

994 3042 1107 3100 vincula
1119 3043 1260 3117 coniectus
1286 3051 1368 3119 atque
1379 3045 1487 3119 jndicio
1509 3051 1677 3109 Francorum
1699 3071 1795 3127 prena·

995 3148 1056 3188 rum
1070 3132 1213 3191 ferocitate
1227 3150 1313 3206 usque
1327 3134 1361 3190 ad
1377 3147 1492 3193 mortem
1509 3146 1634 3196 vexatus.

1219 3256 1345 3314 Auctoris
1359 3259 1408 3331 pia
1426 3262 1571 3321 meditatio.

1032 3363 1076 3421 28.
1093 3363 1170 3420 Licct
1183 3370 1274 3420 autem
1287 3364 1316 3420 iu
1328 3364 1372 3423 his
1382 3382 1438 3422 non
1456 3368 1604 3440 coniectari
1620 3368 1736 3446 aliquid,
1750 3371 1798 3431 sed

997 3454 1077 3526 plane
1103 3453 1256 3527 intelligere
1282 3454 1347 3527 quid
1378 3456 1436 3513 haee
1460 3460 1664 3531 portenderent.
1683 3462 1798 3539 Sanguis

997 3542 1070 3599 enim
1086 3542 1134 3599 ille
1150 3545 1278 3616 martyris
1293 3544 1381 3614 iusus,
1396 3545 1555 3605 innocentia
1564 3550 1731 3626 intelligitur
1742 3553 1797 3611 vim

1000 3651 1133 3708 perpessa,
1146 3634 1250 3710 justam
1265 3640 1408 3710 postulans
1427 3642 1602 3700 vindictam:
1627 3647 1703 3703 unde
1726 3649 1798 3705 Deus

999 3727 1032 3783 de
1048 3728 1138 3800 primo
1166 3728 1275 3798 talium,
1292 3729 1376 3787 idest
1399 3730 1496 3802 Abale,
1524 3732 1598 3790 dixit
1616 3733 1651 3790 ad
1679 3735 1800 3810 primum

1001 3825 1212 3892 persecutorem,
1229 3818 1257 3875 id
1270 3818 1408 3879 estCaiu:
1427 3823 1629 3896 Voesouqaiair
1643 3823 1742 3895 fratris
1762 3823 1802 3882 tui
1867 3849 1873 3857 ·

1000 3910 1271 3982 clamatodmcldca.
1284 3914 1317 3986 r).
1341 3914 1487 3987 Impressio
1511 3917 1750 3991 porrosanguinis
1773 3919 1802 3974 in

1000 3998 1083 4057 dorso
1109 4001 1154 4056 vel
1180 4001 1210 4057 in
1235 4019 1350 4077 corpore
1379 4008 1572 4078 persecutoris,
1600 4007 1803 4068 animadversio

1002 4087 1133 4145 vindictae
1149 4105 1209 4162 qua
1223 4091 1248 4146 ei
1263 4092 1414 4151 debebatur
1426 4113 1476 4169 pro
1490 4099 1657 4157 admissione
1681 4100 1803 4160 sceleris.

1003 4175 1081 4234 Unde
1105 4183 1132 4232 et
1156 4177 1295 4235 Ezechieli
1324 4182 1459 4240 Dominus
1472 4185 1551 4253 dicit,
1580 4187 1654 4259 quod
1683 4191 1805 4263 requirat

1004 4265 1165 4338 sanguinem
1177 4268 1328 4339 peccatoris
1338 4269 1464 4327 demanu
1478 4287 1534 4328 nou
1548 4276 1742 4332 annuntiantis
1755 4294 1800 4349 pa·

1004 4354 1086 4411 storis
1100 4353 1207 4427 (Bacch.
1238 4356 1291 4427 ιιι).
1309 4357 1344 4412 Et
1367 4357 1502 4416 Dominus
1526 4359 1645 4417 ludaeis:
1668 4362 1704 4419 Ut
1717 4365 1806 4422 ueniat

1004 4460 1083 4516 super
1096 4460 1141 4499 eos
1155 4443 1240 4500 omum
1265 4445 1475 4516 conquisitorias
1493 4448 1540 4519 qui
1559 4450 1659 4520 effusus
1678 4457 1806 4526 estsuper

1006 4543 1106 4592 terrore
1120 4535 1227 4609 (blattis.
1242 4538 1339 4607 xxiii),
1357 4535 1438 4594 idest
1453 4538 1576 4596 vindictr
1589 4542 1681 4599 omnis
1696 4546 1805 4618 sangui·

1005 4624 1050 4682 nis
1061 4623 1131 4697 justi
1144 4626 1307 4682 innocenter
1321 4625 1386 4684 iusi.
1403 4627 1488 4683 Porro
1496 4626 1596 4685 circuli
1606 4628 1709 4702 effigies
1719 4631 1806 4688 inevi-

1005 4711 1119 4770 tabilem
1135 4716 1336 4788 praesagabatur
1349 4716 1493 4774 sententiae
1507 4717 1661 4778 ultionem:
1687 4720 1808 4783 circulus

1006 4831 1201 4904 distinguenda
1216 4841 1286 4891 esset
1295 4834 1330 4891 ab
1339 4834 1531 4908 angadrisma,
1548 4853 1608 4911 qua
1623 4838 1730 4911 origiue
1744 4838 1808 4894 lar·

1007 4906 1231 4964 vennensisiuit.
1767 4979 1773 4991 .

1042 4988 1053 5014 ²
1069 4977 1206 5034 Nimirum
1229 4979 1275 5035 die
1297 4981 1484 5038 sextodecimo
1507 4980 1583 5050 Maii,
1599 4990 1630 5037 ut
1645 4980 1809 5039 Vincentius

1007 5049 1129 5106 barralis
1140 5050 1268 5106 inseruit.

1043 5120 1220 5191 bLegeudum
1236 5123 1438 5182 Theodericum.
1446 5125 1476 5180 ln
1487 5122 1626 5180 Chronico
1635 5122 1810 5180 Malleacensl

1009 5190 1039 5247 S.
1065 5191 1170 5263 higulli
1195 5194 1358 5266 rnartyrium
1388 5194 1485 5251 diebus
1509 5194 1675 5251 Theoderici
1697 5210 1727 5251 re
1746 5193 1810 5252 ieet

1010 5261 1125 5318 libroiui
1137 5263 1349 5334 majorisdomus
1358 5265 1489 5322 accidisse
1501 5265 1610 5335 legitur.
1623 5264 1703 5323 Certe
1737 5266 1809 5322 broi·

1010 5350 1062 5390 nus
1072 5341 1134 5406 post
1144 5335 1360 5392 Erchinoaldum
1373 5336 1486 5408 adeptus
1501 5336 1595 5408 palatii
1607 5337 1808 5465 praefecturam,
1862 5406 1868 5412 ,

1010 5413 1058 5462 aut
1078 5405 1156 5461 nullo
1173 5413 1220 5461 aut
1243 5406 1406 5464 brevissimo
1430 5418 1550 5479 tempore
1575 5424 1608 5464 su
1651 5407 1811 5467 Chlodoveo

1011 5493 1070 5534 eam
1093 5476 1308 5533 administravit.
1334 5478 1410 5534 Unde
1430 5477 1457 5534 S.
1484 5478 1587 5551 Aigulfi
1616 5496 1711 5538 necem
1738 5496 1811 5539 anno

1013 5550 1086 5608 circa
1098 5549 1152 5606 675
1165 5549 1333 5621 reponimus.
