3834 6136
90 208 142 276 tbi
634 210 949 276 MARTYROLOGIUM.
969 251 1006 264 -
1022 214 1126 281 MENS.
1146 212 1217 279 tut.
1691 224 1745 287 262

89 342 191 399 lilibus.
1628 350 1678 404 Di'c
1698 351 1742 410 lt.

120 437 223 507 Nisibi,
248 437 353 494 natalis
367 436 456 496 sancti
472 435 567 494 Jacobi
583 436 714 510 episcopi,
741 453 845 510 magnae
860 439 973 496 virtutis
987 437 1052 496 viri.
1074 439 1126 497 llic
1142 457 1214 496 unus
1234 442 1287 497 luit
1311 457 1326 498 e
1345 458 1461 498 numero
1476 442 1665 501 confessorum
1686 447 1739 505 sub

87 525 279 601 perseeutione
288 525 481 594 Maximini,et
490 542 597 594 eorum,
606 527 655 599 qui
664 526 694 583 in
705 527 807 584 Nicena
822 528 929 602 synodo
940 528 1146 601 perversitatem
1157 527 1228 596 Arii,
1241 529 1364 586 Omousii
1376 528 1550 603 oppositione
1560 530 1739 598 damnarunt.

89 619 178 674 llomas
196 615 337 687 inportu,
354 614 455 672 natalis
477 622 634 672 sanctorum
651 617 788 689 Eutropii,
813 618 928 687 Zosimae
942 629 968 676 et
992 620 1105 675 Bonosae
1128 636 1265 675 sororum.
1281 620 1362 692 Apud
1376 621 1560 693 Cartaginem,
1576 631 1734 681 sanctorum

88 711 244 777 martyrum
257 703 383 761 Catulini
398 703 520 773 diaconi,
544 706 678 776 ianuarii,
702 708 845 776 Florentii,
861 709 940 766 tuliae
953 717 980 765 et
995 709 1089 777 lustu,
1107 709 1156 782 qui
1177 717 1243 766 sunt
1256 711 1338 783 positi
1358 711 1386 768 in
1402 711 1521 769 Basilica
1536 713 1640 771 Fausti.
1664 714 1736 770 Ale·

87 793 220 863 sandriae,
235 800 398 851 sanctorum
413 792 547 867 Philippi,
562 795 693 867 Zenonis,
708 797 804 853 Narsei
819 805 846 854 et
860 797 954 856 decem
968 799 1121 859 inlautum.

858 937 977 998 NOTAE.

118 1036 158 1094 Ita
170 1036 298 1104 Proteo„
314 1033 465 1104 Hermian,
481 1034 613 1108 Antuerp.
630 1044 657 1092 et
675 1037 881 1110 Mon-Liber,
901 1041 1011 1097 Greorn.
1024 1048 1050 1097 et
1065 1043 1168 1100 Nolon.

701 1161 903 1220 valtramus
923 1164 1128 1223 LECTIONES.

115 1264 206 1323 Nisibi
230 1262 397 1336 simpliciter
420 1260 523 1319 habent
551 1263 659 1321 codices
684 1282 799 1335 omnes,
826 1272 921 1330 tumA
941 1269 987 1324 sed
1007 1269 1035 1324 in
1056 1270 1196 1326 Herinien.
1217 1270 1287 1326 male
1302 1278 1343 1327 est
1356 1271 1465 1341 ipram.
1482 1273 1556 1328 ldem
1570 1280 1612 1329 est
1625 1272 1659 1329 de
1673 1273 1736 1330 Arii

85 1338 153 1410 puri,
164 1344 228 1393 tuin
237 1335 298 1404 alii,
310 1333 432 1417 exceptis
447 1337 582 1416 Antuerp.
595 1344 622 1391 et
638 1337 839 1405 Max-liuhec,
856 1339 886 1395 in
941 1348 967 1394 et
981 1341 1110 1408 omousii,
1126 1357 1282 1414 quanquam
1294 1342 1354 1399 Ado
1366 1342 1464 1399 habeat
1475 1343 1537 1399 Arii
1546 1353 1572 1400 et
1588 1345 1735 1414 Homonsii‘,

100 1409 197 1491 uibus,
227 1407 315 1465 Nisibi
337 1412 451 1462 cicimte.
475 1406 521 1463 Sic
544 1407 626 1489 etiam
652 1408 746 1480 legunt
768 1426 884 1466 omnes:
943 1413 981 1490 lle
1007 1413 1150 1482 Cortnqine
1174 1413 1233 1469 dixi
1260 1412 1346 1481 alibi,
1371 1414 1412 1468 nti
1437 1422 1464 1468 ot
1488 1414 1522 1470 de
1548 1416 1742 1486 dampnarunt,

84 1427 130 1606 ¹dic
145 1479 203 1606 [ιᾶιι
220 1495 289 1606 aquus
303 1495 317 1533 s
329 1493 450 1606 numm&
466 1485 531 1546 eta,
547 1478 637 1604 sedbin
652 1479 769 1562 Greven.
786 1488 812 1536 el
831 1482 887 1537 hlo-
942 1498 1056 1607 opisque
1070 1483 1176 1554 generis
1190 1484 1396 1566 orthographia,
1409 1501 1456 1540 seu
1471 1485 1563 1556 potius
1578 1486 1743 1557 pseudogra·
1809 1526 1812 1533 .

84 1565 431 1699 ihiii‘iiaii'difiiii
444 1565 547 1703 bibit
560 1554 889 1702 {inutiliter-lli?
942 1570 1016 1680 lat:
1031 1554 1198 1698 debili?
1213 1556 1699 1696 lttltttantillitati-lm·
1715 1563 1743 1614 ⁰²

81 1695 185 1750 hirene
194 1691 293 1765 spuma
306 1690 434 1751 scribunt
445 1698 524 1749 citati
538 1693 647 1750 codices
661 1701 688 1750 et
702 1694 802 1766 reliqui
818 1696 884 1764 fere,

751 1827 1053 1887 oassnvxnoxns.
1157 1806 1160 1812 ’

108 1933 275 1993 Romanum
291 1945 407 2004 parrum
420 1931 663 1989 annuntiationem
678 1933 796 2005 primam
831 1952 885 1992 au·
940 1951 1002 1990 iiius
1024 1933 1180 1991 versiculus
1204 1935 1258 1994 hnc
1282 1951 1337 1992 non
1352 1935 1481 2008 pertinet,
1506 1934 1643 1995 secundus
1657 1937 1741 1995 iaco-

69 2003 200 2063 cissimis
213 2000 439 2060 circumscribit:
456 2002 554 2071 Nisibi,
569 2004 661 2060 Jocobi
675 2005 799 2078 episcopi.
812 1953 885 2063 diie-
938 2005 974 2062 bo
990 2004 1144 2062 tribuitur:

68 2077 257 2150 rouymiaua,
272 2073 385 2142 bicinis,
397 2073 510 2142 Nisibis,
526 2074 570 2130 rel
583 2075 712 2145 Nisibini,
727 2076 757 2132 in
772 2079 882 2151 quibus,
1034 2125 1039 2135 .
1314 2127 1320 2140 .
1452 2127 1458 2140 .

88 2144 885 2217 raetermorem,historiadicam,antabula,attexiturin
1002 2122 1094 2215 lilibus
1111 2124 1387 2201 ⁰³⁰¹⁸⁶¹¹b9⁸⁵⁸¹⁸⁰⁰⁸
1398 2126 1559 2202 cyriciusque
1677 2191 1682 2202 .

65 2165 152 2278 Eune
178 2217 320 2276 modum:
343 2217 435 2284 Qut-in
454 2234 565 2290 corpore
583 2219 758 2290 mmmm
780 2220 843 2290 fecit
860 2227 885 2277 e,
1003 2187 1708 2256 llilacobusmeritiscelebratnrepiscopusamplis.

64 2294 178 2348 Arcani
192 2291 249 2348 Noe
268 2290 340 2345 solita
354 2288 423 2343 uidit
435 2288 463 2342 iii
479 2296 573 2357 nonu,
589 2291 680 2345 nullus
694 2290 766 2347 olins
781 2293 812 2348 ile
830 2293 882 2359 bis,
973 2292 1157 2350 annuntiatio
1172 2293 1257 2349 altera
1272 2300 1330 2351 tota
1344 2293 1375 2349 iu
1389 2294 1513 2351 Romano
1526 2311 1623 2368 pario,
1634 2302 1693 2352 tota
1709 2294 1741 2351 in

63 2364 120 2446 qni
144 2379 204 2419 mm
226 2378 256 2416 eo
274 2365 464 2440 perrexerant,
484 2360 572 2415 cidere
585 2368 622 2442 est
639 2363 807 2433 permissum.
820 2363 883 2420 llaec
938 2364 1034 2421 Adone
1044 2375 1094 2433 est,
1111 2365 1167 2420 imo
1178 2372 1204 2419 et
1219 2365 1305 2421 ferme
1322 2365 1350 2420 iii
1365 2365 1530 2447 apographis
1545 2367 1740 2440 Hieronymia·

63 2435 123 2505 ibi,
141 2441 172 2490 et
189 2431 304 2507 quidem
320 2438 458 2513 nonsatis
473 2440 595 2489 correcte
611 2442 799 2504 intrusaesse,
821 2451 882 2506 pro·
937 2436 990 2503 nis,
1016 2436 1055 2492 ibi
1075 2436 1248 2509 corruptiora
1265 2443 1372 2492 suntet
1395 2437 1461 2493 hinc
1480 2437 1545 2493 inde
1559 2439 1672 2493 turbata
1692 2453 1740 2493 no·

61 2506 118 2564 bat
146 2503 336 2562 vetustissimi
360 2503 571 2576 Epternacensis
596 2504 700 2561 codicis
727 2507 881 2564 silentium.
938 2507 1022 2562 mina.
1038 2506 1116 2564 Certe
1141 2515 1234 2563 noster
1256 2508 1451 2580 antesignanos
1474 2525 1538 2564 suos
1562 2508 1682 2565 fideliter
1698 2524 1739 2564 se·

62 2576 147 2648 Quid
164 2593 263 2658 porro,
281 2575 310 2632 iu
326 2575 427 2631 Ararat
446 2575 489 2632 vel
508 2575 598 2632 Tauro
619 2587 721 2645 monte,
745 2578 882 2634 Noernicas
936 2585 1017 2634 cutus
1030 2585 1081 2635 est.
1093 2577 1164 2634 Vide
1176 2578 1347 2634 notationem
1361 2577 1484 2635 Baronii.
1496 2580 1535 2635 lie
1547 2579 1739 2650 Curtbaqinrn·

61 2666 158 2719 arcae,
171 2647 274 2722 primis
287 2646 419 2703 Ecclesia
428 2647 536 2703 saeculis
551 2648 728 2720 superfuerit,
742 2649 808 2705 satis
819 2666 881 2721 ope·
936 2650 1008 2705 sibus
1020 2656 1047 2704 et
1060 2649 1255 2705 Alexandrinis
1271 2656 1342 2705 tarot
1361 2649 1515 2706 llomauum
1530 2666 1657 2721 parvum.
1678 2650 1739 2706 Ado

60 2737 148 2790 rose,
160 2719 324 2792 nescioquo
335 2734 425 2792 operae
437 2720 537 2790 pretio,
551 2719 670 2790 inquirit
680 2720 879 2778 Florentinius.
936 2737 971 2776 ox
983 2719 1210 2791 Hieronymianis
1220 2720 1316 2801 procul
1326 2719 1563 2794 dubioutramque
1573 2736 1739 2778 commemo·

60 2794 126 2862 Qui
142 2799 175 2850 et
188 2791 263 2849 alios
280 2789 372 2849 cultus
387 2788 456 2857 dies,
471 2789 519 2846 sed
533 2790 604 2846 forte
619 2791 792 2847 diversorum
805 2793 881 2849 Jaco-
938 2792 1070 2848 rationem
1094 2791 1258 2864 desumpsit,
1284 2791 1323 2847 sic
1344 2798 1436 2846 tamen
1455 2799 1486 2847 ιιι
1505 2794 1620 2848 nomina
1646 2791 1740 2864 aliqua

59 2864 177 2923 borum
202 2860 318 2920 iudicat.
339 2861 475 2919 Caeterum
497 2861 531 2917 de
553 2862 665 2933 praelata
688 2862 806 2931 visione,
833 2881 881 2921 seu
955 2865 1018 2919 aulo
1043 2863 1145 2920 clarius
1169 2862 1345 2936 expresserit,
1373 2863 1474 2918 omissa
1497 2863 1527 2918 iu
1549 2862 1639 2934 prima
1653 2864 1740 2920 classe

56 2935 214 3002 naturali,
225 2949 275 2990 seu
286 2934 458 3001 miraculosa,
468 2931 538 2988 nihil
551 2935 714 2990 memoravit
726 2935 881 3003 ildo,ulind
936 2881 1090 3004 gillitano,
1107 2940 1134 2991 et
1156 2933 1202 2990 ubi
1219 2934 1292 2990 inter
1307 2934 1521 3002 Alexandrinos,
1540 2935 1654 3006 prefata
1667 2950 1740 3006 apo-

58 3025 107 3065 ex
119 3004 289 3072 Gennadio,
300 3003 379 3077 idque
388 3003 529 3061 historice
540 3006 660 3074 veritati,
673 3009 700 3061 ni
713 3006 805 3073 fallor,
817 3023 879 3063 con·
893 3007 915 3065 B
934 3023 980 3079 gra
1000 3007 1035 3061 ha
1050 3007 1145 3078 legunt
1169 3005 1259 3075 Nasoi,
1285 3004 1330 3062 hic
1346 3006 1469 3077 posuerit
1491 3004 1601 3064 Morari.
1627 3007 1739 3063 Illustre

54 3078 205 3137 formius
229 3075 347 3156 elogium
369 3075 562 3148 deproperans,
583 3077 661 3148 cujus
682 3078 879 3135 nitidissimam
934 3087 975 3134 est
983 3024 1038 3134 boc
1050 3078 1095 3134 die
1108 3077 1229 3134 Calatini
1244 3076 1373 3148 martyris
1385 3093 1486 3133 nornen
1500 3077 1528 3131 in
1545 3076 1657 3133 laudato
1667 3092 1739 3150 saepe

50 3152 226 3225 epitomen
240 3146 356 3205 confecit
369 3147 518 3215 Usuardus‚
530 3149 639 3221 qualem
651 3150 678 3204 in
689 3157 768 3205 textu
782 3167 879 3222 reprm-
934 3149 1142 3221 Carthaginensi
1163 3149 1340 3205 Kalendario.
1359 3147 1469 3206 Citatur
1485 3148 1569 3205 etiam
1588 3149 1738 3222 Augustini

54 3220 264 3281 monuimus.
274 3218 481 3276 Notkerusvero
491 3219 644 3276 ildonianis
654 3237 710 3276 non
721 3228 878 3289 contentus,
934 3221 963 3276 in
998 3219 1057 3292 ejus
1094 3219 1204 3276 laudem
1232 3227 1383 3291 tractatus,
1418 3218 1465 3275 sed
1494 3234 1574 3300 quem
1604 3218 1738 3276 hactenus

54 3295 218 3352 visionem
231 3307 266 3347 ex
275 3290 501 3364 hieronymianis
512 3299 662 3362 acceptam,
678 3292 777 3363 prioris
788 3292 880 3349 verbis
934 3291 1040 3347 editum
1056 3307 1111 3347 uon
1127 3290 1260 3346 vidimus.
1279 3292 1317 3347 De
1331 3291 1530 3346 Alexandrinis
1549 3292 1607 3346 sola
1622 3290 1738 3347 nomina

54 3374 203 3424 attexere
222 3362 323 3419 uoluit.
344 3362 438 3419 iacobi
454 3364 551 3430 vitani,
574 3380 609 3419 ex
623 3363 788 3420 Theodoieti
808 3363 880 3419 Phi·
935 3380 965 3419 su
987 3379 1075 3419 eresse
1099 3361 1239 3418 videntur.
1265 3360 1301 3417 Ut
1325 3369 1355 3416 ut
1378 3369 1439 3431 est,
1465 3363 1558 3417 ambas
1582 3362 1681 3417 classes
1703 3377 1739 3419 ex

55 3438 170 3495 iotheo
190 3436 266 3492 inter
285 3433 430 3490 relationis
456 3433 638 3503 llervetianae,
654 3434 752 3490 eduxit
771 3435 878 3502 Surius,
935 3379 1032 3489 Adone
1060 3432 1206 3504 descripsit
1235 3431 1270 3488 ad
1298 3431 1413 3487 verbum
1442 3431 1592 3498 Usuardus‚
1621 3434 1738 3489 alteram

53 3508 119 3568 cui
142 3524 180 3565 ex
203 3505 251 3579 eju
285 3521 329 3561 em
348 3504 499 3578 scriptoris
520 3504 648 3571 historia,
666 3506 720 3561 alia
734 3505 881 3578 superaddi
935 3504 1016 3562 alteri
1038 3512 1218 3576 anteponens,
1241 3510 1268 3559 et
1285 3502 1415 3570 mediam,
1436 3510 1467 3558 ut
1491 3503 1530 3559 ita
1545 3503 1646 3572 dicam,
1663 3503 1737 3560 viam

56 3586 215 3652 poterant.
240 3576 437 3633 'l'illemontius
458 3575 557 3633 seriem
582 3576 743 3633 historicam
759 3593 794 3633 ex
810 3577 880 3704 ipso,
935 3576 1083 3648 ingressus,
1107 3591 1155 3646 pro
1177 3574 1258 3631 Nasci
1280 3582 1307 3630 et
1336 3574 1436 3633 Narsei
1459 3573 1606 3631 substituit
1629 3574 1737 3644 Narsei,

62 3669 110 3708 ex
120 3647 279 3718 Gennadio,
295 3648 414 3721 aliisque
428 3647 532 3705 Gallice
542 3650 687 3704 contexuit
704 3649 814 3705 tomoV
827 3650 850 3717 l,
866 3666 882 3704 a
935 3648 1008 3704 sicut
1022 3646 1132 3703 codices
1146 3645 1235 3702 nostri
1249 3644 1420 3702 unanimiter
1434 3646 1582 3702 enuntiant
1596 3664 1602 3701 :
1620 3662 1669 3718 pro
1683 3662 1739 3719 quo

61 3739 140 3796 laag.
152 3721 219 3786 ιιι),
229 3736 291 3795 quas
305 3719 377 3776 actis
385 3719 590 3801 praeclarissimi
605 3721 693 3776 saneti
706 3720 880 3777 illustrandis
937 3719 1114 3786 recentiores,
1130 3717 1236 3775 Norsri.
1253 3715 1321 3772 Tota
1342 3716 1427 3790 igitur
1445 3722 1539 3774 textus
1553 3717 1696 3792 congeries
1711 3725 1739 3776 et

60 3809 140 3869 „ou
154 3808 250 3865 parum
264 3792 431 3849 subsereret.
447 3789 567 3849 Distichi
584 3791 807 3850 Wandalbertini
826 3791 881 3865 pri·
936 3791 1081 3848 Adoniana
1095 3798 1123 3847 et
1140 3789 1296 3846 Usuardina
1310 3795 1363 3846 est.

820 3916 1010 3978 AUCTARIA.

115 4018 149 4078 ln
162 4016 337 4079 llarmmmi.
354 4013 502 4077 recentiori
517 4031 601 4074 manu
616 4014 651 4074 ad
666 4011 817 4091 marginem
834 4018 881 4075 ad·
974 4015 1155 4084 Uirniircr,
1175 4012 1312 4084 Laruas,
1335 4014 1497 4072 Auruncus.
1512 4018 1540 4071 et
1555 4015 1656 4072 Dinia.
1672 4027 1737 4073 cum

59 4091 177 4163 jicitar
192 4110 199 4148 τ
223 4116 233 4142 ι
251 4093 314 4166 lpao
328 4090 393 4161 die,
414 4091 517 4148 divisio
530 4090 729 4162 apostolorum.
745 4114 754 4138 i
777 4092 817 4147 De
831 4106 885 4164 qua
939 4088 1047 4145 duobus
1061 4087 1279 4160 precedentibus
1289 4086 1470 4156 conveniunt,
1483 4085 1529 4142 sed
1541 4085 1598 4143 illis
1608 4086 1741 4145 omnibus

67 4165 164 4222 etiarn
183 4163 244 4222 alii.
939 4167 1128 4232 anteponunt:
1148 4182 1158 4207 ι
1173 4158 1255 4231 Apud
1267 4158 1455 4226 Antiochiam,
1472 4158 1562 4214 natale
1577 4166 1739 4217 sanctorum

116 4235 279 4294 renarras.
302 4241 408 4292 resecat
428 4232 549 4306 elogium
563 4232 659 4292 iacobi
674 4233 818 4302 Nisibeni,
835 4249 885 4290 cae·
940 4232 1028 4304 Tyriti
1044 4230 1162 4304 [lyrici
1177 4228 1301 4302 Quiriti]
1324 4237 1351 4285 et
1372 4229 1464 4284 lulitae
1485 4229 1581 4308 matris
1602 4229 1672 4300 ejus.
1687 4230 1741 4298 Qui

80 4314 141 4364 tera
154 4323 244 4381 purus
259 4314 311 4364 cst.
940 4303 1043 4358 evulsis
1059 4301 1157 4368 oculis,
1175 4301 1265 4373 prinio
1280 4301 1310 4355 in
1324 4315 1460 4355 carcerem
1478 4308 1635 4355 missisunt
1651 4319 1657 4357 :
1680 4309 1742 4371 post

120 4379 347 4436 muri-blas.
359 4377 450 4436 textui
461 4376 569 4450 puroin
581 4375 636 4432 fine
648 4375 805 4435 subnectit:
826 4400 835 4423 ι
850 4376 886 4432 Ει
941 4373 1000 4431 baec
1015 4372 1148 4430 excoriati
1163 4382 1190 4428 et
1205 4372 1234 4426 in
1250 4373 1320 4427 lecto
1335 4369 1529 4435 firmamenti,
1545 4367 1645 4424 deinde
1661 4371 1743 4427 ferris
1821 4404 1831 4421 .

83 4452 229 4508 translatio
242 4451 332 4507 sancti
347 4450 525 4507 Suithuni.·
902 4453 923 4513 c
941 4445 1040 4511 attriti,
1061 4452 1088 4500 et
1111 4441 1261 4514 amputatis
1276 4441 1389 4513 linguis,
1408 4439 1536 4512 martyrii
1559 4440 1603 4494 sui
1628 4455 1742 4496 cursum

120 4523 279 4580 rumim.
301 4531 328 4579 et
343 4521 439 4579 delicit
460 4529 488 4576 et
502 4530 601 4580 auctus
620 4529 672 4577 est.
696 4519 741 4575 Sic
765 4518 885 4600 incipit:
941 4515 1154 4573 obtmncatione
1185 4513 1283 4583 capitis
1314 4512 1534 4582 compleverunt.
1569 4510 1645 4566 Pessi
1677 4518 1744 4567 sunt
1812 4564 1818 4574 ,

96 4592 320 4663 «mauriacum,
327 4594 423 4676 passio
437 4601 594 4651 sanctorum
609 4599 763 4664 martyrum
781 4589 887 4658 Quirici
942 4588 1024 4644 etiam
1038 4602 1102 4643 curn
1114 4584 1153 4639 eis
1167 4583 1255 4664 etalii
1271 4581 1465 4662 quadringenti
1472 4587 1626 4710 quatuor.»
1644 4581 1684 4663 lie
1697 4580 1744 4639 his

89 4665 232 4723 etlulittae
252 4664 460 4738 matrisque»
479 4662 888 4722 Sedintextuomittitlaco-
942 4675 1005 4741 curn
1021 4656 1275 4740 Usuardo'egimus
1297 4652 1455 4710 ιιιιιιιιιιι.
1499 4651 1544 4708 ide
1561 4667 1622 4725 quae
1642 4653 1699 4725 ibi,
1716 4661 1745 4711 et

89 4734 152 4792 bum
165 4745 194 4793 et
209 4743 349 4809 martyres
363 4737 540 4794 Portuenses.
943 4731 1032 4787 lusins
1048 4746 1078 4784 in
1094 4729 1173 4785 Actis
1187 4727 1262 4783 dicta
1276 4732 1352 4782 sunt.

124 4808 270 4865 hunam.
287 4816 349 4880 post
365 4814 473 4864 textum
488 4810 516 4863 in
531 4808 586 4865 sine
601 4806 678 4864 addit
695 4825 701 4863 ;
726 4831 736 4854 ι
751 4806 813 4879 lpso
828 4805 884 4874 die,
979 4802 1153 4859 Carrucam:
1175 4823 1184 4846 ‹
1199 4798 1294 4854 Natale
1308 4797 1395 4856 sancti
1409 4797 1504 4856 iacobi
1519 4797 1655 4856 Nischana
1668 4796 1743 4856 ciri·

97 4876 187 4936 divisio
199 4880 392 4953 apostolorum
407 4879 442 4936 ad
462 4879 678 4953 praedicandum.
698 4903 707 4924 ·
943 4874 1008 4931 tatis
1022 4871 1154 4947 episcopi,
1171 4886 1331 4943 magnarum
1345 4871 1481 4927 virtutum
1497 4870 1562 4928 viri.
1579 4875 1603 4927 Α
1624 4870 1661 4927 ud
1676 4870 1741 4927 Car·

129 4949 344 5008 numeniaci
367 4950 388 5006 it
403 4969 409 5006 :
430 4951 560 5007 «Divisio
570 4951 768 5022 apostolorum.
780 4973 788 4995 ·
798 4950 887 5005 Tum:
944 4947 1102 5019 thaginem,
1129 4951 1286 5000 sanctorum
1306 4942 1429 5001 Catuliiii
1453 4942 1590 5022 diaconi,
1602 4890 1743 5021 fabruarii,

104 5020 271 5080 ‹Plschelmi
285 4967 452 5079 condiscens
466 5029 549 5095 atque
563 5020 713 5096 pontilicis.
730 5045 739 5068 ι
758 5020 792 5076 Se
813 5021 890 5075 uitur
943 5019 1089 5084 Florentii,
1102 5017 1182 5072 lullae
1193 5014 1326 5096 etiustae,
1342 5014 1470 5087 quisunt
1503 5014 1613 5095 95³⁰st
1630 5010 1744 5092 basilica

98 5091 177 5162 prima
199 5101 296 5151 textus
319 5093 494 5150 annuntiatio
519 5093 553 5150 de
575 5091 696 5157 laccho,
719 5099 771 5148 stc.
794 5036 889 5147 bein:
946 5089 1057 5169 Fausti.¹
1076 5088 1262 5167 Alexandriae,
1286 5094 1444 5142 sanctorum
1459 5032 1592 5154 Pdihppi,
1613 5082 1743 5163 denonis,

106 5163 185 5221 «Item
204 5165 348 5237 Philippi,
364 5164 511 5236 Agrippini
526 5172 554 5221 et
572 5162 746 5236 Reginsindae
760 5161 887 5234 virginis.
944 5160 1059 5216 Narseus
1074 5166 1102 5214 et
1115 5158 1209 5215 decem
1225 5158 1374 5214 infantum.
1395 5154 1522 5221 Atrebas,
1547 5152 1646 5208 relatio
1669 5151 1743 5209 beati

101 5231 210 5293 &suam
225 5237 391 5319 martyris.»
408 5237 472 5292 Post
484 5236 543 5292 haec
556 5243 709 5309 sequuntur
719 5241 812 5290 textus
827 5233 890 5290 reli·
945 5229 1059 5288 Vedasti
1073 5228 1107 5285 ad
1123 5229 1266 5309 proprium
1282 5228 1421 5308 locum),

102 5319 158 5377 qua,
173 5307 279 5383 quibus
301 5323 332 5364 m
353 5306 409 5363 fine
423 5307 554 5364 additur:
578 5332 587 5354 ‹
611 5306 714 5362 Eodem
728 5305 773 5361 die
788 5305 815 5360 in
831 5303 890 5359 Bri·
980 5302 1160 5358 Bnuxcmrn.
1176 5304 1292 5371 incipit:
1312 5300 1441 5354 «Divisio
1453 5293 1651 5376 apostolomm,
1669 5311 1742 5377 quae,

103 5380 195 5449 bunia,
219 5378 359 5453 depositio
379 5379 451 5435 beati
475 5378 627 5435 Deusdedit
650 5376 849 5449 archiepiscopi
864 5382 893 5432 et
945 5379 976 5428 ut
990 5371 1063 5427 Beda
1073 5371 1179 5439 scribit,
1191 5386 1264 5426 anno
1278 5386 1294 5425 a
1306 5368 1431 5441 passione
1445 5364 1742 5448 Dominiduodecimo,

10 5488 13 5494 ι
103 5451 267 5508 toulessoris.
292 5451 330 5508 Et
352 5451 497 5507 translatio
520 5448 663 5508 Suithuni.
688 5472 697 5496 i
719 5448 750 5504 ln
765 5447 891 5520 Anglicis
946 5443 997 5500 sub
1012 5441 1128 5499 Claudio
1147 5444 1312 5524 imperatore
1339 5439 1411 5495 lacta
1431 5443 1486 5519 est..
1507 5438 1595 5519 Nisibi
1619 5439 1743 5510 civitate,

104 5533 159 5595 sepe
173 5521 311 5580 contenit
323 5538 389 5580 cum
402 5522 630 5579 harusam-blas.
946 5515 1034 5573 sancti
1049 5513 1141 5570 iacobi
1157 5527 1278 5586 episcopi
1298 5519 1325 5566 et
1338 5509 1512 5566 confessoris.
1535 5509 1587 5578 Qui
1603 5508 1657 5566 luit
1672 5527 1745 5568 unus

10 5579 24 5596 '
129 5594 363 5652 sirmia-trix.
374 5602 402 5651 et
418 5592 724 5668 Lovinmxapuritate
734 5607 831 5663 parum
846 5589 891 5646 ab·
946 5603 981 5644 ex
996 5601 1111 5642 numero
1123 5591 1281 5642 sauctorum
1296 5581 1347 5638 sub
1362 5582 1550 5654 persecutione
1568 5582 1743 5652 Maximiani,

103 5674 164 5735 unt,
180 5666 274 5723 textui
287 5665 348 5723 baec
362 5665 453 5722 solum
467 5665 639 5748 praeligeutes
654 5683 660 5721 :
682 5687 691 5710 ‹
707 5663 814 5721 Divisio
828 5678 891 5735 apo·
946 5667 1093 5726 eteorum,
1108 5653 1157 5730 qui
1172 5655 1201 5710 iu
1217 5651 1328 5736 Nyseus
1342 5653 1449 5727 synodo
1463 5653 1670 5737 perversitatem
1680 5653 1744 5710 Arii

19 5746 23 5754 ’
104 5736 224 5796 stolorum
258 5752 332 5813 quas,
355 5744 387 5794 ut
411 5737 485 5795 Beda
503 5737 601 5794 scribit
636 5752 709 5795 auno
730 5752 746 5794 a
766 5734 892 5810 passione
946 5730 1150 5803 dampnarunt:
1166 5732 1193 5782 et
1207 5725 1276 5781 alias
1289 5741 1334 5781 vir
1348 5741 1453 5798 magna
1463 5733 1596 5785 virtutis:
1611 5735 1649 5782 ita
1663 5730 1695 5780 ιιι
1709 5723 1744 5778 ad

104 5803 203 5868 bomini
218 5781 392 5868 duodecimo
406 5808 479 5868 facta
492 5816 568 5867 est·
602 5781 610 5809 ³
947 5801 1006 5875 ejus
1020 5815 1113 5875 proces
1135 5812 1207 5872 saepe
1218 5795 1286 5856 urbs
1307 5813 1323 5857 a
1341 5799 1464 5874 periculo
1480 5798 1595 5857 liberata
1612 5795 1659 5852 sit.
1683 5791 1745 5859 Quo
