3834 6136
125 253 174 309 767

784 240 938 295 USUABDl
957 237 1117 295 MONACHl

1727 227 1775 282 768

124 372 216 446 passio
232 378 332 426 sancte
342 368 469 425 Barbara
482 366 610 437 virginis,
626 363 677 419 suli
688 363 857 418 Maximiano
870 362 921 416 iin-
936 362 961 418 A
976 370 1050 434 gesta
1065 363 1211 418 habentur.
1233 358 1366 424 Coloniae,
1385 353 1473 411 sancti
1488 353 1615 408 Annonis
1630 348 1774 422 archiepi-

125 451 259 515 peratore,
275 458 335 513 qua
361 448 422 512 post
447 439 508 495 dira
535 442 682 503 tormenta,
708 436 741 490 ad
766 443 920 489 extremum

125 514 216 587 gladio
226 513 298 577 data,
309 512 472 583 martyrium
483 507 697 565 consummavit.
710 507 808 561 »Plura
817 505 922 561 dabunt

125 585 235 643 codices
249 584 296 638 alil
313 584 385 638 inira
400 582 515 638 citandi.

161 657 395 711 Aurunca-llas
411 653 539 710 Diximus
554 668 635 723 supra
650 652 725 706 hunc
738 648 861 704 codicem
877 646 923 703 bic

43 792 45 798 ,
126 728 218 784 denuo
233 743 296 782 cnm
312 726 434 782 Pratensl
445 725 603 779 convenire.
616 723 660 779 Sic
671 720 753 776 habet
767 739 773 775 :
792 744 800 766 ι
814 721 844 775 ln
855 735 923 790 pago

127 798 305 864 Bituricensi,
323 798 408 854 sancti
425 796 515 851 Sirani
531 794 647 849 abbatis.
660 794 695 848 Et
708 791 849 848 translatio
864 805 923 846 san-

126 871 163 927 cti
179 869 320 925 Benedicti
337 869 452 924 abbatis.
473 893 482 914 ι

164 942 312 996 Boswnvo.
323 940 412 995 textui
425 955 488 994 cum
497 935 619 992 Pratensi
635 935 718 990 etlam
734 932 830 1003 adjicit
846 953 851 990 :
874 935 923 988 «ln

128 1028 196 1083 pago
212 1011 390 1077 Bituricensi‚
407 1009 494 1065 sancti
515 1007 614 1078 Syram
633 1006 750 1061 abbatis.
768 1031 776 1051 ·
794 1006 924 1077 Sequitur

128 1090 187 1138 tota
200 1082 326 1137 Barbarae
339 1081 525 1144 annuntiatio,
540 1078 677 1148 descripta
687 1076 922 1142 exxviDecemb.‚

128 1169 210 1225 quam
231 1152 278 1207 hic
298 1153 380 1208 toties
395 1169 450 1206 non
467 1150 543 1206 lubet
557 1148 721 1216 describere,
738 1163 800 1202 curii
817 1148 846 1202 in
861 1147 924 1202 aliis

128 1241 236 1297 quoque
250 1224 393 1279 codicibus
407 1229 554 1293 repetatur.

164 1296 319 1350 Puisinaiv.
333 1295 418 1349 alium
435 1296 634 1365 planetextum
650 1289 805 1347 Usuardino
824 1288 924 1345 substi-

128 1366 183 1421 tuit
199 1384 204 1420 :
222 1390 230 1411 ι
248 1367 351 1434 Dema,
364 1366 452 1421 natale
467 1373 625 1420 sanctoruni
641 1370 793 1433 martyrum
805 1360 924 1431 Simpro·

129 1437 169 1492 nii
193 1443 220 1491 et
235 1437 360 1517 Olimpil,
377 1434 549 1508 temporibus
562 1434 702 1490 Valeriani
723 1441 749 1488 et
775 1432 917 1488 Galloni·

129 1507 201 1577 Vide
215 1524 297 1579 supra
316 1524 343 1562 in
360 1507 616 1564 observationibus.
641 1531 649 1551 ι
669 1507 734 1561 lteiir
752 1513 851 1560 sanctae
864 1504 925 1558 Bar·

128 1579 201 1634 barae
217 1580 343 1650 virginis.
360 1581 391 1636 ln
406 1580 510 1645 Africa,
532 1579 622 1633 natale
636 1585 795 1632 sanctornm
821 1576 926 1630 Armo-

130 1651 209 1721 gastl‚
235 1650 395 1707 Archimini
416 1658 443 1706 et
464 1650 568 1721 Satyri.
592 1674 601 1695 ι
624 1649 695 1704 Vide
715 1646 749 1702 de
772 1646 816 1701 bis
837 1646 926 1701 tribus

129 1722 301 1792 martyribus
316 1723 470 1778 Usuardum
487 1737 557 1775 xxix
568 1718 670 1774 Martii.

84 1793 87 1798 '
165 1794 313 1847 Meuanas.
332 1810 380 1864 pro
404 1792 501 1849 Meletii'
518 1792 588 1845 male
603 1789 700 1845 scribit
716 1788 810 1843 Electi.
828 1787 927 1842 Textui

130 1873 221 1917 autem
238 1863 399 1934 superaddit
416 1879 446 1914 :«
468 1864 529 1932 lpso
544 1861 599 1920 die.
617 1860 703 1915 sancti
718 1858 860 1914 Benedicti
873 1858 928 1912 ab·

127 1933 209 1989 batis.
228 1934 324 1988 Parisii
340 1940 473 2004 suscepta
487 1941 553 1987 snut
567 1931 595 1986 iii
609 1931 723 1987 ecclesia
733 1930 819 1985 beatae
836 1929 927 1985 llariae

129 2004 264 2073 reliquia,
282 2005 389 2059 scilicet
404 2019 464 2074 pars
479 2003 643 2072 capillorum
658 2002 744 2056 heatae
759 2000 861 2068 Maria,
873 2008 928 2056 tres

129 2073 225 2129 dentes
247 2074 317 2128 beati
346 2074 479 2129 Iohannis
503 2074 644 2143 Baptistae,
672 2071 815 2128 brachium
839 2072 927 2127 sancti

129 2144 247 2200 Andreae
263 2145 390 2215 apostoli,
407 2145 510 2216 lapides
520 2145 621 2216 quibus
631 2143 767 2216 lapidatus
777 2150 817 2197 est
833 2143 928 2199 beatus

129 2215 303 2297 Stephanus,
321 2223 402 2288 capnt
421 2217 504 2272 etiam
525 2216 788 2286 preciosissimarum
804 2213 927 2287 [precio-

129 2286 283 2360 sissimum]
300 2287 372 2341 beati
389 2287 507 2342 Dionisll
525 2288 664 2359 martyris.
688 2288 734 2341 llre
751 2295 840 2341 autem
858 2286 928 2340 reli-

130 2358 201 2431 quias
218 2359 246 2413 in
261 2358 375 2414 ecclesia
396 2358 468 2413 beati
495 2358 627 2429 Stephani
653 2358 864 2429 protomartyris
888 2358 928 2411 in-

129 2437 219 2483 ventae
234 2438 309 2484 sunt.
332 2431 393 2500 lpso
418 2429 473 2496 die,
498 2439 597 2486 sancte
620 2429 745 2484 Barbarae
764 2429 881 2500 virginis
903 2436 930 2483 et

130 2500 270 2571 martyris.
292 2525 300 2546 ·
323 2501 362 2555 De
378 2501 428 2557 hac
438 2500 547 2556 codices
561 2500 608 2555 alii
620 2499 717 2556 insius.

165 2571 411 2639 Aurorae-llam,
428 2572 609 2639 Uerminam,
625 2573 761 2639 Lernan,
784 2578 810 2625 et
832 2571 928 2626 Lora-

130 2659 207 2698 nien.
221 2641 323 2696 Omnes
337 2642 366 2696 hi
383 2643 492 2698 codices
505 2650 532 2697 et
545 2643 600 2699 duo
611 2659 638 2698 se
660 2651 755 2698 nentes
767 2643 857 2713 primo
869 2642 929 2696 loco

131 2713 254 2793 referunt
270 2719 354 2793 totam
375 2715 616 2770 annuntiationem
639 2660 673 2770 de
689 2721 782 2769 sancta
799 2713 927 2780 barbara,

131 2793 214 2865 prout
232 2800 261 2838 in
280 2801 341 2856 ipso
355 2785 478 2841 Usuardo
494 2785 611 2842 babetur
626 2802 674 2841 xvi
691 2785 860 2850 Decembris,
875 2801 930 2855 quo

128 2871 185 2926 Jam
202 2871 284 2925 supra
299 2857 414 2911 lectores
430 2856 596 2912 remisimus.
620 2858 652 2912 ln
676 2863 755 2911 textu
779 2856 840 2927 puri
855 2863 929 2910 sunt.

168 2930 292 2982 Ainrae.
313 2936 340 2982 et
354 2928 453 2983 Danic.
474 2935 571 2999 praeter
587 2926 731 2983 Barbaram
751 2926 779 2979 in
794 2925 931 2996 principio

132 2997 262 3071 positam,
289 2997 426 3068 adjiciunt
450 2999 501 3069 ipsi
527 2999 556 3053 in
576 2997 652 3053 fine:
673 3023 682 3044 ι
700 2997 823 3065 Colonia,
840 2997 930 3052 natale

132 3069 219 3124 sancti
235 3069 361 3123 Annonis
377 3067 755 3142 [ultersimplicius,C0lcnla,
772 3068 859 3124 sancti
874 3070 929 3123 An-

133 3139 226 3211 ncnis]
241 3140 361 3212 episcopi
377 3147 404 3196 et
418 3141 592 3197 contessoris.
610 3167 619 3188 ι

169 3211 327 3267 Canusinis.
349 3228 354 3265 :
372 3236 381 3258 ι
398 3213 500 3280 llornae,
516 3222 674 3268 sanctorum
690 3218 842 3282 martyrum
859 3210 928 3265 Sim·

133 3281 226 3409 pyrami
237 3289 263 3337 et
274 3282 401 3354 Olimpil,
411 3284 558 3356 Exuperiae
567 3292 593 3339 et
604 3282 748 3350 Theodoll,
759 3281 929 3353 temporibus

160 3352 275 3408 aleriani
290 3362 317 3409 et
332 3354 461 3410 Gallieni.
482 3379 491 3402 ι
509 3356 605 3411 Paucis
621 3355 742 3421 mutatis,
760 3354 832 3408 idem
848 3352 929 3407 babet

133 3423 180 3480 bic
195 3425 284 3480 codex
299 3442 368 3481 xxvi
383 3427 460 3482 lulli.
475 3427 587 3498 Pergit:
611 3452 620 3473 ‹
639 3425 817 3489 Nicomediae,
840 3423 929 3496 passio

134 3504 234 3551 sanctae
242 3496 368 3552 Barbara
378 3499 506 3567 virginis,
517 3499 735 3579 quamproprias
747 3496 855 3566 genitor
868 3495 929 3550 Dio·

134 3582 229 3622 scorus
240 3567 331 3637 gladio
341 3568 499 3623 decollavit.
512 3571 542 3623 ln
553 3570 656 3634 Alrica,
668 3577 825 3623 sanctornm
834 3567 931 3619 Armo-

134 3638 215 3708 gasti,
230 3636 386 3693 Archimini
406 3646 433 3692 et
449 3638 544 3703 Satiri,
560 3638 607 3710 qui
623 3655 686 3694 cum
709 3645 797 3691 essent
822 3634 929 3690 lucidis·

135 3708 204 3761 sirna
220 3706 339 3760 membra
364 3708 505 3774 Ecclesiae,
534 3725 582 3779 pro
605 3708 777 3764 confessione
794 3706 929 3773 veritatis,

135 3776 224 3831 multa
238 3783 264 3829 et
280 3777 356 3831 varia
368 3785 507 3832 tormenta
521 3779 639 3848 perpessi
656 3787 729 3832 sunt.
752 3802 759 3821 ·
787 3776 858 3831 Vide
871 3791 931 3848 quae

135 3847 259 3901 diximus
273 3846 307 3901 ad
323 3848 476 3903 Puisiinniv.
497 3874 505 3895 ι
525 3848 659 3904 Coenohlo
675 3847 811 3912 Floriaco,
824 3847 930 3917 deposi-

135 3918 175 3973 tio
190 3918 356 3973 sanctissimi
379 3920 503 3987 corporis
525 3918 597 3972 beati
620 3918 708 3973 Patris
732 3918 819 3971 nostri
844 3919 931 3973 Bene-

136 3988 214 4044 dicti.
237 4013 245 4034 ›
264 3990 346 4043 Deest
359 3988 405 4043 hlc
421 3996 496 4044 totns
510 3988 690 4044 llsuardinus.

172 4058 351 4114 Bnuxriiuins.
374 4060 507 4141 incipite
531 4060 657 4128 Barbara,
682 4060 767 4115 terme
791 4060 873 4116 etiam
897 4076 932 4114 ex

137 4138 216 4185 textu
229 4147 277 4185 xvi
293 4131 451 4186 Decembris
465 4131 566 4187 dando.
583 4133 614 4187 ln
632 4135 793 4203 Armogasto
809 4139 836 4187 et
850 4131 933 4187 sociis

137 4201 186 4256 vix
198 4200 291 4256 differt
305 4219 321 4256 a
355 4204 511 4259 recedenti.
524 4200 592 4258 Turn
604 4220 637 4260 ex
652 4205 787 4259 truncatis
798 4203 932 4274 Hierony·

137 4272 237 4352 miauis
248 4290 253 4327 :
265 4299 273 4319 ·
288 4275 318 4328 lii
328 4219 456 4330 Caedicia
467 4276 622 4346 metropoli,
635 4275 734 4331 Felicis
744 4282 771 4331 et
781 4274 924 4330 Mambli·

136 4343 267 4426 Sequitur
286 4353 380 4400 textus
395 4346 459 4401 satis
473 4362 567 4417 purus.
584 4346 690 4403 Deinde
706 4363 712 4399 ς
732 4371 740 4392 ι
760 4348 792 4402 ln
807 4362 873 4417 pago
889 4345 932 4401 Bi·

136 4416 280 4483 turicensi‚
301 4417 388 4473 sancti
409 4417 522 4488 Cyriani
541 4417 658 4474 abbatis.
683 4418 764 4489 Apud
788 4417 932 4474 Coloniam

136 4485 328 4568 Agrippinam,
354 4488 490 4560 depositio
514 4490 602 4544 sancti
627 4489 753 4544 Almonis
779 4486 931 4561 [Annonis]

136 4572 257 4628 episcopi
272 4565 299 4613 et
314 4560 488 4616 confessoris.
503 4562 772 4628 llomae,sanctorum
783 4567 934 4630 martyrum

136 4627 291 4709 Sempronii
306 4638 333 4684 et
347 4630 473 4701 olimpii,
491 4631 663 4701 temporibus
679 4631 818 4685 Valeriani
832 4638 858 4684 et
877 4630 936 4685 Ga-

138 4699 204 4753 lieni
219 4701 539 4769 imperatoruni.Eodeni
551 4702 606 4768 die,
623 4703 769 4757 translatio
784 4701 871 4756 sancti
887 4701 935 4755 Be·

137 4769 242 4824 nedicti
260 4768 377 4826 abbatis.
399 4796 414 4818 i·

174 4839 354 4894 Hananovnrv.
372 4842 461 4912 primo
475 4841 536 4896 loco
549 4842 605 4912 agit
619 4842 653 4896 de
668 4842 787 4907 lleletio,
799 4845 864 4899 etin
881 4844 936 4901 fine

137 4911 171 4966 de
187 4909 329 4966 Clemente
339 4911 541 4980 Alexandrino,
552 4912 699 4983 utrobique
709 4912 775 4967 satis
788 4930 871 4982 pure;
888 4916 935 4971 sed

138 4981 244 5037 duabus
259 4980 334 5037 hisce
349 4983 610 5038 annuntiationibus
625 4983 756 5054 interjicit
773 4985 878 5065 longam
894 4986 936 5041 hi·

138 5055 251 5108 storiam
267 5051 300 5108 de
316 5055 450 5126 martyrio
465 5063 565 5109 sanctae
576 5054 712 5122 Barbarae,
724 5070 805 5127 qnam
819 5073 847 5111 in
859 5058 936 5115 Actis

138 5124 210 5195 apud
221 5124 340 5205 ⁸Surium
366 5126 482 5198 quisque
502 5125 583 5182 facile
606 5132 633 5180 et
656 5128 744 5181 multo
773 5125 934 5185 nitidiorem

139 5204 266 5267 reperiet.

158 5267 333 5345 'Auuiciivcr
346 5269 445 5341 incipit
461 5285 466 5322 :
490 5293 499 5314 ι
520 5267 612 5323 Passio
627 5276 726 5323 sanctae
742 5269 866 5326 Barbarae
880 5272 934 5326 vir·

139 5337 211 5405 ginis
226 5345 252 5392 et
268 5340 409 5411 martyris.
432 5367 440 5388 ι
463 5339 593 5412 Sequitur
608 5346 710 5394 textus.
727 5340 757 5394 ln
774 5341 828 5396 line
841 5351 933 5398 autem

138 5422 200 5459 cuin
219 5409 344 5487 'Pratensi
372 5411 558 5483 adjungitur:
583 5436 590 5456 ·
614 5410 642 5464 ln
666 5427 733 5481 pago
757 5411 933 5481 Bituriceusi‚

139 5484 225 5554 sancti
241 5478 350 5547 Syriani
365 5482 470 5538 abbatis
496 5485 518 5537 A
540 5481 575 5536 ud
587 5481 742 5536 Floriacnm
765 5484 933 5553 crenobium,

140 5555 238 5599 iteruin
254 5552 401 5606 tumulatio
416 5554 501 5609 sancti
515 5499 656 5608 denedicti
674 5553 790 5609 abbatis.
813 5579 821 5602 i

176 5616 268 5671 Codex
284 5619 376 5675 Ursini
391 5639 406 5675 a
422 5625 606 5695 Boseinberg:
632 5648 641 5669 ‹
667 5625 698 5678 ln
714 5625 801 5692 ltalia,
821 5626 935 5682 civitate

139 5685 247 5765 Parma,
265 5687 338 5768 beati
352 5692 484 5748 Bernardi
499 5695 533 5750 de
549 5703 628 5765 gente
641 5694 817 5764 Ubertorum,
832 5697 936 5754 deFlo·

141 5772 244 5826 rencia,
254 5757 335 5814 dictae
343 5760 466 5818 civitatis
474 5764 578 5820 Parma
589 5764 701 5836 gloriosi
709 5765 841 5840 episcopi,
855 5766 936 5827 cuius

977 435 1050 505 scopi
1066 441 1092 489 et
1108 432 1283 489 confessoris.
1300 455 1309 476 ›

1013 508 1157 561 nii-asoa.
1182 522 1187 557 τ
1209 530 1217 551 ι
1238 502 1363 558 Floriaco
1380 496 1556 562 monasterio,
1574 493 1665 550 sancti
1692 493 1774 550 Patris

979 577 1176 633 monachorum
1194 572 1346 638 Benedicti,
1364 568 1528 626 confessoris
1541 565 1652 622 eximii.
1675 588 1685 611 ι

1012 646 1450 704 blsrnic.-Ciarus.·Uiraiirrir.r.
1475 658 1480 696 :
1509 636 1667 692 «Barbarae
1690 636 1735 690 vir
1751 636 1773 679 '-

978 720 1022 775 nis
1031 728 1058 776 et
1072 720 1210 790 martyris.
1223 716 1326 772 Meletil
1341 713 1461 784 episcopi
1475 720 1501 767 et
1514 709 1697 767 confessoris.
1714 653 1773 764 Cll-

979 791 1080 847 mentis
1094 788 1246 862 presbyteri
1263 795 1290 842 et
1304 784 1478 843 contessoris.
1502 809 1510 830 ·
1656 849 1662 859 .
1713 851 1719 861 .

1013 862 1186 920 Cniiniraiuu.
1199 880 1205 917 :
1220 885 1229 907 ι
1245 861 1268 915 A
1288 859 1325 914 ud
1340 856 1469 923 Pontum,
1485 853 1558 910 beati
1573 850 1663 905 Electi
1676 865 1770 931 episce

978 936 1016 1007 pi.
1038 960 1046 981 ›
1064 935 1104 990 lta
1118 933 1243 1005 superius
1285 947 1380 996 unsa,
1392 926 1438 982 sed
1454 926 1524 980 male
1539 937 1590 996 pro
1606 922 1716 977 Malata.
1742 994 1747 1004 1

1014 1008 1080 1062 Bac.
1097 1005 1177 1060 Suae.
1195 1020 1272 1059 num.
1290 1001 1341 1058 130
1354 1007 1382 1055 et
1396 1014 1472 1053 num.
1488 995 1542 1052 428
1556 1012 1566 1076 :¹
1581 990 1770 1075 ‹Eodem'die

980 1078 1054 1144 (pario
1073 1077 1174 1146 heberi)
1195 1074 1343 1130 tumulatio
1358 1070 1446 1126 sancti
1464 1067 1609 1146 Benedicti
1619 1062 1741 1144 abbatis.
1759 1093 1766 1114 i

978 1149 1049 1203 Tum
1062 1149 1137 1203 solus
1152 1147 1238 1202 codex
1252 1146 1303 1201 snb
1322 1160 1399 1199 num.
1417 1140 1487 1196 its:
1505 1163 1514 1184 ‹
1536 1139 1665 1202 Parisiis,
1682 1151 1771 1192 susce-

979 1221 1037 1294 ptio
1052 1234 1190 1274 sacrarum
1204 1217 1393 1289 reliquiarum.
1410 1237 1418 1258 ·

1015 1293 1151 1348 Parisiis.
1168 1287 1229 1344 suli.
1245 1304 1322 1343 num.
1338 1285 1409 1343 ests
1424 1282 1500 1338 deest
1515 1288 1622 1337 textus.
1640 1278 1729 1334 Habet
1741 1279 1769 1334 de

979 1363 1107 1430 Barbara,
1124 1362 1152 1416 ni
1168 1360 1258 1428 fallor,
1275 1375 1309 1414 ex
1325 1374 1373 1412 xvi
1388 1352 1557 1410 Decembris.
1575 1352 1644 1406 ltem
1662 1350 1696 1406 de
1710 1350 1771 1405 Sin·

977 1435 1088 1507 pronio,
1104 1431 1243 1504 Olympio
1260 1438 1312 1485 etc.
1331 1443 1445 1483 cxxxvi
1462 1424 1539 1479 lulii.

1016 1507 1153 1564 Armanas.
1172 1520 1177 1557 :
1196 1527 1205 1548 ‹
1224 1503 1254 1558 ln
1271 1518 1338 1572 pago
1355 1498 1487 1564 Biturioo,
1506 1495 1595 1552 sancti
1612 1493 1713 1566 Syranl
1726 1493 1773 1549 ab·

980 1578 1061 1634 batis.
1083 1606 1091 1627 ι
1113 1575 1185 1635 Vide
1199 1574 1268 1630 alios
1283 1571 1494 1640 codicessupra.
1747 1636 1752 1647 ·

1017 1652 1209 1706 Pacuuium:
1236 1670 1245 1691 ‹
1264 1645 1292 1700 S.
1313 1642 1471 1699 Barbarae...
1494 1641 1561 1695 ltem
1584 1645 1688 1694 sancta
1702 1637 1774 1692 Julia

943 1717 1096 1792 Bvirginis
1119 1729 1146 1778 et
1173 1716 1315 1787 inartyrls,
1336 1730 1397 1786 qnae
1418 1729 1480 1768 cum
1503 1710 1625 1765 Barbara
1650 1707 1774 1789 predicta

981 1810 1059 1865 passa
1073 1802 1124 1849 est.
1138 1794 1401 1854 Bornae,sanctoruni
1415 1789 1567 1853 martyrum
1584 1779 1772 1861 symphronii,

982 1865 1116 1935 Olympii,
1130 1860 1277 1932 Exuperlae
1290 1867 1317 1914 et
1331 1854 1474 1914 Theodoli.
1485 1854 1531 1925 qui
1545 1851 1718 1924 temporibus
1727 1851 1773 1932 lla-

983 1935 1080 1991 lerlani
1090 1944 1116 1990 et
1125 1932 1243 1990 Gallieni
1260 1929 1454 2002 imperatorum
1473 1924 1541 1995 passi
1558 1930 1634 1979 sunt.
1642 1924 1679 2004 'ln'
1687 1922 1775 1979 Africa

982 2015 1139 2062 sanctorum
1163 2010 1317 2073 martyrum
1337 1998 1502 2070 armogasti,
1520 1995 1680 2050 Archimini
1696 2001 1723 2048 et
1734 1994 1774 2050 Sa·

982 2077 1048 2149 tyri,
1065 2077 1190 2151 quicum
1215 2079 1306 2130 essent
1328 2069 1498 2127 lucidissima
1521 2066 1648 2122 membra
1665 2064 1774 2133 Christi,

983 2167 1032 2222 pro
1047 2148 1219 2205 confessione
1234 2144 1309 2211 fidei,
1326 2143 1414 2198 multa
1428 2148 1454 2195 et
1469 2139 1563 2211 gravia
1578 2138 1700 2210 perpessi
1719 2153 1774 2208 sup·

983 2221 1066 2293 plicia
1080 2228 1161 2302 atque
1183 2215 1332 2288 opprobria
1348 2215 1383 2269 ab
1396 2212 1517 2277 Arianis,
1538 2226 1652 2265 cursum
1669 2208 1775 2281 gloriosi

982 2291 1141 2349 certaminis
1154 2290 1349 2361 impleverunt.
1366 2287 1434 2341 ltem
1450 2282 1535 2338 sancti
1552 2279 1687 2335 Bernardi
1702 2279 1776 2335 abba-

983 2365 1019 2419 tis
1035 2362 1193 2418 monasterii
1209 2359 1295 2414 sancti
1312 2356 1398 2412 Salvii
1434 2371 1497 2426 rope
1512 2353 1698 2419 Florentiam,
1713 2351 1777 2407 civis

982 2434 1149 2491 Florentini.
1166 2431 1213 2504 qui
1227 2437 1321 2512 postea
1335 2428 1388 2482 luit
1402 2371 1485 2481 alibas
1499 2431 1601 2479 sanctae
1611 2423 1704 2480 blariae
1720 2423 1777 2476 Val-

983 2507 1018 2562 lis
1033 2505 1178 2572 umbrosae,
1195 2501 1294 2557 deinde
1306 2499 1449 2555 ordinatus
1464 2496 1610 2569 episcopus
1624 2482 1704 2550 urbis
1720 2494 1777 2549 Par·

982 2595 1316 2702 111aeliditicliuuircoCou.
1335 2657 1340 2694 :
1365 2665 1375 2689 ι
1394 2640 1475 2712 Apud
1489 2638 1637 2720 Coloniam
1650 2637 1778 2719 Agrippi-

985 2736 1047 2774 nam
1064 2720 1091 2773 in
1107 2716 1213 2782 Galliis,
1230 2732 1290 2788 quae
1304 2722 1344 2769 est
1358 2713 1424 2768 urbs
1440 2711 1602 2781 metropolis
1618 2709 1778 2788 Germania,

984 2791 1118 2846 transitus
1131 2788 1217 2844 beatas
1239 2804 1270 2842 ac
1290 2785 1379 2857 dlgnae
1395 2782 1534 2838 memoriae
1554 2781 1696 2849 Armonio,
1716 2796 1778 2851 equs·

984 2865 1046 2917 dem
1060 2860 1183 2917 civitatis
1196 2856 1395 2981 archiepiscopi
1411 2864 1437 2911 et
1451 2853 1629 2933 confessoris,
1655 2852 1704 2924 qul
1743 2851 1778 2905 ln·

985 2934 1057 2989 rium
1073 2930 1167 2987 extitit
1181 2929 1313 2985 fundator
1322 2944 1370 2982 ecc
1382 2927 1513 2981 esiarum.
1528 2924 1579 2979 llic
1590 2940 1655 2979 cum
1666 2939 1705 3005 qu
1742 2938 1779 2976 aiii

986 3013 1110 3072 tempore
1125 3017 1203 3058 sacra
1218 2999 1350 3071 mysteria
1367 3003 1516 3070 perageret,
1533 3011 1625 3051 caecus
1640 2994 1753 3067 quidam
1767 3009 1779 3047 a

946 3071 968 3130 C
984 3073 1112 3130 ministro
1122 3071 1218 3128 altaris
1232 3087 1330 3143 aquam
1343 3069 1513 3140 superfusam
1526 3065 1624 3138 digitis
1634 3064 1778 3121 venerandi

983 3144 1126 3211 antistitis,
1141 3143 1195 3199 sibi
1217 3141 1314 3198 donari
1338 3141 1428 3211 petiit,
1443 3155 1496 3211 qua
1509 3146 1621 3208 accepta
1635 3145 1725 3193 totam
1741 3136 1780 3191 la-

983 3217 1054 3273 ciem
1074 3231 1151 3271 suam
1175 3230 1238 3269 cum
1261 3213 1408 3268 devotione
1433 3227 1493 3290 mag
1506 3226 1530 3264 ia
1550 3209 1679 3277 abluens,
1697 3210 1779 3264 lucem

984 3286 1182 3357 hujusmundi
1207 3293 1275 3341 tunc
1294 3283 1415 3355 primum
1438 3281 1491 3335 sibi
1516 3281 1656 3349 illuxisse,
1682 3279 1780 3350 magnis

985 3357 1127 3431 plausibus
1150 3356 1297 3412 exultavit.
1322 3356 1357 3408 Et
1378 3353 1452 3409 beati
1476 3352 1604 3407 Annonis
1627 3351 1779 3423 sepulcmm

985 3429 1081 3486 divina
1115 3435 1241 3483 rrestante
1260 3426 1347 3498 gratia
1369 3423 1473 3479 crebris
1499 3423 1643 3478 miraculis
1667 3422 1779 3478 illustra·

984 3510 1040 3558 tur.
1063 3526 1071 3547 ›
1090 3445 1220 3570 Sequitur
1242 3497 1276 3553 de
1290 3496 1421 3563 Barbara,
1438 3495 1520 3567 paulo
1535 3494 1655 3549 auctiori
1671 3493 1779 3566 phrasi:

984 3570 1085 3628 deinde
1100 3578 1192 3626 textus
1207 3570 1274 3624 satis
1288 3584 1381 3639 purus.

1021 3643 1116 3697 Bnirn.
1132 3661 1137 3696 :
1154 3666 1162 3687 ι
1179 3640 1356 3705 Nicomediae,
1371 3644 1472 3692 sancta
1487 3637 1617 3691 Barbarae
1633 3635 1748 3717 virginis
1756 3641 1780 3688 et

986 3714 1125 3783 martyris.
1151 3711 1254 3766 Eodem
1278 3711 1333 3776 die,
1358 3714 1514 3764 sanctorum
1539 3707 1740 3778 Symphoriani
1756 3711 1781 3760 et

986 3783 1080 3862 Olypii
1101 3781 1224 3855 [secunda
1239 3782 1314 3836 hebet
1325 3778 1473 3852 Olympiil.
1499 3803 1508 3826 ι
1530 3779 1565 3833 Et
1578 3778 1639 3834 haec
1655 3786 1781 3849 praterea

986 3853 1081 3924 adjicit
1096 3872 1102 3908 :
1125 3880 1134 3899 ‹
1154 3852 1234 3934 Apud
1249 3853 1404 3908 Florianum
1417 3850 1629 3918 monasterium,
1639 3848 1781 3905 translatio

986 3924 1073 3981 sancti
1089 3924 1228 3980 Benedicti
1245 3924 1360 3979 abbatis.
1377 3947 1386 3969 ι

1022 3996 1148 4051 Gasviss.
1168 4014 1173 4050 :
1193 4021 1201 4042 ι
1220 3996 1299 4050 Nota.
1312 3995 1363 4049 llic
1378 3992 1504 4048 festivior
1518 3993 1675 4048 solennitas
1690 3997 1782 4047 sancte

1239 4082 1321 4191 quam
1335 4065 1474 4120 Usuardus
1485 4064 1567 4119 habet
1583 4064 1659 4119 inira
1667 4080 1730 4118 xvu
1738 4062 1783 4117 Ka·

987 4067 1112 4122 Barbarae
1123 4068 1223 4137 agitur,

1254 4153 1272 4190 n
1287 4136 1416 4191 Laodicia
1432 4135 1587 4206 metropoli,
1605 4134 1719 4201 Felicis,
1737 4133 1784 4188 lle

987 4139 1081 4193 lendes
1096 4138 1228 4193 ianuarii.

988 4209 1070 4264 robii.
1097 4209 1201 4264 Eodem
1223 4207 1279 4272 die,
1305 4207 1419 4274 Brachi,
1436 4206 1600 4272 Christiani,
1627 4204 1783 4262 Prudentis.

988 4280 1219 4336 Commemoratis
1240 4285 1398 4333 sanctornm
1424 4277 1605 4348 Armogastis,
1627 4274 1783 4333 Archimini

987 4358 1014 4405 et
1029 4351 1130 4418 Saturi,
1146 4351 1195 4422 qui
1213 4366 1295 4421 supra
1310 4348 1448 4404 habentur
1471 4366 1498 4403 iv
1519 4349 1580 4403 Kal.
1605 4349 1723 4420 Aprilis.
1740 4348 1786 4403 llo·

948 4427 972 4484 D
989 4438 1049 4489 nire,
1061 4422 1203 4478 translatio
1214 4429 1372 4477 sanctorum
1381 4419 1563 4501 Slmphronii,
1575 4419 1706 4491 Olimpil,
1716 4419 1784 4473 Exu-

990 4494 1072 4564 periae
1087 4493 1184 4548 uxoris
1198 4492 1257 4574 ejus
1271 4501 1298 4548 et
1313 4491 1447 4546 Theodoli
1468 4491 1518 4545 lilii
1535 4506 1643 4546 eorum.
1665 4490 1783 4556 Quorum

990 4581 1113 4636 corpora,
1126 4573 1156 4619 ut
1166 4563 1313 4630 dicitAdo,
1326 4563 1430 4618 abeato
1440 4562 1577 4633 Stephano
1588 4578 1670 4633 papa,
1679 4578 1718 4616 vn
1726 4560 1782 4615 Kal.

991 4636 1107 4705 Augusti
1128 4637 1245 4707 sepulta,
1270 4634 1444 4706 postmodum
1468 4649 1534 4687 vero
1554 4649 1569 4687 a
1590 4640 1690 4689 sancto
1710 4631 1783 4688 Sixto

992 4706 1120 4777 pontifice
1147 4707 1288 4761 translata.
1313 4705 1446 4768 celebrem
1468 4705 1542 4759 diem
1557 4704 1686 4759 lecerunt
1699 4701 1784 4774 pridie

990 4778 1080 4832 Nonas
1094 4775 1262 4832 Decembris.
1279 4776 1359 4848 Apud
1376 4776 1519 4832 Coloniam
1532 4775 1727 4900 Agrippinam,
1743 4772 1785 4853 de3

991 4849 1090 4919 positio
1110 4847 1197 4903 sancti
1216 4848 1342 4902 Annonis
1363 4847 1483 4918 episcopi
1498 4855 1524 4902 et
1545 4863 1597 4902 con

992 4920 1140 4974 multarum
1165 4918 1342 4975 ecclesiarum
1367 4919 1459 4973 extitit
1480 4917 1620 4972 fundator.
1646 4917 1692 4974 Ad
1711 4931 1788 4986 cujus

990 4990 1163 5046 sanctitatem
1178 4990 1436 5055 commendandam,
1452 5005 1515 5045 cum
1529 4997 1655 5059 tempore
1671 4987 1787 5061 quodam

990 5077 1065 5116 sacra
1081 5063 1212 5142 mysteria
1226 5071 1376 5133 perageret,
1390 5077 1477 5116 eaecns
1488 5060 1599 5131 qnidam
1615 5076 1688 5131 aqua
1702 5056 1786 5114 sancti

990 5131 1131 5202 pontilicis
1145 5132 1240 5203 digitis
1259 5133 1445 5203 superinfusa,
1464 5131 1562 5185 faciem
1581 5130 1635 5185 sibi
1663 5130 1788 5195 abluens,

990 5203 1134 5258 oculorum
1152 5205 1246 5258 lumen
1263 5220 1323 5259 rece
1345 5204 1375 5257 it.
1396 5202 1529 5267 Virduni,
1545 5202 1635 5258 sancti
1651 5203 1788 5258 Possesso·

990 5275 1028 5328 ris
1052 5273 1183 5355 episcopi.
1211 5275 1291 5345 Apud
1337 5275 1482 5340 loriacum,
1504 5273 1643 5330 adventus
1667 5271 1789 5344 corporis

990 5353 1076 5399 sancti
1093 5345 1236 5402 Benedicti
1248 5344 1367 5400 abbatis.
1388 5370 1395 5387 ·

1025 5416 1133 5472 blotan.
1149 5417 1191 5471 Ex
1205 5417 1300 5471 Biiiin.
1322 5415 1452 5471 describit
1478 5432 1537 5487 quae
1559 5433 1643 5487 supra
1661 5416 1789 5472 dedimus

989 5485 1022 5541 de
1035 5488 1160 5553 Barbara,
1173 5487 1206 5542 de
1221 5487 1408 5559 Sympbrcnio
1425 5496 1452 5542 et
1467 5487 1608 5559 Olympio,
1624 5496 1709 5616 atque
1725 5487 1788 5543 item

989 5557 1023 5611 de
1039 5559 1218 5613 translatione
1233 5559 1320 5614 sancti
1336 5559 1488 5615 Benedicti.
1505 5559 1575 5613 Tum
1598 5577 1604 5612 :
1628 5584 1637 5606 ι
1681 5558 1786 5624 olonla,

988 5628 1022 5683 de
1042 5629 1124 5685 csilio
1139 5630 1226 5685 sancti
1247 5629 1384 5696 Anncnis,
1396 5629 1518 5700 ejusdem
1532 5629 1609 5683 urbis
1624 5630 1759 5702 episcopi,
1774 5651 1782 5674 ·

987 5646 1120 5772 additque
1140 5699 1295 5756 minoribus
1313 5701 1399 5772 typis,
1422 5701 1470 5770 qni
1495 5702 1654 5768 mularum,
1677 5709 1732 5756 etc.
1756 5714 1789 5754 eii

988 5769 1115 5831 Gaurus.
1135 5770 1283 5830 Editioues
1305 5772 1471 5843 posteriores
1497 5772 1572 5827 inter
1594 5771 1739 5827 Meletium
1763 5775 1790 5825 et

1611 4846 1725 4914 essoris,
1740 4859 1786 4924 qui
