3834 6136
153 209 205 269 iii
818 198 1149 275 usnimiimiiiciu
1752 200 1813 260 ias

152 327 269 389 Usuardi
283 327 372 384 nostri
386 325 518 398 elogium,
543 325 617 397 quod
636 342 702 382 vere
722 326 747 381 ei
773 323 952 382 tribuendum
968 323 994 384 A
1007 324 1155 383 biabilioue
1169 322 1285 396 aliisque
1300 322 1383 380 editis
1396 322 1589 380 conferendos.
1610 323 1739 382 Usnsrdo
1753 325 1814 383 elo·

151 415 208 458 esse
225 399 335 457 codices
349 414 445 454 omnes
458 398 601 455 evincunt.
617 398 645 454 S.
663 397 805 454 (liodoaldi
824 396 952 466 coissesso·
971 422 976 431 ·
1025 397 1082 452 iuni
1095 395 1190 469 paucis
1206 395 1293 451 multa
1305 394 1511 468 complectitur,
1533 410 1568 464 ex
1581 410 1637 467 quo
1656 395 1685 450 iii
1700 394 1815 469 Hagio-

151 473 191 528 ris
211 471 309 528 scribit
325 470 415 533 Beda;
431 469 570 534 habanus,
588 468 762 534 Chlodoeldi;
784 467 953 526 accessiones
1007 414 1112 541 inpium
1138 466 1359 524 Franco-Galliae
1379 466 1542 525 translatum
1562 465 1711 547 existimo:
1736 474 1814 548 certe

151 544 254 601 Hieron
278 543 385 610 misnae,
398 539 579 598 Chioneuoeili
592 547 621 596 et
633 539 952 608 Ciedooldi3Aimonus,
1007 538 1193 597 Usuardinum
1214 554 1281 606 esse,
1311 553 1387 610 aeque
1410 554 1442 594 ac
1465 545 1563 594 cetera
1585 535 1669 594 hodie
1694 536 1813 609 tradita,

151 622 221 671 testa
267 615 410 680 catellano,
440 611 599 668 Flodecldi.
627 612 773 685 Utcunque
797 611 951 684 scripseris,
1008 611 1124 667 minime
1136 609 1319 667 dubitandum
1336 609 1457 665 videtur.
1469 608 1623 665 Secundam
1638 616 1667 665 et
1679 618 1812 684 quaram

152 687 226 744 idem
242 684 410 756 intelligitur
423 700 482 740 esse
497 683 657 741 Chlcdovaei
674 685 746 756 regis
759 699 855 755 nepos,
870 681 951 741 Clilo·
1007 681 1246 738 annuntiationem
1257 687 1381 738 nostram
1396 681 1437 738 sic
1452 680 1579 738 versibus
1592 679 1651 737 suis
1664 681 1813 756 copulavit

151 758 251 816 domiri
267 756 352 824 silius,
377 771 412 810 ex
439 755 474 809 im
497 754 523 810 ia
544 754 660 811 fratrum
688 771 737 828 per
751 762 864 827 patruos
887 769 953 810 nece
1007 751 1232 811 wandalbertus.

151 828 418 910 feliciter-seruatus.
430 770 501 883 vids
516 834 642 908 auctores
657 826 704 901 qui
720 826 754 883 de
767 843 800 883 ec
814 826 952 907 scribunt,
1003 836 1007 845 ’
1071 844 1188 893 enirm,
1206 851 1327 906 septenas
1340 850 1426 891 ,mat
1444 841 1575 900 pionius,
1588 849 1668 906 siqu„

151 916 167 958 a
180 900 299 957 baronio
313 905 422 966 citatos,
440 913 457 953 a
471 897 551 956 uobis
565 915 615 955 suo
628 906 752 973 tempore
766 915 830 955 cum
845 898 923 955 Actis
937 913 953 953 a
1070 905 1164 970 Regali
1182 907 1294 970 insignis
1308 903 1468 957 clodoaldus
1485 907 1566 968 stiipe
1583 902 1716 957 sacerdes.

879 1042 1071 1103 AUCTARIA.

188 1163 350 1228 Hieremiae,
377 1167 437 1218 toto
459 1167 539 1218 textu
562 1160 737 1232 purissimus,
763 1161 792 1217 in
815 1161 870 1218 line
911 1174 952 1215 ro·
1007 1159 1044 1216 tis
1058 1160 1189 1231 magister
1202 1159 1350 1216 exstiterit.
1377 1158 1481 1215 Eodem
1497 1156 1553 1225 die,
1579 1156 1668 1215 beate
1681 1156 1811 1232 Magdal-

151 1234 243 1307 prium
259 1231 388 1306 subjicit:
417 1231 546 1288 «Eodem
561 1231 617 1300 die,
633 1230 706 1289 beati
721 1231 863 1289 viieeniii
883 1175 954 1306 §init
1007 1230 1090 1286 bertae
1106 1230 1258 1302 virginis·
1672 1283 1685 1300 ,

150 1306 236 1362 dicere
249 1301 387 1379 Viventii]
404 1304 552 1361 Remorum
568 1303 803 1377 archiepiscopi.»
1042 1302 1139 1358 Bsiru.
1162 1301 1191 1357 in
1215 1302 1320 1358 loanne
1341 1310 1368 1359 et
1382 1300 1479 1359 Eortio
1492 1299 1559 1357 satis
1574 1316 1661 1371 purus
1674 1308 1728 1358 est.
1755 1301 1810 1358 Pro

185 1376 341 1433 Peisansri.
372 1392 439 1433 urus
453 1382 593 1449 estusque
608 1375 640 1431 ad
656 1376 768 1448 expendi
783 1375 811 1430 iit
825 1375 951 1431 sembe-
1009 1373 1151 1429 clodoaldi
1165 1371 1247 1429 hahet
1261 1373 1390 1441 Dedaldi,
1417 1372 1497 1443 cujus
1516 1372 1638 1445 elogium
1657 1371 1805 1430 rescindit.

150 1448 247 1520 quitur
261 1391 438 1505 immediate:
470 1470 479 1494 ι
495 1448 527 1504 In
541 1446 682 1503 territorio
695 1446 951 1520 Augustodunensi,
1006 1443 1040 1499 Se
1060 1444 1088 1499 ui
1093 1453 1137 1500 tur
1151 1443 1185 1500 de
1205 1443 1317 1516 Regina,
1334 1445 1417 1501 etiam
1431 1444 1555 1500 brevius.

150 1526 252 1576 sancte
265 1519 377 1592 Reginae
391 1518 518 1591 virginis.
534 1543 543 1566 ι
571 1519 623 1575 llic
633 1519 718 1575 sistit.
1005 1525 1018 1577 l
1038 1460 1165 1573 dienen.
1180 1534 1187 1597 ².
1203 1515 1251 1571 «ln
1263 1515 1583 1583 territorio'lrecassino,
1593 1515 1668 1573 beati
1678 1514 1807 1574 Memorii

185 1589 334 1647 Mursense.
344 1589 434 1647 textui
450 1605 529 1662 puro,
545 1589 637 1664 phrasi
655 1589 709 1645 sibi
724 1589 845 1661 propria,
857 1587 952 1646 subdit
1006 1588 1146 1714 martffris,
1160 1585 1270 1643 diaconi
1285 1587 1460 1670 sanctinLupi·
1471 1587 1704 1712 episeopi,‚quei,n
1719 1586 1807 1644 Attila

150 1660 361 1719 deClodoaldo:
384 1663 443 1717 «lle
458 1663 647 1733 cnjuscorpus
662 1661 809 1733 requiescit
824 1661 950 1717 ineccle-
1005 1672 1054 1735 rex
1096 1674 1232 1714 unnorum
1249 1674 1311 1715 cuin
1325 1665 1641 1716 sociissnisrntereoit.
1658 1657 1805 1719 Cathiilau·

149 1731 191 1787 sia
204 1731 277 1788 beati
292 1730 436 1790 Clodoaldi
454 1747 538 1804 prope
554 1731 711 1786 parisius·
1005 1744 1059 1797 nis,
1088 1730 1175 1785 sancti
1199 1729 1295 1801 Alpini
1320 1729 1496 1796 confessoris,
1526 1729 1656 1803 discipuli
1677 1728 1804 1802 ejusdem

185 1802 339 1859 bovinias.
364 1802 458 1858 deficit
477 1803 505 1858 in
520 1802 617 1874 elogiis
631 1801 722 1858 Eortii
740 1801 950 1859 Aurelianensis
1003 1799 1076 1856 beati
1090 1800 1171 1872 Lupi,
1183 1799 1255 1857 unde
1271 1816 1306 1856 ex
1320 1801 1427 1857 meritis
1439 1801 1637 1873 discipulorum
1651 1800 1720 1858 lieet
1729 1799 1804 1857 estl-

149 1881 177 1930 st
191 1873 300 1946 Reginae
316 1873 586 1947 Augustodunensis.
1003 1886 1078 1927 mare
1089 1871 1262 1927 sanctitatem
1278 1873 1412 1943 magistri.
1424 1874 1454 1928 ln
1470 1871 1705 1945 Campaniaapud
1715 1872 1801 1930 Beue-

186 1942 363 2001 Caninium:
394 1968 403 1991 ι
418 1944 441 2000 Α
464 1945 500 2000 ud
514 1943 713 2011 Nicomediam,
737 1943 810 2001 beati
834 1943 949 2000 ioannis
964 1957 988 2016 Β
1002 1951 1125 2010 ventum,
1142 1949 1298 1998 sauctorum
1315 1943 1479 2011 innocentii,
1495 1941 1629 2012 ianuarii,
1656 1942 1744 2000 Festi.
1770 1943 1801 1999 In

149 2014 291 2094 martyris,
302 2014 354 2071 snb
371 1961 553 2072 Diocidtiano.
570 2015 650 2087 Apud
664 2016 794 2096 Alesiam,
810 2015 948 2088 quenlim
1004 2012 1143 2085 Aquileia,
1160 2013 1299 2096 Anastasii
1315 2014 1454 2096 martyris,
1468 2014 1671 2095 qui-lullonum
1686 2013 1802 2096 compsi·

148 2084 301 2140 fortissima
312 2085 411 2143 civitas
426 2086 525 2154 iuerat,
542 2084 590 2141 sed
607 2102 622 2141 a
637 2086 712 2142 Julio
726 2085 831 2144 Caesare
844 2095 886 2142 est
900 2086 949 2143 de·
1003 2090 1048 2139 tor
1062 2091 1130 2140 erat.
1160 2084 1300 2141 vincentii
1314 2083 1384 2158 [eiiii
1396 2087 1481 2141 dicere
1496 2083 1635 2160 Viventii]
1659 2084 1802 2159 arehiepi-

148 2162 264 2224 structa,
292 2164 392 2214 sanctae
406 2157 516 2229 Regina
531 2157 659 2228 virginis,
688 2158 812 2231 quaesub
832 2158 948 2231 Olybrio
1003 2156 1079 2227 scopi
1096 2155 1239 2213 hamensis
1260 2157 1475 2213 etconlessoris.
1502 2157 1635 2229 lpsodie,
1663 2156 1755 2230 dignae
1776 2163 1802 2213 et

148 2225 275 2353 pgffgide,
291 2227 696 2356 92⁰fitii⁰ss¹¹¹¹iffi⁸⁸¹¹i⁸in⁰i¹⁸
711 2230 855 2355 sitnitaesft.
886 2230 948 2311 Au·
1003 2235 1104 2354 εῶηἳῖιω
1120 2227 1259 2309 memoriae
1279 2227 1408 2300 Stephani
1423 2228 1545 2355 epispopi
1561 2227 1684 2356 ltiielnsis,
1697 2226 1801 2311 ordinis

147 2314 280 2450 iii-‚iiii
300 2314 410 2428 niti
439 2315 822 2443 titititlttttstitt
837 2316 946 2428 stitit:
1004 2314 1223 2450 nhilih'i’.
1244 2314 1352 2437 'tilii
1368 2315 1458 2442 illisi
1471 2315 1571 2427 titt
1586 2315 1802 2438 tithei

147 2454 229 2496 soris.
248 2464 257 2488 i
1002 2456 1123 2512 regimen
1140 2442 1257 2513 praelata
1273 2441 1402 2498 Ecclesiae
1415 2449 1582 2513 assumptus,
1598 2448 1699 2514 preter
1711 2448 1802 2499 cetera

182 2510 363 2571 Bnnxriuiari.
375 2512 492 2585 incipit:
516 2535 525 2559 ·
541 2513 565 2567 A
585 2511 623 2568 ud
637 2511 753 2580 Gallias,
764 2512 878 2570 civitate
892 2515 947 2570 An·
1001 2511 1135 2582 stupenda
1149 2528 1240 2585 opera,
1264 2528 1362 2584 magno
1376 2513 1435 2569 zelo
1448 2513 1604 2569 animarum
1617 2511 1802 2570 emulabatur

148 2581 271 2665 rodanis,
298 2585 434 2665 depositio
448 2582 541 2664 sancti⁸
576 2583 694 2640 vorciie
716 2584 772 2641 isco
794 2584 801 2640 i
825 2595 853 2644 et
874 2602 947 2644 con·
1001 2583 1216 2665 salutembnde
1227 2600 1289 2640 curii
1303 2585 1434 2658 populum
1450 2583 1525 2640 durae
1535 2583 1655 2665 cervicis
1665 2591 1799 2654 cerneret,

147 2652 261 2710 lessoris
285 2654 370 2722 Qun·
392 2663 445 2712 etc.
460 2655 610 2727 Sequitur:
629 2599 757 2712 «Eodem
772 2600 828 2723 die,
839 2666 946 2714 sancto·
1000 2662 1030 2710 ut
1045 2670 1091 2711 eos
1105 2655 1253 2711 salubriter
1267 2663 1389 2720 terreret,
1407 2663 1492 2726 utque
1507 2663 1611 2713 scirent
1625 2655 1730 2728 quibus
1745 2655 1800 2713 bo-

147 2739 210 2779 rum
230 2733 383 2797 martyrum
405 2727 516 2794 Felicis,
544 2726 635 2793 Lucae,
667 2726 785 2795 Poliani,
813 2728 945 2797 Victoris,
1000 2724 1088 2781 stibus
1102 2729 1261 2794 servissent,
1278 2727 1342 2783 lecit
1356 2743 1495 2799 apparere,
1507 2742 1600 2784 coram
1615 2724 1799 2801 omnibus[iii

146 2794 260 2852 baderis
280 2804 308 2852 et
322 2797 425 2855 Datioi.
454 2797 506 2865 Qui
522 2796 574 2853 sub
592 2797 676 2854 Decio
690 2800 812 2870 graviter
827 2799 946 2859 fustibus
997 2798 1088 2868 primo
1101 2803 1148 2864 est,
1173 2814 1265 2854 ciram
1278 2798 1353 2853 enini
1370 2799 1482 2870 populo,
1504 2799 1533 2854 in
1548 2799 1666 2855 ecclesia
1680 2815 1800 2870 conpis-

146 2866 220 2934 caesi,
237 2866 337 2924 deinde
351 2869 531 2941 compedibus
541 2869 638 2929 vincti.
651 2876 677 2925 et
692 2869 727 2925 ad
742 2871 873 2927 fodienda
888 2888 944 2928 ine·
1000 2867 1074 2942 pato]
1104 2868 1234 2949 giganteae
1260 2870 1433 2926 enormitatis
1456 2870 1605 2937 demones,
1632 2886 1799 2945 rursumque

147 2937 213 2992 talla
226 2937 361 3011 deputati,
377 2956 491 3013 agonem
506 2949 771 2997 consummaverunt
787 2945 936 3015 martyriis
999 2939 1074 2994 abire
1086 2937 1231 3011 [inprime
1243 2940 1290 3013 qui
1305 2941 1338 2997 ad
1351 2950 1449 2997 nutum
1460 2940 1519 3012 ejus
1534 2940 1798 3018 iterumabieruut].

146 3006 217 3064 Vide
230 3009 264 3065 de
279 3009 486 3069 bisUsuardum
502 3010 664 3068 distinctius
678 3013 835 3136 lopuentem
849 3014 943 3085 iiSep·
998 3011 1066 3066 item
1080 3019 1181 3067 sancte
1202 3011 1340 3067 memoriae
1357 3011 1464 3067 Gorlini
1481 3012 1603 3084 episcopi
1615 3012 1759 3070 Tullensis
1771 3020 1799 3070 el

144 3080 269 3137 tembris.
281 3082 312 3138 Iu
327 3083 442 3147 Ioanne.
453 3084 491 3139 Re
511 3084 556 3138 ina
570 3091 597 3138 et
612 3080 713 3139 Clodoa
727 3082 762 3138 do
777 3083 844 3139 satis
877 3100 944 3141 urus
998 3081 1172 3147 confessoris,
1197 3082 1230 3137 de
1245 3098 1299 3154 quo
1316 3082 1343 3137 in
1359 3083 1441 3154 gestis
1456 3082 1528 3139 beati
1543 3082 1682 3140 Mansueti
1695 3083 1799 3142 dicitur

143 3152 333 3233 ‘'imminu'‘
368 3157 471 3222 «Item,
486 3099 622 3234 depositio
636 3160 736 3234 sancte
751 3100 943 3235 blagdalderte
997 3151 1070 3224 quod
1090 3151 1175 3234 luerit
1196 3153 1250 3224 piis
1270 3161 1297 3209 et
1309 3153 1490 3234 sanctissimis
1504 3153 1636 3225 operibus
1656 3155 1797 3228 approba-

143 3222 942 3365 lilithitttittiltittt’„littdeletis
997 3223 1378 3366 it⁸·ii¹,t¹tiittftitltt
1403 3224 1699 3370 laetititiae
1719 3236 1797 3354 ”tt

142 3365 246 3422 calamo
268 3340 407 3426 attei’ruit:
437 3366 573 3427 Etscneti
588 3365 741 3434 clodoaldi,
769 3373 835 3438 ete,
862 3313 981 3442 quasiC
1031 3337 1176 3422 honines
1190 3365 1613 3434 Clodoaldo,habetauctarium
1628 3367 1793 3427 Menaeni:

140 3434 212 3493 alius
226 3446 296 3495 esset
311 3456 327 3496 a
340 3440 486 3514 superiori.
1003 3459 1012 3482 ι
1027 3438 1095 3493 llem
1114 3438 1142 3492 iu
1156 3437 1268 3505 Leodio,
1280 3438 1365 3494 beate
1374 3438 1547 3495 bladelberta
1558 3438 1794 3520 virginisliodsm

160 3504 356 3587 'flsnenorsrc
371 3513 420 3568 :in
430 3513 534 3568 losnne
544 3513 611 3568 satis
644 3527 721 3577 urus,
732 3509 828 3567 subdit
839 3509 872 3567 de
883 3513 941 3568 Re·
996 3506 1052 3574 die,
1062 3507 1242 3565 B.Vincentii
1254 3510 1401 3566 Remorum
1411 3509 1796 3585 archiepiscopi.·tieseripsli

141 3593 214 3648 gina,
224 3580 306 3636 ctiam
319 3580 386 3637 satis
399 3582 478 3651 bene.
490 3583 560 3638 Tum
575 3601 581 3638 :
605 3605 615 3628 ι
643 3598 661 3638 n
675 3597 743 3653 pago
760 3582 938 3650 lausanensi,
995 3595 1030 3636 ex
1040 3580 1183 3636 Graves:
1205 3580 1339 3645 ‹Arelati,
1351 3581 1438 3637 sancti
1448 3581 1580 3649 Aupustal
1593 3582 1751 3655 sepiscopi.
1762 3582 1794 3640 ln

139 3656 240 3707 sanctas
264 3651 396 3721 Wlpeclai
420 3652 546 3723 uirginis.
576 3653 645 3707 lteni
671 3651 816 3706 translatio
837 3657 939 3709 sancte
994 3651 1107 3707 civitate
1121 3651 1331 3718 Tenreniunilae,
1347 3651 1419 3707 beati
1433 3652 1614 3709 Hildelwardi
1626 3653 1749 3728 episcopi
1765 3661 1793 3711 et

139 3719 301 3798 Anastasia.
318 3722 397 3789 ltein,
412 3728 513 3778 sancte
528 3722 702 3780 bladelbertai
714 3721 867 3793 virginis.»
889 3725 938 3780 Re·
993 3722 1167 3789 confessoris,
1181 3722 1229 3795 qui
1243 3722 1295 3778 sub
1309 3722 1378 3778 ilnce
1392 3723 1548 3797 blagriptio,
1587 3723 1660 3781 rimo
1671 3723 1792 3782 disemis

140 3788 160 3843 ii
181 3804 216 3843 ua
227 3796 321 3848 textus
337 3807 405 3863 pura
418 3798 494 3848 sunt.
993 3800 1194 3848 tormentorum
1208 3793 1514 3863 cruciatibusaffrctus,
1528 3810 1557 3851 se
1587 3792 1791 3853 lideiconstan·

198 3877 319 3920 aranon.
331 3863 438 3933 scribit,
462 3862 578 3921 «Sancti
594 3861 758 3922 Chlodoaldi
771 3865 936 3938 presbyteri,
993 3863 1032 3919 tia
1046 3863 1073 3918 in
1088 3862 1212 3919 adversis
1226 3864 1302 3919 velut
1317 3864 1345 3920 iii
1363 3865 1500 3937 prosperis
1515 3867 1605 3935 laelus,
1620 3864 1733 3923 fidelem
1746 3882 1791 3940 pe

139 3939 194 3987 taiu
210 3933 310 4004 geritis,
326 3951 407 4007 quam
425 3936 559 4002 inentis»
581 3943 634 3993 etc.
992 3935 1087 4006 puluin
1103 3933 1318 4006 adagnitionem
1335 3936 1460 3993 verentis
1473 3935 1629 3999 admonuit.
1652 3935 1791 4011 iidemque

172 4003 646 4065 blaraic.-Cinrus.-Ueriiiiircr.:
673 4006 808 4079 «Reginae
819 4007 936 4080 virginis
991 4005 1154 4062 catholicam
1170 4006 1392 4062 constantissime
1406 4007 1577 4079 predicavit.
1596 4007 1721 4065 Tandem
1734 4008 1791 4081 ipse

137 4080 164 4128 et
178 4075 320 4146 martyris.
330 4076 511 4150 bledelbergis
526 4077 647 4158 virginis·
663 4076 784 4134 Nemorii
799 4076 861 4151 [olii
871 4079 935 4135 scri·
990 4077 1177 4157 Magriptiuui,
1198 4079 1325 4205 stuppeum
1340 4078 1465 4135 ieritatis
1478 4080 1590 4151 speculo
1621 4078 1661 4136 ita
1674 4079 1724 4136 dei
1732 4078 1789 4163 lcii,

137 4143 212 4213 bont,
223 4146 431 4224 liemoriiquin
446 4149 539 4207 sociis.
550 4150 663 4206 loannis
677 4150 809 4223 martyris
822 4150 933 4223 inclyti.
989 4155 1137 4220 utrepecto
1153 4148 1197 4205 inc
1247 4148 1569 4219 ulitatiserrore,lesum
1608 4148 1788 4209 hristumllci

135 4215 244 4274 Evertii
260 4218 383 4293 episcopi
397 4227 425 4277 et
438 4221 613 4278 contemptis.
632 4245 641 4270 ι
990 4218 1091 4274 Filium
1114 4227 1256 4284 assereret,
1279 4229 1306 4278 et
1320 4237 1348 4277 so
1362 4237 1482 4296 suosque
1496 4222 1568 4279 ielie
1578 4221 1714 4294 baptisari
1737 4238 1788 4280 ac·

171 4287 345 4349 Causennis.
356 4292 384 4349 S.
396 4293 488 4350 bieria
503 4311 509 4349 :
533 4294 673 4352 «Ciuitate
686 4294 827 4364 Augustae,
838 4291 933 4365 patriae
988 4292 1128 4348 clamaret.
1143 4290 1203 4358 Quo
1217 4291 1302 4361 lacto,
1327 4292 1429 4351 virDei
1446 4293 1618 4350 Dielivennae
1633 4292 1787 4351 oratorium

134 4356 287 4443 Sabaudie,
310 4363 447 4437 depositio
463 4364 586 4439 corporis
600 4364 689 4423 sancti
710 4364 787 4422 Grati
808 4361 932 4435 ejusdem
987 4362 1155 4443 construxit,
1169 4362 1196 4417 in
1212 4378 1266 4435 quo
1282 4371 1342 4436 post
1356 4362 1441 4436 hujus
1455 4363 1787 4430 labilisvitadecessum

134 4430 211 4489 urbis
225 4435 358 4507 episcopi.
375 4461 384 4485 i
987 4433 1107 4560 5lorioso
1121 4432 1176 4489 sine
1190 4434 1306 4507 quievit.
1334 4434 1395 4502 Quo
1409 4435 1442 4492 dc
1459 4439 1518 4492 loco
1533 4433 1586 4490 viri
1608 4434 1788 4492 Tenrsmuu-

169 4503 200 4559 lii
215 4504 351 4564 varicare.
367 4523 395 4564 u.
411 4507 492 4567 tete.
507 4509 584 4567 deest
602 4506 704 4564 eiorih·
713 4514 740 4563 ct
754 4508 869 4580 Recine.
1006 4520 1085 4561 enses
1108 4505 1263 4562 veneranda
1287 4505 1346 4576 ejus
1361 4521 1433 4570 ossa,
1454 4506 1531 4562 omni
1546 4506 1652 4562 virtute
1675 4505 1786 4576 laniata,

148 4574 358 4651 ,Fronsurircz
391 4581 681 4637 «Natalesancteruin
698 4586 850 4653 martyrum
872 4581 931 4637 De-
985 4575 1786 4648 cumsumnioexultationisJubilo,Tenremundetrans-

132 4641 227 4699 siderii
241 4655 268 4702 ei
278 4647 413 4707 ianuarii,
430 4675 440 4698 s
461 4651 533 4708 Vide
548 4651 676 4709 Gnsvsn.
945 4669 970 4727 D
985 4649 1120 4703 tulerunt.
1146 4648 1213 4704 Item
1229 4647 1323 4704 endem
1337 4648 1382 4704 die
1394 4647 1467 4721 apud
1482 4647 1717 4719 Tenremundam,
1732 4648 1786 4706 ad·

167 4710 345 4794 Bizcnricsn.
360 4737 366 4774 :
387 4744 396 4766 ·
412 4721 567 4778 Catalaucis
582 4719 646 4793 [pro
660 4720 830 4794 Catalaunis]
841 4720 930 4778 sancti
984 4729 1083 4775 ventus
1097 4719 1220 4790 corporis
1234 4718 1319 4774 beate
1333 4718 1497 4776 Christianae
1510 4718 1640 4792 virginis.
1655 4720 1689 4777 in
1702 4718 1785 4794 Aqui·

132 4780 227 4853 Alpini
242 4788 362 4865 episcopi
378 4798 406 4845 et
414 4792 590 4858 confessoris,
600 4790 680 4862 cujus
691 4791 860 4848 laudabilem
874 4792 929 4847 vir·
984 4789 1036 4845 leia
1050 4789 1151 4846 natalis
1164 4789 1251 4846 sancti
1264 4790 1401 4846 Anastasii
1417 4791 1557 4863 martyris.
1567 4790 1619 4849 llic
1631 4790 1705 4848 lullo
1715 4790 1781 4858 luit,

131 4858 218 4909 tutem
232 4854 387 4914 clarissima
406 4860 540 4917 miracula
555 4868 726 4917 testantes·
982 4861 1029 4916 sed
1048 4860 1113 4916 fidei
1137 4861 1233 4916 merito
1257 4861 1285 4916 in
1310 4870 1462 4933 martyrum
1476 4877 1624 4919 numerum
1647 4876 1784 4919 aunume

160 4924 290 5006 'Ranae
300 4926 347 4984 SS.
359 4928 480 4987 Timeth.
495 4939 522 4987 et
535 4933 647 5002 Apelt:
667 4930 857 4998 «catalaunis,
867 4948 927 4989 san·
982 4938 1058 4987 ratus
1070 4940 1124 4987 est.
1156 4932 1187 4987 ln
1200 4930 1341 4988 territorio
1356 4931 1527 5001 Trecassino,
1556 4932 1628 4989 besti
1644 4932 1782 5000 Nemorii,

129 5003 167 5052 cti
182 4996 279 5080 Alpini
292 4998 412 5074 episcopi
429 5007 457 5057 et
470 5001 645 5059 confessoris.
662 5026 672 5051 »
981 5001 1167 5059 archidiaconi
1183 5002 1295 5074 gloriosi
1308 5003 1380 5076 Lupi
1392 5003 1526 5075 presulis,
1537 5019 1619 5085 quem
1631 5005 1722 5061 Attila
1733 5019 1782 5061 rex

163 5067 259 5128 Editio
275 5069 516 5142 busaeo-Coi..,in
531 5074 635 5130 loaune
646 5072 714 5130 satis
728 5088 806 5145 pura,
816 5073 850 5130 de
861 5076 926 5132 Eor-
981 5073 1144 5130 llnnnomin
1166 5089 1229 5130 cuin
1250 5074 1333 5131 sociis
1353 5074 1411 5131 suis
1428 5073 1599 5132 interiecit.-
1634 5074 1782 5132 Editiones

129 5138 168 5196 tio
185 5139 300 5202 inserit:
328 5145 441 5218 episcopi
454 5151 480 5202 et
490 5144 657 5214 confessoris,
687 5145 741 5200 siri
754 5147 924 5203 sanctissimi.
980 5144 1097 5211 alicnde
1111 5144 1262 5204 Clodoaldo
1278 5154 1306 5201 et
1320 5145 1656 5273 Hildewardomtsnpra.
1674 5145 1780 5204 Dolla-

127 5210 232 5271 liursus
244 5215 273 5272 in
290 5217 403 5289 Regina,
418 5231 505 5290 pura;
523 5218 557 5274 de
572 5216 735 5278 (liodoaldo.
750 5216 790 5274 sio
804 5218 922 5274 scribit:
980 5215 1250 5285 deiberta,additur:
1275 5216 1360 5284 ‹Quae
1375 5224 1436 5290 post
1450 5217 1563 5274 amitam
1574 5217 1598 5273 A
1610 5215 1779 5289 degendam,

134 5283 924 5360 ‹InterritorioParisiensi,vicoNoiiigeuti‚sanctiClo·
979 5296 1006 5344 et
1033 5303 1153 5344 sororem
1183 5287 1374 5355 Aldetrudem,
1402 5287 1590 5345 blalbodiense
1617 5286 1778 5348 cenobium

126 5351 245 5413 donaldi
259 5359 402 5430 presbiteri
417 5360 698 5430 etconlessoris,lilii
713 5359 785 5432 regis
799 5361 924 5418 Francia
978 5360 1060 5415 tertia
1092 5359 1200 5416 rexit·
1235 5358 1288 5414 Pro
1328 5359 1456 5417 Vincentii
1485 5366 1557 5418 recte
1591 5357 1641 5417 hie
1679 5358 1781 5434 legitur

126 5420 356 5508 ClodomerAtsm
371 5431 508 5514 generis„
529 5440 582 5490 etc.
597 5432 686 5489 Toni:
710 5432 922 5490 deterritorio
982 5431 1104 5488 Viventii.
1132 5432 1171 5487 De
1186 5429 1340 5496 Anastasio,
1361 5431 1519 5503 Augustali,
1538 5429 1726 5502 etNeniorio,
1749 5434 1781 5487 ut

126 5491 293 5580 ireeaeainn
309 5500 381 5558 beati
395 5503 519 5561 Nemorii
535 5505 675 5577 martyris,
692 5511 719 5559 et
733 5504 844 5562 diaconi
857 5505 922 5577 glo-
977 5518 1068 5574 supra.
1087 5501 1169 5575 ·lpso
1183 5502 1239 5569 die,
1249 5503 1386 5584 depositio
1400 5503 1489 5561 sancti
1505 5501 1583 5559 Grati
1596 5500 1777 5570 confessoris,

125 5578 191 5646 riost
202 5565 270 5647 Lupi
282 5573 416 5641 presulis,
430 5591 510 5648 quoni
521 5576 608 5634 Attila
623 5592 672 5633 rex
682 5576 845 5632 Hunnorum
857 5592 921 5632 euin
976 5574 1157 5647 Augustensis
1171 5573 1302 5647 episcopi,
1319 5574 1396 5630 inire
1410 5573 1565 5631 sanctitatis
1578 5589 1612 5630 ae
1628 5573 1777 5633 miraculis

123 5650 206 5692 sociis
217 5642 364 5722 interiecit.
375 5642 564 5715 Catbalaunis,
576 5647 713 5722 depositio
723 5648 809 5705 sancti
823 5646 920 5720 Alpini
976 5662 1037 5702 rum
1060 5645 1124 5701 uiri.
1153 5645 1204 5704 Die
1224 5645 1350 5718 septima,
1375 5644 1463 5702 sancti
1486 5644 1620 5703 marteris
1637 5644 1776 5703 Sountie

123 5708 298 5790 eonfemoris,
301 5711 434 5793 discipuli
443 5719 594 5790 supradicti
607 5719 695 5777 sancti
706 5719 776 5792 Lupi
785 5718 918 5792 episcopi,
975 5717 1011 5773 Et
1024 5717 1184 5789 prelestnm
1198 5716 1352 5775 nativitatis
1364 5715 1545 5774 sanctissimae
1557 5702 1610 5774 bet
1630 5713 1777 5789 genitricis

121 5789 153 5838 ut
164 5797 200 5838 ex
215 5789 323 5840 meritis
336 5781 537 5858 discipulcmm
550 5797 651 5862 pateat,
666 5798 776 5864 quante
789 5789 920 5849 sauctita-
973 5789 1075 5846 ilaris.
1088 5790 1120 5846 In
1134 5796 1217 5863 portu
1231 5787 1422 5859 valencianas,
1432 5786 1575 5846 translatio
1582 5787 1675 5849 sinen
1687 5784 1776 5848 Saleii
