3834 6136
62 223 114 290 aa?
592 226 959 289 lineamentisque·
982 232 1085 289 ldENS.
1109 233 1190 290 AUG.
1668 236 1720 299 398

63 365 135 415 stant
151 353 277 410 homitias
301 353 718 436 sanctiAugustiniepiscopi.·
740 357 771 410 ln
791 356 844 412 fine
859 374 865 412 :
882 358 979 483 Apuli
1002 359 1088 413 sancti
1105 358 1217 414 loannis
1233 358 1374 431 Theologi.
1392 385 1400 406 ·
1425 360 1494 415 Dein
1512 364 1585 434 typis
1605 365 1719 422 minori-

71 431 120 486 ·ln
152 442 204 498 ago
216 424 412 506 Cenomanrco,
426 434 514 481 sancta
528 426 859 496 llrgomarrconlessoris.·
940 445 972 483 us
985 447 990 483 ε
1005 429 1151 485 ·.lndaino
1165 431 1340 496 monasterio,
1352 430 1614 490 obiitTheodorieus
1624 437 1706 493 abbas

65 501 119 557 Alii
130 443 403 554 dicerentlhcbmirr.
416 496 637 579 Videllavaamr.
651 497 793 554 Editiones
805 501 865 555 aliae
920 516 992 555 anuo
1007 518 1132 566 aarum,
1149 502 1195 574 qui
1211 502 1293 557 vivus
1307 510 1335 558 et
1348 501 1496 559 defunctus
1511 505 1607 561 multis
1620 482 1720 565 clarui't
1769 496 1772 500 Δ

66 575 94 629 in
109 577 185 627 textu
200 568 298 624 eadem
314 567 425 635 habent,
441 579 507 625 etm
518 569 572 623 hae
583 576 648 623 rtem
661 570 694 624 de
709 570 864 641 Rigomero.
920 571 1005 642 signis
1025 589 1056 628 ac
1078 573 1237 628 virtutibus.
1267 572 1335 644 Ejus
1360 590 1459 647 eorpus
1482 574 1568 632 humo
1588 577 1706 635 levatum

65 646 132 700 Tum
145 661 157 724 :¹
174 666 183 688 ·
195 642 226 721 ln
238 639 380 696 Gladbach
396 640 505 722 dioecesi
515 641 683 722 Agrippina,
699 641 787 696 sancti
800 642 865 697 San·
921 643 1133 711 llugonistarmn
1150 645 1320 700 immanitate
1335 645 1476 703 redactum
1487 656 1528 703 est
1541 648 1570 704 in
1580 623 1721 708 eineresei

64 715 171 782 duradr,
194 712 320 784 ejusdem
341 711 460 768 coenobia
481 728 561 784 prum
586 712 702 767 abbatis.
720 713 768 768 Die
784 716 867 783 vige·
918 714 1065 770 favillas.»
1089 715 1159 772 Vide
1174 715 1370 772 Castellanum.

65 789 132 845 sima
152 794 262 858 quarta,
283 784 371 840 sancti
390 782 598 856 hieromartyris
615 783 760 856 Eutychis,
776 785 866 842 disci-

788 920 998 934 ———

66 967 125 1025 titt
140 965 209 1020 Kal.
1613 974 1662 1032 pp,
1674 973 1719 1033 25„

100 1059 203 1122 Romae,
222 1053 323 1109 natalis
333 1059 490 1110 sanctorum
510 1061 661 1125 martyram
677 1052 801 1121 Eusebii,
823 1051 962 1117 Pontiani,
981 1051 1132 1121 vincentii,
1155 1064 1181 1112 et
1196 1056 1346 1128 Peregrini,
1363 1059 1414 1115 sab
1428 1059 1581 1118 Commodo
1596 1063 1721 1135 impera-

67 1156 131 1213 tore,
149 1144 197 1217 qui
224 1143 316 1213 primo
344 1142 370 1195 in
386 1142 533 1213 equuleum
557 1142 651 1209 levati,
677 1143 769 1199 nervis
784 1156 893 1214 quoque
906 1141 1031 1210 distenti,
1047 1161 1078 1199 ac
1092 1143 1192 1200 deinde
1209 1145 1330 1202 fastibus
1345 1150 1407 1204 cast
1422 1160 1497 1218 serit,
1516 1150 1635 1208 dammis
1648 1153 1722 1211 circa

67 1248 158 1290 eornm
175 1232 264 1287 latera
277 1227 420 1300 appositis,
436 1228 483 1284 sed
498 1244 560 1284 curn
582 1229 610 1283 in
626 1228 704 1283 laude
720 1228 823 1286 Christi
839 1229 992 1286 fidelissimi
1008 1243 1209 1305 permanerent,
1227 1236 1377 1306 plumbatis
1393 1255 1478 1310 usque
1494 1239 1529 1295 ad
1544 1242 1721 1300 emissionem

66 1319 179 1394 spiritus
195 1316 308 1375 nractati
331 1323 406 1372 sunt.
435 1318 502 1372 ltem
524 1317 627 1383 Romae,
651 1316 738 1373 sancti
761 1315 870 1372 Genesii
896 1323 1026 1391 martyris
1051 1331 1172 1394 ternpore
1197 1324 1361 1382 Diocletiani
1384 1327 1511 1400 Augusti,
1536 1330 1581 1403 qui
1601 1330 1722 1390 fustibus

68 1411 156 1485 primo
170 1407 363 1467 crudelissime
386 1425 482 1473 caesus,
499 1408 616 1480 equuleo
630 1423 778 1479 suspensus
799 1416 826 1463 et
848 1407 1013 1478 ungularum
1037 1410 1194 1467 diutissima
1210 1412 1375 1470 laceratione
1396 1425 1522 1486 vexatus,
1549 1417 1722 1492 lampadibus

68 1501 151 1556 etiam
166 1498 362 1564 iullammatus,
379 1513 442 1553 cum
455 1496 485 1552 in
500 1495 554 1551 fide
569 1496 735 1568 persisteret,
750 1495 863 1553 dicens:
879 1499 940 1556 Non
955 1510 996 1558 est
1010 1519 1057 1558 rex
1073 1515 1170 1575 preter
1185 1505 1337 1576 Christum,
1354 1525 1403 1580 pro
1418 1527 1473 1583 quo
1488 1511 1510 1567 si
1527 1512 1630 1568 millies
1642 1513 1722 1570 ocei-

70 1590 130 1656 dar,
146 1590 240 1661 ipsum
254 1585 319 1643 mibi
343 1586 377 1642 de
392 1601 448 1655 ore,
465 1584 555 1658 ipsam
577 1585 645 1640 milri
659 1585 692 1641 de
715 1586 796 1642 corde
811 1587 918 1644 auferre
943 1605 998 1646 non
1014 1593 1150 1662 poteritis,
1167 1595 1294 1666 martyrii
1309 1613 1439 1652 coronam
1454 1598 1553 1671 capitis
1566 1598 1721 1657 obtrunca-

72 1681 149 1736 tione
163 1677 320 1752 promerait.
337 1677 442 1733 Eodem
458 1676 514 1744 die,
530 1676 601 1733 beati
621 1676 730 1733 Genesii
756 1679 934 1747 Arelatensis,
949 1683 997 1754 qui
1012 1683 1165 1754 exceptoris
1181 1684 1292 1741 iunctus
1312 1686 1414 1757 officio,
1431 1706 1492 1745 cam
1510 1690 1605 1763 impia,
1621 1692 1722 1767 quibus

70 1769 222 1828 Christiani
236 1767 328 1841 puniri
348 1766 526 1839 jubebantur,
551 1765 641 1822 edicta
662 1767 750 1823 nollet
771 1768 907 1841 excipere,
931 1772 1145 1844 comprehensus
1166 1780 1247 1846 atque
1271 1773 1433 1845 decollatus,
1451 1779 1578 1851 martyrii
1602 1781 1719 1852 gloriam

69 1861 179 1935 proprio
205 1877 304 1918 cruore
330 1860 482 1932 baptizatus
510 1860 624 1931 accepit.
650 1860 681 1915 ln
697 1860 853 1933 Hispaniat
877 1860 989 1919 civitate
1018 1864 1121 1933 ltalica,
1144 1863 1232 1920 sancti
1258 1864 1383 1922 Gerontii
1404 1868 1538 1942 episcopi,
1562 1871 1591 1925 in
1615 1888 1723 1929 carcere

70 1952 247 2026 quiescentis.

327 2041 332 2047 ’
839 2045 956 2108 NOTAE.

101 2152 166 2210 Puri
181 2150 366 2224 undequaque
380 2157 445 2205 sunt
456 2149 510 2204 soli
523 2156 641 2221 quatuor
655 2149 777 2214 Protea,
794 2150 1044 2223 Asterop-limos,
1061 2152 1211 2211 (irrumet
1225 2156 1329 2211 Halon.

103 2286 278 2344 ¹llersensis
301 2285 408 2341 codex:
433 2285 462 2338 in
482 2284 612 2354 Hispania
634 2283 737 2339 ciuitate
760 2285 865 2340 italico.
882 2288 906 2348 Β
921 2287 1040 2359 palensis
1056 2288 1129 2359 quod
1145 2305 1227 2344 manu
1243 2298 1384 2346 exaratum
1402 2292 1467 2363 legit
1481 2302 1508 2349 et
1523 2312 1574 2351 suo
1589 2305 1726 2371 martyro·

74 2359 177 2417 Delerit
193 2357 336 2414 Usuardus
358 2356 385 2411 in
409 2372 459 2411 sao
482 2356 585 2421 codice,
610 2356 638 2409 ¹ia
657 2357 868 2429 Hispaniaque

74 2432 103 2488 de
123 2446 213 2497 causa,
237 2429 301 2501 quis
316 2427 443 2483 dixerit?
456 2444 491 2482 an
513 2429 576 2500 quia
595 2426 629 2482 de
643 2427 709 2483 urbe
724 2428 790 2483 satis
804 2436 868 2483 uota

75 2505 184 2576 loquens
208 2501 309 2556 inutile
323 2498 490 2571 judicaverit
513 2499 651 2569 regionem
671 2500 817 2571 appellare,
840 2501 868 2555 in

75 2576 189 2649 quesita
203 2581 264 2628 erat
279 2572 294 2627 ‘l
309 2573 346 2627 De
359 2572 385 2626 S.
404 2573 537 2627 Geruntio
553 2569 622 2625 nihil
638 2570 710 2641 apud
727 2579 868 2639 martyro-

75 2648 154 2718 logoe,
170 2644 221 2717 qui
243 2643 397 2700 Usuardum
415 2650 493 2698 aetate
507 2649 646 2713 superent.
664 2642 742 2697 lllius
763 2645 868 2697 cultum

75 2716 248 2788 inllispania
271 2714 357 2770 dubio
382 2715 474 2786 procul
498 2714 611 2785 aceepit.
628 2713 706 2780 Quod
728 2713 870 2786 antiquius

75 2788 186 2846 labetur
200 2786 236 2844 de
250 2786 301 2842 illo
310 2785 455 2851 Geruntio,
471 2794 510 2842 est
523 2785 794 2858 epigrammalsidori
810 2785 870 2840 His·

924 2358 995 2438 logio
1012 2358 1158 2440 Hispanico
1175 2360 1299 2418 intexuit
1311 2363 1429 2417 loannes
1444 2364 1581 2438 Tamayus
1604 2369 1723 2427 Salazar.

922 2429 952 2485 ln
982 2428 1031 2510 ¹illo
1060 2441 1253 2501 epigrammate
1285 2434 1440 2488 Geruatins·
1466 2435 1569 2492 dicitur
1603 2441 1724 2497 carceris

923 2500 1056 2571 famisque
1069 2503 1203 2572 supplicia
1219 2520 1311 2574 pressos
1325 2505 1375 2560 suh
1390 2505 1506 2562 Nerone.
1524 2508 1601 2565 Uude
1615 2511 1726 2583 colligit

923 2571 1029 2625 Salazar
1053 2589 1161 2643 passum
1181 2591 1239 2629 esse
1260 2573 1333 2630 circa
1354 2592 1457 2631 annum
1480 2578 1526 2645 68,
1555 2595 1609 2651 quo
1633 2582 1726 2637 rehe-

923 2644 1043 2768 rlpentius
1067 2643 1095 2699 in
1120 2645 1251 2718 Hispania
1273 2647 1403 2703 saeviebat
1422 2647 1540 2705 Neronis
1563 2651 1724 2708 crudelitas.

947 2729 1094 2771 ouraaanr.

638 2940 646 2954 ·
685 2913 888 2971 vastaturus
908 2913 1113 2972 LECTIONES.

104 3015 211 3070 Praeter
228 3011 381 3085 sphalmata
395 3011 616 3092 orthographica,
628 3013 733 3139 luiba}
743 3013 869 3093 plerum-

654 3102 710 3138 oen
725 3102 790 3151 aaut,
814 3102 870 3138 ecu-

76 3103 125 3212 ff
139 3084 264 3141 abundat
281 3084 501 3154 Antuerp.-lllag.
517 3093 547 3138 ut
567 3084 614 3140 hia

114 3201 122 3225 ,
140 3156 251 3211 diamari
261 3173 270 3217 ,·
280 3155 420 3227 posteresi,
436 3156 510 3211 deest
524 3163 603 3221 srrrrt‚·
617 3165 677 3228 post
693 3156 870 3228 lotapadibas,

76 3229 147 3285 deest
163 3229 253 3293 etiarn,
267 3227 356 3293 michi,
372 3228 517 3295 Aretensr's,
533 3228 618 3298 impii,
631 3229 779 3299 prointpio.
796 3227 871 3283 Chri·

76 3303 159 3355 rtiaaa
183 3315 235 3426 pro
261 3298 418 3365 Chaistiaai,
445 3308 508 3365 etc,
529 3307 555 3353 et
579 3308 676 3371 praeter
695 3299 780 3353 milies
799 3297 872 3371 quod

76 3388 168 3427 omnes
205 3371 298 3435 abent,
312 3378 427 3440 excepto
442 3369 567 3425 Grereno
580 3370 716 3435 ,notanda
726 3378 790 3424 sunt
805 3371 871 3425 dno.

77 3443 208 3510 Primum,
225 3441 299 3497 idem
315 3441 432 3496 Creven.
448 3450 475 3496 et
490 3442 590 3496 Melan.
608 3450 667 3513 post
682 3441 799 3507 occidar,
815 3440 875 3494 im-

78 3514 191 3571 mediate
215 3512 397 3585 subjungunt,
422 3513 507 3583 ipsum
521 3513 587 3568 mibi
607 3515 637 3568 de
656 3513 733 3567 corde
755 3511 873 3581 creterra,

924 3020 990 3081 etc,
1015 3014 1174 3070 omittentes
1188 3013 1401 3142 praecedenti&
1426 3018 1513 3089 ipsura
1535 3021 1601 3078 mibi
1628 3024 1659 3080 de
1673 3038 1728 3083 ere.

925 3088 1049 3165 Alterum
1065 3094 1115 3153 est,
1132 3103 1186 3158 quo
1221 3088 1328 3143 Pratea.
1354 3098 1380 3145 et
1396 3090 1540 3163 llosweyd.
1559 3095 1583 3147 le
1602 3105 1667 3151 ant:
1686 3099 1729 3154 Ci-

926 3164 1004 3237 ortate
1028 3158 1134 3222 rtatim,
1154 3165 1182 3213 et
1206 3159 1272 3229 ipsis
1293 3176 1394 3230 suppar
1415 3164 1563 3234 Antuerp.·
1593 3165 1651 3236 ajor
1671 3186 1676 3223 :
1695 3169 1729 3224 la

926 3230 1029 3307 cecitate
1044 3229 1147 3283 italico.
1163 3229 1280 3284 Greven.
1297 3246 1361 3285 vero
1377 3238 1404 3286 et
1421 3232 1557 3302 Molanus,
1573 3237 1606 3290 lo
1625 3238 1728 3309 Hispa-

926 3300 979 3351 nias
1000 3299 1103 3353 ciuitate
1126 3300 1232 3356 ltaliae.
1249 3303 1377 3369 Denrurn,
1394 3301 1535 3359 Herinien.
1550 3314 1578 3360 et
1591 3305 1727 3366 Munerat.

928 3368 956 3423 in
982 3377 1059 3424 textu
1086 3371 1158 3441 puri,
1178 3373 1211 3426 lo
1234 3371 1367 3440 Hispania
1389 3372 1494 3428 civitate
1519 3376 1624 3446 Italico,
1647 3394 1728 3451 quem

928 3440 1066 3495 scribendi
1091 3441 1201 3496 modurn
1229 3441 1409 3513 praetulimus,
1433 3445 1538 3500 sedita
1560 3456 1591 3505 ut
1618 3448 1651 3505 ab
1666 3451 1729 3507 aliis

930 3511 1075 3581 phrasibus
1090 3512 1204 3566 minime
1218 3512 1422 3569 abhorrendum
1439 3523 1576 3588 putemus.

751 3636 1053 3697 OlelltVATIONES.

110 3749 229 3809 Romani
244 3746 322 3821 parsi
346 3746 511 3804 hodiernum
531 3755 701 3820 segmentum
716 3748 798 3802 tertio
815 3748 873 3803 loco
889 3746 994 3810 Csatis
1007 3743 1100 3816 jejune
1123 3743 1293 3818 decerpente
1311 3745 1406 3803 Videri
1430 3748 1513 3805 etiarn
1529 3760 1645 3822 possunt
1665 3753 1730 3812 laa-

78 3823 180 3879 relert:
196 3823 295 3888 Rornoe,
310 3827 425 3890 quatuor
439 3829 586 3889 raortprmm
603 3819 721 3886 Easehit',
736 3819 873 3887 Pontiani,

79 3894 216 3965 Peregrini
237 3904 264 3949 et
284 3892 426 3957 Vincentii;
452 3899 533 3964 atque
556 3892 650 3946 eodem
674 3894 756 3945 etiam
777 3890 874 3945 ordine

79 3965 113 4021 ab
128 3963 223 4022 Adone
233 3965 413 4030 collocantur,
425 3963 519 4018 addito
530 3963 674 4029 Actorum,
684 3978 700 4016 a
711 3961 791 4017 Surio
801 3961 873 4017 aliis-

79 4053 130 4110 que
144 4052 200 4093 non
220 4037 304 4092 eernel
320 4035 467 4098 editorum,
486 4034 662 4105 compendio,
685 4032 757 4105 quod
779 4034 875 4088 Noster

79 4109 111 4164 ad
129 4108 240 4163 solitam
259 4124 336 4162 suam
354 4106 515 4162 brevitatem
537 4121 590 4159 non
607 4106 774 4175 ineleganter
788 4104 874 4159 redu-

80 4182 129 4247 xit,
141 4179 262 4252 primum
272 4179 311 4234 eis
321 4178 348 4232 in
358 4178 488 4233 laterculo
498 4178 587 4232 locum
601 4177 818 4242 tribuens‚trans
839 4192 875 4229 o-

79 4252 137 4307 sitis
160 4250 271 4306 duobus
294 4249 400 4304 ultimis
421 4248 589 4303 nominibus.
607 4249 648 4303 Ab
670 4193 874 4320 antiquiorillus

80 4322 273 4394 martyrologis
296 4321 330 4376 de
353 4320 392 4375 eis
412 4336 466 4374 non
490 4320 543 4391 agi,
558 4329 661 4375 eertum
687 4319 814 4383 videtur;
833 4317 872 4372 ia-

76 4401 147 4449 tcnte
163 4392 347 4455 Florentinio,
369 4393 539 4458 Pontianum,
555 4391 667 4446 seorsim
686 4391 719 4445 ab
734 4390 806 4454 aliis,
821 4404 873 4444 eo-

77 4464 128 4520 dici
145 4464 264 4520 bucensi
282 4480 297 4516 a
319 4464 496 4534 popularibus
520 4461 736 4533 superadditam.
755 4459 826 4525 Quid
840 4459 873 4514 de

78 4535 239 4591 hiseeActis
254 4534 420 4589 censendum
437 4536 482 4599 sit,
499 4533 614 4589 necdum
630 4533 717 4586 acideo
733 4531 847 4586 dehnire
863 4547 870 4595 ;

79 4607 210 4663 nonnulla
235 4607 341 4660 invenit
356 4606 559 4671 Tillomontias,
586 4612 659 4658 tomo
679 4603 726 4668 ΙΙΙ,
752 4618 810 4681 pag.
826 4603 871 4666 dil,

78 4695 134 4751 quae
150 4678 323 4749 displiceant.
341 4677 423 4730 etiarn
439 4693 492 4748 qna
509 4686 581 4747 parte
597 4683 678 4745 agunt
692 4673 724 4729 de
739 4674 812 4727 lulio
828 4673 872 4728 Se·

79 4759 180 4816 natore,
195 4749 282 4803 relato
296 4764 378 4818 supra
392 4764 440 4801 arx
457 4747 548 4818 hujus.
564 4747 615 4802 Sed
632 4747 689 4801 haec
703 4745 767 4800 alibi
784 4744 871 4799 discu-

79 4820 168 4875 tienda
178 4826 255 4874 sunt.
271 4820 394 4874 Gertesias
409 4836 442 4873 ea
454 4819 539 4873 mimo
552 4830 654 4889 martyr
670 4816 873 4872 illustrissimus

80 4891 274 4947 aKalendario
294 4891 388 4945 Atlatii
411 4898 438 4945 et
464 4891 497 4944 ab
516 4889 738 4961 Hieronymianis
761 4889 872 4960 ponitur

79 4979 145 5019 aare
159 4962 288 5034 Augusti.
305 4964 371 5017 ltern
387 4977 402 5015 a
420 4963 512 5028 Floro,
528 4961 573 5033 qui
589 4977 650 5015 erun
668 4962 696 5014 in
719 4960 807 5030 elogio
822 4976 871 5013 suo

928 3819 991 3873 data
1007 3819 1083 3884 Aeta,
1109 3815 1212 3873 Gallice
1235 3817 1442 3875 aTillemoatio
1461 3821 1535 3878 edita
1559 3830 1633 3880 tomo
1648 3825 1729 3894 lV,a

928 3906 987 3961 pag.
1006 3888 1067 3944 tta.
1092 3887 1223 3959 Sequitur
1239 3889 1363 3944 Cerasias
1386 3893 1455 3948 alter
1470 3892 1647 3961 Arelatensis,
1664 3913 1728 3953 curn

928 3960 1013 4032 priori
1029 3960 1121 4015 malea
1136 3961 1278 4015 nonnullis
1292 3961 1434 4031 confusus,
1447 3973 1476 4019 ut
1487 3966 1607 4035 explicat
1617 3967 1729 4024 Floren-

930 4032 1014 4087 tinies
1039 4031 1074 4086 ad
1095 4031 1321 4102 Hieroayrniana,
1340 4032 1369 4087 in
1394 4036 1494 4106 quibus
1518 4034 1570 4092 hoc
1593 4036 1637 4093 die
1656 4055 1729 4094 con-

928 4104 1062 4174 signatur,
1080 4103 1119 4156 uti
1140 4110 1167 4155 et
1187 4119 1202 4155 a
1221 4103 1312 4168 Floro,
1329 4104 1375 4174 qui
1391 4107 1481 4160 solum
1499 4107 1599 4174 innuit,
1618 4111 1729 4182 proprio

928 4175 1060 4245 sanguine
1071 4171 1246 4242 baptizatum.
1264 4173 1417 4229 homanum
1434 4192 1548 4245 parvum
1564 4179 1729 4251 simpliciter

928 4246 993 4315 legit
1010 4263 1015 4299 :
1035 4246 1072 4298 ut
1085 4243 1169 4296 soracti
1184 4243 1285 4296 Gerresii
1301 4245 1472 4298 Arelatensis.
1482 4247 1609 4302 Pluscula
1625 4265 1658 4304 ex
1668 4254 1727 4321 pul·

927 4314 1071 4371 uberrimis
1087 4313 1173 4380 Actis,
1189 4313 1271 4366 etiam
1287 4329 1302 4366 a
1317 4313 1460 4369 Ruirrartio
1484 4314 1555 4369 inter
1569 4317 1672 4373 Selecta
1689 4338 1728 4376 re·

928 4386 1068 4457 productis
1086 4402 1101 4438 a
1117 4400 1175 4455 pag.
1192 4383 1241 4438 oet
1258 4382 1408 4455 desumpsit
1426 4384 1486 4439 Ado
1498 4403 1504 4450 ;
1518 4385 1614 4441 Noster
1630 4389 1669 4442 rei
1686 4398 1727 4444 to·

927 4459 982 4512 tius
1006 4456 1152 4510 medullam
1178 4453 1352 4578 plaucioribus
1375 4457 1536 4526 complexus
1559 4468 1611 4512 est.
1628 4458 1726 4516 Videri

927 4535 1014 4600 petest
1027 4525 1167 4580 Prudentri
1200 4541 1300 4595 ymnus
1311 4525 1382 4594 apud
1395 4526 1534 4582 laudatum
1549 4529 1725 4586 lluinartium

928 4616 986 4670 pag.
1003 4598 1067 4661 517,
1082 4604 1109 4652 et
1124 4596 1270 4667 Gregorius
1285 4595 1452 4652 Turonensis
1463 4599 1490 4652 in
1508 4599 1648 4656 lliraaulis
1662 4618 1722 4674 cap.

926 4672 970 4725 68.
987 4669 1039 4724 Adi
1064 4669 1156 4733 etiam,
1183 4668 1205 4722 si
1231 4667 1316 4733 lubet,
1333 4667 1542 4726 Tillcmontium
1568 4680 1643 4728 torno
1658 4673 1692 4742 V,
1709 4691 1725 4730 a

926 4759 986 4813 pag.
1012 4740 1074 4795 569.
1093 4739 1146 4795 Nec
1169 4739 1326 4809 displicebit
1346 4739 1445 4797 urricus
1463 4741 1497 4798 de
1521 4741 1574 4799 hoc
1595 4744 1723 4814 Genesio,

929 4812 1116 4870 Wandalberti
1131 4812 1300 4866 versiculus:

958 4895 1054 4943 Octava
1072 4895 1129 4941 hinc
1142 4893 1231 4941 Arelas
1244 4893 1354 4941 reelehrat
1372 4903 1404 4948 te,
1421 4905 1507 4944 sancte
1520 4897 1624 4946 Genesi.

962 4957 1111 5022 Gerontius,
1136 4957 1180 5010 vel
1207 4956 1349 5010 Geraotius
1370 4958 1574 5030 antiquioribus
1594 4956 1724 5012 omnibus

81 5051 113 5089 er
136 5035 214 5091 Actis
230 5034 385 5104 desumpto,
414 5034 524 5088 saltitem
549 5040 637 5087 vocat.
658 5032 779 5102 ltenirpre
802 5039 828 5086 et
856 5046 871 5084 a
927 5029 1119 5100 martyrologis
1148 5027 1306 5097 incognitus
1340 5039 1390 5095 est,
1420 5045 1470 5084 nec
1497 5030 1562 5084 satis
1588 5043 1648 5098 pers
1668 5027 1722 5083 icio

84 5105 287 5173 wandalberto,
303 5114 334 5159 ut
350 5104 436 5176 pridie
448 5103 628 5159 ostendimus.
645 5103 796 5157 Romanurn
813 5117 871 5171 par·
886 5099 910 5157 D
927 5100 998 5154 unde
1011 5116 1072 5153 errrrr
1098 5098 1236 5152 llsuardus
1251 5099 1372 5169 accipere
1388 5100 1516 5170 potuerit,
1538 5098 1590 5152 nisi
1612 5097 1640 5152 ln
1682 5097 1724 5154 is-

79 5191 142 5231 sum
162 5177 214 5232 hac
229 5176 273 5231 die
296 5176 468 5247 expressius:
494 5177 593 5241 Hamae,
617 5174 719 5228 Genesii
734 5173 870 5242 rreartgris,

79 5249 160 5302 mimi.
182 5248 337 5317 Thymeliae
355 5248 422 5302 artis
442 5247 565 5316 magister
586 5245 638 5314 fait
649 5263 658 5309 ;
674 5245 725 5298 hoc
740 5252 779 5298 est
799 5244 871 5297 thea-

79 5320 161 5375 trice.
179 5319 229 5374 Far
242 5321 323 5374 etiam
340 5318 369 5372 in
386 5317 549 5374 Kalendario
570 5317 717 5372 Frontonis
731 5321 757 5370 et
773 5313 872 5368 verosi-

79 5390 181 5446 militer
204 5390 233 5444 in
249 5390 467 5461 Carthaginensi.
492 5394 560 5443 Acta
574 5388 646 5459 apud
661 5389 750 5441 sarias
765 5393 874 5440 exstant

79 5478 141 5518 sane
167 5462 305 5527 miranda,
322 5461 470 5516 novissime
494 5460 667 5517 altuinartio
691 5458 793 5513 editaa
813 5473 871 5527 pag.

79 5533 139 5602 282,
155 5550 191 5590 ex
210 5533 312 5605 quibus
336 5541 408 5605 patet
430 5533 534 5588 sincera
560 5531 682 5586 Adonem
708 5536 734 5583 et
758 5528 875 5598 genuina

79 5621 132 5677 praa
157 5606 249 5661 oculis
277 5604 412 5670 habuisse,
429 5605 495 5660 durn
517 5620 548 5658 ea
571 5603 626 5657 lere
649 5601 754 5671 integra
776 5599 874 5669 Marty-

80 5678 184 5750 rologio
209 5693 260 5731 suo
284 5675 409 5731 inseruit.
438 5676 560 5731 Usuardo
575 5673 640 5728 satis
664 5672 716 5727 luit
741 5671 877 5742 praecipua

97 5765 193 5823 uaeque
207 5764 243 5804 ex
266 5747 363 5803 Adone
378 5747 521 5816 delibasse,
538 5762 597 5819 quae
617 5754 708 5799 tamen
721 5743 803 5798 solito
816 5757 876 5812 pro·

80 5765 164 5877 axius
187 5818 307 5877 deduxit
323 5837 330 5886 3
347 5819 457 5898 [labano
476 5835 510 5874 ex
530 5816 649 5890 praelatis
671 5814 747 5872 Actis
762 5812 877 5886 paucula

926 5171 1023 5242 panico
1033 5169 1128 5224 itinere
1138 5170 1261 5223 notitiam
1274 5168 1333 5238 ejus
1343 5170 1463 5240 aliquam
1476 5176 1572 5224 nactus
1583 5167 1628 5235 sit,
1641 5183 1722 5240 quarn

927 5240 1043 5297 subinde
1065 5240 1175 5309 dignam
1198 5241 1334 5294 censuerit
1354 5257 1414 5311 qua
1432 5241 1460 5294 in
1476 5239 1564 5294 Fastis
1577 5241 1662 5294 sacris
1678 5241 1724 5296 lo-

927 5329 989 5368 cum
1014 5309 1159 5363 obtineret.
1189 5312 1312 5380 Tearporc
1333 5310 1520 5380 Apostolorum
1547 5309 1649 5366 vixisse
1676 5320 1723 5368 aut

928 5380 1096 5455 predicasse.
1116 5396 1249 5451 nusquam
1270 5381 1381 5434 innuit:
1408 5380 1512 5435 undea
1534 5381 1723 5455 Martyrologii

929 5451 1042 5511 Romani
1060 5449 1303 5516 Reformatoribus,
1320 5467 1354 5505 err
1367 5450 1429 5506 aliis
1443 5451 1617 5507 documentis
1633 5454 1660 5509 id
1678 5455 1723 5511 ad·

927 5525 1030 5597 jectum
1054 5522 1137 5575 luisse
1160 5532 1276 5592 oportet,
1303 5522 1336 5575 de
1359 5538 1411 5594 qua
1436 5539 1464 5576 re
1488 5523 1575 5578 videri
1592 5527 1674 5582 tantis
1695 5543 1725 5582 er

930 5602 1017 5668 potest
1035 5592 1144 5648 baronii
1163 5592 1277 5648 notatio.
1296 5592 1494 5648 Prioraornnia
1508 5611 1542 5650 ex
1561 5595 1657 5652 Adone
1672 5543 1693 5652 d)

930 5668 1030 5738 scripta
1040 5664 1220 5729 ostendimus,
1237 5664 1307 5719 hanc
1322 5680 1386 5719 vero
1401 5666 1527 5721 ultimam
1538 5669 1725 5723 annuntiatio·

931 5756 992 5795 nera
1018 5741 1095 5809 plane
1116 5738 1198 5790 etiam
1224 5734 1404 5792 Usuardinam
1429 5753 1487 5793 esse
1506 5738 1614 5796 codices
1639 5736 1727 5792 nostri

932 5809 1046 5867 omnino
1061 5807 1203 5863 evincunt.
