3834 6136
91 167 129 227 ib
629 176 946 241 manileubouiuit.
966 213 1002 227 —-
1019 185 1124 243 NENS.
1145 188 1220 244 hldl.
1714 196 1750 255 itt

127 294 544 382 mestitiae-bursa.
558 299 901 363 breviallilariietNicetii
916 311 940 369 A
956 308 1010 366 init
1037 310 1120 367 abhas
1142 313 1294 369 multorum
1316 315 1526 388 monachorum,
1551 319 1598 376 sed
1621 329 1714 394 postea
1738 337 1756 378 a

92 366 185 449 elogia
217 369 392 451 rescindunt,
415 369 565 428 Joimiano
583 389 726 447 perperam
748 375 901 436 tribuentes
954 388 1050 438 sancto
1064 383 1184 440 ilenrico
1207 385 1371 457 imperatore
1392 386 1426 442 ad
1445 389 1636 462 episcopatum
1661 391 1754 450 llilde·

92 440 209 495 tilulum
226 457 354 513 merops.
954 451 1144 525 sheymeasem
1160 464 1282 513 vocatus.
1308 457 1360 524 Qui
1385 467 1529 532 postquam
1555 463 1649 533 pulses
1663 480 1753 521 annos

126 519 279 576 Mnnnnun,
305 521 333 576 in
361 520 417 577 iine
431 521 550 596 adjicit:
572 525 900 599 «Apudceiieeceneii
954 522 1118 582 hocdevote
1138 528 1263 597 rexisset,
1280 527 1310 584 in
1337 529 1406 585 leste
1435 531 1612 589 decensionia
1628 535 1751 605 Domini,

92 591 239 647 Fortunati
254 591 379 666 episcopi
390 600 418 649 et
431 594 628 653 confessoris·
651 598 759 655 Colitur
770 616 842 657 aviri
853 602 899 660 in·
954 592 1019 653 dum
1040 597 1070 652 in
1093 598 1236 657 Matutittis
1255 608 1422 670 cantaretur,
1452 604 1570 661 ²³0⁸¹¹d0
1595 603 1631 659 ad
1645 614 1752 675 patrem

92 661 148 720 nii.
164 663 235 720 vide
250 663 290 720 ibi
304 665 443 722 Nnnercti
456 666 576 740 elogium
591 674 618 724 et
632 672 711 727 Aeto.
953 684 1045 723 meum
1058 679 1085 725 et
1101 678 1205 742 patrem
1221 678 1355 740 vestrum,
1379 673 1471 729 anima
1484 675 1544 746 ejus
1558 677 1663 748 angelis
1680 693 1753 733 asso·

133 744 388 810 Arimin-iiix„
397 742 579 816 Uurnncnuj,
588 749 898 822 numennumen„
952 738 1032 821 cistis
1041 740 1124 823 coelos
1137 744 1269 813 ascendit,
1283 742 1363 815 cujus
1375 760 1448 801 mors
1462 746 1571 802 exstitit
1583 747 1716 827 prodigiis
1725 755 1753 805 et

93 818 194 874 Disrc.
208 823 236 872 et
250 817 353 873 Ennio
368 817 587 876 Uercin-Brun.
608 822 648 878 De
668 822 773 878 flirenin
792 825 830 880 iu
849 825 898 881 un.
952 826 1038 891 signis
1058 815 1232 871 miraculosa.
1256 815 1392 884 Treveris,
1418 820 1508 874 natale
1523 819 1611 875 sarion
1628 818 1752 875 Britonis

94 888 181 945 berit:
204 911 214 935 ι
232 889 267 944 ln
282 887 392 958 Galliis,
407 890 521 946 civitate
531 892 695 960 Arelatensi,
711 893 783 950 beati
799 895 897 952 Hilarii
952 883 1071 964 09130095
1086 894 1113 942 et
1127 886 1301 969 fflssfttffltts·
1318 911 1327 934 ·
1349 886 1483 970 subditur
1503 891 1626 977 reliquus
1645 897 1750 971 textus.

94 959 215 1032 episcopi
226 967 254 1014 et
269 960 447 1028 confessoris,
463 961 666 1033 preclarissimi
681 964 734 1021 viri
745 973 772 1022 et
783 966 896 1025 nobilis.
951 953 1075 1036 Dfflstdflf
1104 956 1231 1038 'EOdttss
1243 957 1297 1026 ‘¹¹02
1320 971 1408 1017 ⁸³⁰0¹¹
1424 960 1523 1032 Aflsselt
1549 962 1705 1018 hermelli&
1722 967 1751 1016 θῑ

93 1031 145 1098 Qui
160 1031 335 1102 paupertatis
360 1042 467 1088 amator
481 1040 509 1087 et
524 1034 586 1105 pius
604 1036 718 1107 inopum
743 1037 895 1108 miserator,
952 1035 1091 1107 mistim*
1108 1028 1239 1099 1P⁸0d¹ti
1261 1031 1406 1086 0⁰¹¹V⁰t⁸t⁰
1430 1031 1501 1089 betti
1524 1033 1671 1104 Autflsttm
1687 1031 1752 1103 09¹·

92 1119 142 1175 pro
157 1102 319 1159 reficiendis
333 1104 510 1229 pauperibus,
521 1104 603 1160 etiarn
616 1107 822 1165 rusticationem
833 1127 897 1166 nnn.
951 1112 1025 1176 scopi
1036 1105 1063 1153 et
1077 1099 1278 1182 contessoris)
1299 1118 1362 1157 cnm
1372 1103 1429 1158 iari
1444 1121 1456 1158 s
1470 1103 1661 1160 conversionis
1673 1103 1751 1160 illius

93 1182 134 1231 ira
151 1173 228 1231 vires
246 1191 322 1242 suas,
359 1190 423 1232 omn
444 1191 543 1248 genere
566 1176 657 1233 elei-un
678 1186 705 1233 er
720 1179 799 1251 lunge
816 1181 897 1239 niues
950 1177 1177 1238 circuiristantiis,
1195 1174 1294 1228 triatrus
1306 1189 1356 1228 suo
1371 1174 1432 1230 loco
1452 1176 1612 1232 referendis.

92 1247 236 1313 educatus,
262 1246 399 1316 exercuit,
426 1246 473 1304 sed
488 1263 539 1304 nee
553 1264 581 1305 se
596 1249 625 1304 in
646 1249 836 1321 spiritualibus
851 1270 896 1311 ne·
986 1249 1083 1306 Belin.
1099 1252 1262 1308 «Mediolani
1277 1278 1285 1299 ·
1305 1254 1474 1326 (sicincipit)
1494 1255 1750 1313 «conversiosancli

93 1317 209 1389 plenis„
224 1317 290 1374 ilaec
298 1334 333 1374 er
339 1317 436 1374 Adone
445 1326 565 1391 accepta,
575 1321 657 1392 paulo
666 1321 764 1392 insius,
773 1322 895 1394 ejusdem
950 1320 1132 1392 Augustini·
1149 1328 1214 1380 etc.‘
1228 1330 1258 1380 ut
1272 1340 1394 1397 supraex
1411 1327 1578 1383 Fausianam.
1591 1328 1685 1383 Altera
1695 1327 1750 1385 edi·

92 1404 175 1460 prope
187 1387 896 1478 Adonisverbis,ahhieaaceusideduciintur,quae
950 1391 990 1471 1ξο
1005 1394 1136 1464 itraefigitt
1165 1396 1220 1450 ¹1¹1
1245 1405 1338 1453 monte
1361 1396 1473 1466 t'iliveti,
1491 1398 1622 1455 A³⁰0¹t850
1643 1397 1748 1455 domini

93 1460 191 1539 purius
205 1476 240 1516 ex
255 1460 317 1531 ipso
326 1459 404 1516 tonte
419 1460 524 1517 hauriri
539 1471 664 1534 possunt.
676 1463 896 1524 Cateraccdices
948 1463 1039 1518 Nostri
1050 1465 1112 1519 lesu
1123 1463 1249 1522 Christi.»
1264 1466 1403 1523 Nonnulla
1413 1469 1540 1537 interita,
1552 1471 1750 1546 utplerumque

94 1531 137 1587 illi
159 1532 224 1603 pari
237 1539 313 1593 sant,
339 1532 396 1588 nisi
409 1532 482 1606 quod
502 1532 590 1606 aliqui
613 1550 662 1607 pro
676 1536 761 1590 Niceti
774 1537 896 1595 scribant
949 1535 1021 1589 male
1036 1535 1186 1605 impressus
1199 1543 1250 1603 est,
1267 1537 1430 1607 corrigenda
1445 1547 1520 1596 suni.

98 1602 228 1669 Vincenti,
242 1603 344 1676 aliique
353 1604 402 1686 'int
415 1603 517 1676 passim
533 1606 699 1688 recentiores
713 1607 758 1663 isti
775 1608 893 1690 codices,
984 1612 1124 1669 Gnarum:
1134 1638 1142 1661 ·
1152 1615 1283 1670 Ascensio
1292 1615 1414 1671 Domini.
1425 1616 1507 1688 Apud
1519 1619 1662 1677 Leucatam
1673 1621 1749 1703 oppi-

97 1673 198 1743 solent)
212 1674 311 1731 menda
324 1674 417 1747 alique
431 1674 550 1732 babeant
565 1692 680 1732 minoris
695 1690 839 1735 momenti.
910 1665 934 1726 Β
949 1682 1013 1739 dum
1023 1684 1134 1753 Siciliae,
1143 1684 1212 1740 beati
1227 1686 1324 1755 Angeli
1336 1685 1565 1761 delerosolymis,
1582 1690 1748 1749 Carmelitai.

128 1754 287 1811 Carrucam
299 1771 305 1809 :
324 1778 334 1802 «
347 1756 378 1811 ln
389 1755 502 1812 civitate
513 1757 619 1824 drelas,
630 1758 718 1814 sancti
729 1758 827 1815 Hilarii
839 1759 893 1833 epi·
948 1755 1001 1822 Qui
1016 1771 1078 1810 cuin
1087 1755 1479 1830 praeilioandocircumquaque
1489 1760 1656 1829 discurrens,
1666 1763 1748 1820 innu-

94 1826 168 1898 scopi
184 1833 211 1881 et
233 1827 411 1895 confessoris,
429 1844 473 1883 ma
492 1828 532 1896 ni,
558 1829 632 1886 docti
647 1837 675 1886 et
689 1831 893 1902 praeclarissimi
949 1842 1037 1881 meras
1061 1825 1171 1883 Christo
1197 1827 1377 1883 lucrifecisset
1391 1829 1508 1898 animas,
1526 1848 1574 1902 pro
1589 1832 1653 1889 lidei
1669 1833 1744 1890 veri·

93 1897 160 1952 riri.
176 1897 361 1967 Autisiodcri,
377 1899 465 1955 sancti
475 1845 618 1955 {cumiani
631 1900 777 1958 lectoriset
793 1910 894 1976 marty·
950 1905 1014 1979 tate,
1030 1905 1058 1979 et
1068 1897 1208 1968 pudicitie
1222 1898 1340 1980 tuitione
1350 1900 1543 1980 quartur-iratus
1556 1911 1606 1958 est.
1619 1905 1681 1975 lpso
1691 1904 1746 1974 die,

93 1969 141 2025 ria.
157 1969 255 2027 Castro
267 1971 374 2040 Duaco,
397 1971 484 2027 saneti
497 1971 635 2027 blauronli
651 1972 767 2039 abbatis,
780 1975 834 2029 viri
850 1990 893 2046 ge·
949 1985 978 2025 m
990 1969 1127 2042 plerisque
1141 1971 1264 2026 ecclesiis
1289 1971 1411 2028 ollicium
1426 1980 1553 2030 servatur
1566 1974 1600 2029 de
1613 1974 1687 2032 buno
1702 1977 1749 2031 la·

95 2056 158 2096 nere
174 2047 202 2096 et
217 2040 364 2097 sanctitate
386 2040 554 2114 spectabilis,
590 2043 619 2097 ui
635 2044 660 2098 le
680 2043 736 2099 itur
752 2045 780 2099 in
805 2045 893 2118 bapti·
948 2047 1037 2108 trone,
1056 2039 1179 2112 quicum
1192 2040 1477 2113 Christocrucihaus,
1493 2045 1628 2118 cumipse
1642 2045 1749 2119 paradi·

93 2119 189 2179 sinite,
212 2112 380 2168 sanctissimi
409 2113 532 2170 llicharii
555 2059 640 2170 lidius.
661 2060 788 2183 Nicone,
805 2117 893 2174 sancti
947 2111 1161 2194 suerintravit.3
1178 2112 1471 2196 yioeersicrmissqs.
1493 2117 1747 2175 ·ltemsanctorum

93 2183 221 2240 Nicetiie
242 2184 328 2256 iscopi
338 2191 367 2240 et
382 2184 557 2241 confessoris.
574 2211 583 2234 s
604 2187 763 2259 Sequuntur
778 2188 894 2262 Euthy-
948 2182 1083 2254 Gregorii,
1097 2184 1224 2240 Primii.»
1240 2185 1339 2241 Melius
1349 2186 1472 2242 indetis.
1493 2187 1658 2259 «Triphonis
1669 2189 1746 2261 pueri

94 2200 489 2323 minsetffbessalonicenses,
505 2256 534 2311 in
567 2257 813 2330 uihuspurusest.
948 2254 1280 2336 etmartyris,sec·undum
1290 2257 1740 2333 vincentiumlibroxii,cap.l7.»
1788 2253 1794 2266 '

129 2325 369 2384 Bnuraiiariinci
391 2326 426 2383 it:
441 2272 893 2401 «dpudferosolymamdnmonte
947 2325 1019 2383 Vide
1034 2327 1243 2407 Praetermissos.
1266 2328 1422 2396 «britonis,
1438 2345 1452 2384 e
1474 2329 1559 2409 iscopi
1570 2331 1747 2390 Treverensis

94 2395 210 2477 Oliyeti,
228 2397 356 2455 dsaensio
370 2344 494 2456 Bomini.
508 2423 524 2448 »-
539 2400 570 2457 ln
581 2400 893 2473 Euthymioet'l'bessa·
947 2404 975 2452 et
987 2397 1161 2478 conlcsmris.
1179 2399 1297 2480 Nectarii
1312 2400 1434 2481 episcopi
1451 2347 1617 2482 biennensis
1631 2411 1658 2459 et
1682 2418 1746 2461 con·

94 2467 292 2536 lerinensibus,
308 2478 391 2527 recia,
407 2472 447 2528 Dc
463 2470 581 2539 Hilario,
597 2481 659 2544 pusi
680 2474 885 2531 monfensnrin.
947 2467 1067 2550 sessoris:
1083 2469 1221 2550 Nauronh
1241 2485 1372 2594 episcopi.
1390 2470 1541 2527 Conversio
1560 2473 1631 2529 beati
1654 2475 1747 2546 dugu-

94 2539 251 2596 subnectit:
273 2541 404 2600 «Nobilis
418 2549 445 2599 el
463 2542 668 2614 praeclarissimi
680 2544 745 2600 viri.
760 2544 813 2611 Qui
829 2562 893 2617 pau·
947 2548 1014 2596 stini
1026 2555 1157 2610 episcopi,
1178 2556 1250 2612 quan
1271 2557 1288 2596 o
1302 2541 1336 2596 ad
1359 2542 1570 2612 praedicationes
1592 2543 1665 2601 beati
1681 2550 1746 2602 Ain·

130 2611 214 2667 itatis
228 2619 345 2679 amator,
356 2628 385 2668 se
397 2612 424 2668 iii
436 2613 629 2686 spiritualibus
643 2631 699 2671 non
709 2616 842 2687 neglexit.
857 2617 893 2673 Et
947 2609 1033 2666 brosii
1048 2626 1063 2665 a
1076 2611 1291 2667 Nanichaeoruni
1314 2627 1416 2679 errore,
1432 2621 1494 2684 post
1518 2615 1618 2670 multas
1631 2615 1745 2672 fluctua-

94 2627 218 2749 ffienna
233 2682 319 2738 sancti
333 2683 447 2755 Nycaesii
461 2685 580 2757 episcopi
596 2685 717 2757 gloriosi.
734 2711 744 2736 ›
768 2689 806 2743 lie
818 2688 892 2744 Jovi-
948 2680 1038 2736 tiones
1051 2689 1202 2749 correctus,
1216 2698 1289 2737 anno
1299 2683 1431 2738 lioniini·
1453 2699 1601 2740 ccccxxvii
1621 2684 1701 2755 (adde
1714 2695 1747 2744 ut

93 2753 191 2818 niano,
214 2770 292 2825 pure.
312 2754 457 2835 Sequitur:
481 2757 536 2812 «Ei
551 2759 641 2813 natale
651 2758 737 2814 sancti
752 2758 894 2817 iuvenalis
948 2751 1096 2808 minimum
1111 2757 1237 2835 stillost)
1261 2778 1270 2801 ⁸
1285 2752 1373 2809 aetatis
1387 2770 1443 2811 ⁸11ae
1466 2770 1548 2826 supra
1563 2756 1744 2826 tricesimum,

93 2825 236 2895 martyris.
256 2849 265 2872 ι
289 2826 332 2880 An
348 2843 372 2882 is
394 2834 445 2894 ees,
498 2826 507 2882 i
523 2828 626 2883 entitur
637 2846 676 2885 vn
691 2829 778 2885 iiiiii
792 2831 893 2888 Mirum
948 2824 977 2879 in
992 2839 1113 2880 amorem
1129 2816 1233 2881 Christi
1245 2831 1318 2879 totus
1333 2825 1444 2882 exarisi.
1464 2824 1567 2881 Eodem
1583 2825 1638 2892 die,
1659 2826 1692 2883 de
1713 2844 1745 2884 0-

95 2903 133 2951 est
148 2912 203 2950 non
217 2897 307 2951 notari
319 2896 349 2952 in
362 2898 455 2954 nbula
489 2899 745 2956 intermissurum:
765 2923 774 2947 ι
789 2901 893 2958 Endern
947 2894 1013 2950 sitio
1037 2894 1125 2951 sancti
1149 2894 1305 2952 Godehardi
1320 2894 1440 2967 episcopi
1455 2905 1482 2952 et
1501 2896 1674 2953 confessoris.
1692 2843 1745 2966 fini

95 2966 149 3034 die,
172 2968 319 3023 translatio
342 2969 466 3050 corporis
488 2969 576 3026 sancti
594 2971 721 3027 Audoeni
745 2973 893 3030 llothoms-
947 2982 1011 3022 tum
1026 2975 1102 3048 .⁶⁸⁸⁰.¹
1121 2965 1205 3022 abhas
1229 2967 1379 3048 multorum
1396 2967 1605 3048 monachorum,
1621 2985 1636 3024 a
1651 2977 1745 3026 sanom

97 3038 184 3110 gensis
202 3038 407 3112 archiepiscopi
427 3049 454 3098 et
474 3041 675 3098 centenarias
696 3042 805 3101 Colitur
823 3062 893 3102 xxiii
909 3016 931 3077 C
948 3038 1067 3094 Hierico
1082 3047 1246 3120 imperarem
1260 3038 1292 3094 ad
1308 3048 1494 3166 episcopatum
1511 3039 1745 3122 Hildesheymen·

96 3112 140 3166 du
173 3111 218 3167 sti.
947 3125 1003 3165 sem
1015 3117 1139 3178 vocatus,
1153 3109 1315 3167 divinitusa
1338 3119 1617 3183 monitnsacquicvit,
1632 3111 1743 3185 imposi-

171 3198 310 3239 asiiorsri.
326 3181 426 3255 incipit
438 3182 473 3240 ab
481 3184 604 3241 Antonia
613 3184 758 3254 iisverbis,
772 3203 832 3260 quai
847 3186 893 3244 die
947 3189 1060 3253 tumque
1071 3180 1237 3253 pontificalis
1247 3182 1389 3253 dignitatis
1399 3181 1519 3240 odicium
1531 3184 1744 3255 strenueguber·

96 3253 892 3337 precedentiretulimus.SequunturEuthymiuset'lhes·
946 3267 1025 3320 nane,
1041 3270 1103 3310 cum
1118 3254 1146 3308 in
1158 3262 1237 3311 nocte
1252 3254 1429 3335 diocesianis
1439 3263 1598 3334 caneretur
1609 3255 1744 3335 :dicendo

94 3324 285 3393 salonicensei,
303 3342 381 3398 pura.
397 3327 428 3382 ln
443 3327 549 3384 Hilario
570 3327 626 3384 lere
641 3328 741 3383 siniilis
754 3339 795 3385 esi
808 3329 889 3387 codd.
945 3324 982 3380 cd
995 3326 1102 3380 Patrem
1116 3338 1210 3392 ciem,
1231 3331 1325 3380 eneis
1340 3326 1417 3381 illius
1438 3340 1530 3381 anion
1545 3326 1649 3404 arietis
1662 3341 1743 3404 esso-

94 3396 189 3452 medie
213 3405 295 3453 unse.
319 3397 408 3453 Turn:
431 3398 558 3455 eundern
574 3397 629 3468 die,
646 3400 733 3455 nancti
748 3400 890 3458 (icdhnrdi
946 3395 1027 3464 ciata,
1042 3396 1126 3451 coelos
1139 3395 1272 3451 ascendit.
1289 3395 1408 3450 llireniae
1424 3395 1551 3474 virginis,
1562 3394 1626 3473 silias
1642 3394 1743 3473 bromii

93 3469 214 3540 episcopi
233 3478 261 3524 et
273 3469 449 3537 conlesmris,
464 3469 791 3539 llildesheneiu,‚,1iee0
806 3473 889 3529 etiarn
947 3465 1130 3535 imperatoris.
1147 3491 1157 3515 ι
1177 3466 1272 3521 Potius
1286 3464 1424 3520 diceretur
1437 3464 1496 3520 lilia
1510 3465 1596 3536 reguli
1612 3465 1742 3545 alicuius,

91 3546 184 3594 actum
199 3549 240 3596 est
254 3539 298 3596 die
312 3541 488 3612 praecedenti.
500 3542 691 3616 licliquaeduae
701 3544 890 3601 annunciarin.
946 3536 994 3609 qui
1008 3537 1079 3592 torte
1100 3561 1109 3583 .
1124 3536 1270 3593 Licinius·
1290 3546 1404 3592 vocatus
1417 3536 1463 3592 sit.
1488 3537 1523 3593 Ut
1537 3544 1568 3591 ut
1581 3543 1632 3604 est,
1652 3551 1742 3618 primo

92 3626 142 3666 nes
158 3626 234 3682 pura
247 3620 324 3667 sunt.
946 3608 1007 3664 loco
1023 3608 1051 3664 in
1066 3608 1143 3665 Actis
1158 3608 1280 3680 ponitur.
1303 3608 1395 3664 «lieni
1406 3616 1506 3664 sanctia
1519 3607 1673 3664 Waldradai
1687 3623 1741 3664 vir·

125 3683 289 3743 Ancriiisca.
300 3683 331 3739 iii
342 3681 414 3739 line:
437 3682 537 3755 «Apud
546 3685 681 3753 nuscum,
692 3685 891 3746 netelinneneri
945 3680 1030 3807 pinis.
1047 3678 1165 3739 Ciuitate
1182 3680 1404 3762 Rothomagensi,
1420 3679 1564 3736 translatio
1579 3679 1666 3762 sancti
1678 3679 1742 3735 Au-

89 3752 230 3809 llanronti
240 3752 344 3811 abbatis
359 3762 386 3810 et
403 3753 507 3811 levitae.
523 3780 533 3805 .
964 3751 1039 3818 oeni,
1053 3750 1176 3822 ejusdem
1191 3751 1268 3808 urbis
1286 3752 1408 3824 episcopi
1431 3759 1458 3807 ct
1473 3751 1647 3808 contessoris.
1672 3751 1741 3808 ltem

125 3824 551 3884 fflrareCmrusUcrnauou:
568 3826 891 3902 ‹Audceuicpiscnpiiin-
945 3822 1032 3879 sancti
1048 3823 1175 3880 dvertiiii
1189 3822 1299 3880 diaconi
1314 3831 1341 3879 et
1364 3823 1538 3879 confessoris.
1564 3823 1655 3879 Beatae
1678 3837 1741 3877 me·

89 3893 293 3966 thomagensis.
305 3897 459 3955 Waldradai
472 3898 600 3970 virginis.
616 3899 705 3957 Niceti
727 3901 850 3974 episcopi
864 3910 891 3958 et
946 3894 1050 3961 morie,
1063 3895 1202 3951 Brunonis
1209 3895 1304 4022 pueri,
1316 3893 1361 3952 cui
1370 3892 1680 3976 sanctusGodehardns.
1692 3893 1740 3965 qui

86 3965 271 4022 welessoria.
287 3967 380 4024 llilaiii
393 3970 516 4042 episcopi
532 3971 711 4027 Arelatensis.
728 3995 738 4018 ι
945 3981 1008 4021 eum
1023 3975 1208 4039 susceptume
1229 3966 1337 4033 ucabat,
1352 3983 1388 4022 sa
1408 3982 1452 4021 ins
1461 3963 1740 4046 predixiuquodse

123 4037 302 4096 Causanisn.
321 4049 420 4097 unctas
444 4041 536 4098 Nariae
552 4041 708 4100 conveni:
733 4043 820 4115 «lpsn
833 4043 888 4114 die,
944 4053 1006 4093 cuin
1022 4037 1135 4093 essetad
1147 4038 1260 4111 patriam
1272 4040 1370 4094 iturus.
1383 3983 1506 4109 Eumque
1520 4037 1548 4092 in
1564 4036 1739 4117 obitnsasicti

88 4108 159 4166 besti
172 4110 318 4167 Fortunati
333 4111 454 4185 episcopi
464 4112 672 4170 etconiessoris.
688 4139 697 4163 a
716 4116 754 4171 [ie
773 4131 828 4188 qun
846 4132 890 4172 nu·
944 4124 1082 4180 canipanae
1096 4111 1279 4191 pulsarentur,
1293 4125 1360 4192 puer
1369 4109 1516 4167 clamavit:
1534 4109 1596 4190 isere
1609 4108 1740 4189 Dementia

88 4197 146 4251 nra.
171 4182 383 4252 -aniisiodorn
395 4185 610 4242 curculionem
623 4186 788 4257 martyris..
807 4187 889 4243 untia
944 4196 1026 4261 mein,
1040 4181 1132 4235 cetum
1154 4182 1266 4248 sec-neri,
1296 4197 1442 4263 inmemor
1466 4194 1737 4260 promeruisses,

90 4252 161 4324 apud
177 4253 248 4310 alios
263 4253 372 4311 haedis
386 4255 420 4312 da
435 4271 468 4311 eo
483 4256 592 4324 notitia,
605 4273 640 4313 nc
654 4257 764 4329 quidem
777 4257 806 4313 in
818 4259 889 4314 Prae-
943 4266 1081 4332 simuique
1095 4267 1187 4319 orans,
1204 4268 1239 4309 ne
1253 4269 1282 4308 se
1296 4252 1403 4308 diutius
1416 4268 1445 4307 m
1460 4267 1542 4308 carne
1558 4252 1737 4330 relinqueret,

92 4325 222 4380 termene
236 4326 353 4383 nostrie,
364 4326 473 4385 Colitur
480 4327 520 4383 ibi
537 4329 697 4384 «Ronanus
707 4329 810 4384 nuhaa·
827 4346 889 4386 xxii
943 4322 1069 4377 exaudiri
1089 4324 1199 4379 meruit.
1219 4348 1228 4370 ·
1259 4323 1378 4390 Colitur,
1403 4323 1446 4378 vel
1471 4324 1567 4380 saltem
1588 4338 1649 4394 epus
1670 4321 1740 4377 dcta

94 4393 166 4449 ilaii.
186 4420 196 4443 ι
212 4397 354 4454 ancienne
365 4397 519 4471 episcopus,
537 4424 546 4448 »
585 4399 615 4456 ui
629 4409 656 4455 et
678 4424 687 4449 ι
700 4408 807 4473 martyr
822 4426 831 4449 »
852 4401 887 4457 ab
903 4375 927 4436 D
942 4393 1078 4449 illustrata
1092 4403 1157 4451 sunt
1171 4411 1233 4451 oum
1249 4395 1326 4451 dotis
1340 4394 1428 4451 sancti
1446 4393 1602 4451 Godehardi
1621 4410 1650 4449 iv
1661 4391 1737 4449 hlaii.

93 4464 185 4538 aliquo
206 4466 318 4537 dicitur,
342 4485 373 4527 vi
402 4469 544 4527 Octobris.
603 4477 680 4527 occat
709 4487 760 4527 nos
786 4471 887 4545 aliquia
976 4474 1131 4530 blotande
1145 4473 1304 4542 toriniano,
1320 4473 1481 4531 siosubdit:
1502 4470 1738 4540 «Quicunibeato

93 4551 233 4607 qnsmimm
246 4539 368 4596 duorum
384 4539 431 4597 hic
439 4541 631 4615 consignatum
647 4541 725 4597 velit.
942 4544 1087 4614 Peregrino
1101 4545 1229 4614 episcopo
1245 4553 1271 4600 et
1286 4553 1416 4613 martyre,
1433 4543 1549 4614 imperio
1563 4541 1634 4597 Sinti
1647 4542 1736 4612 Papa,

125 4608 190 4665 nir..
214 4610 297 4668 Suro.
321 4611 447 4684 signatus
472 4629 549 4670 num.
577 4612 647 4670 428:
672 4611 884 4686 «dpudCellas,
939 4613 1149 4670 dutisiodorum
1165 4613 1290 4682 veniens,
1306 4629 1369 4669 cum
1384 4622 1454 4669 essei
1470 4613 1737 4684 virperoiiiniaelo·

95 4681 173 4735 socii
188 4682 334 4738 Fortunati
349 4683 471 4757 episcopi
490 4693 517 4741 et
530 4685 705 4741 confessoris.
726 4709 736 4732 ι
938 4701 1035 4759 quens,
1052 4693 1079 4741 et
1094 4685 1122 4740 in
1133 4685 1237 4740 (livinis
1252 4684 1402 4756 scripturis
1412 4685 1517 4758 egregie
1528 4682 1737 4752 ernilitns,dum

125 4750 376 4826 bisaciarumepro
396 4755 564 4824 «loriniani,
580 4781 590 4805 ι
607 4757 724 4813 scribit·
741 4756 879 4813 viviani.»
938 4757 1182 4830 superstitionibus
1196 4772 1363 4828 paganorum
1386 4756 1494 4812 fortiter
1513 4757 1660 4826 resisteret,
1679 4764 1737 4812 ten·

127 4822 266 4880 demnis:
291 4847 300 4872 ι
316 4826 347 4881 lii
362 4826 506 4882 Britannia
521 4828 633 4895 minori,
654 4829 741 4885 sancti
759 4828 884 4886 Bnddoci
938 4836 984 4886 tus
997 4836 1048 4897 est,
1064 4829 1190 4901 atquem
1206 4828 1309 4887 Christi
1326 4829 1450 4900 passione
1466 4829 1627 4900 perdurans,
1643 4827 1677 4882 ali
1694 4828 1734 4882 eis

100 4892 241 4974 episeopiei
254 4896 430 4954 confessoris.
446 4922 456 4947 i
474 4898 612 4955 llactenns
624 4899 693 4955 milii
709 4899 818 4971 ignotus
832 4908 882 4968 est;
938 4899 1120 4972 interemptus
1133 4908 1183 4956 est.
1200 4900 1337 4972 Scriptum
1354 4909 1394 4956 est
1410 4900 1439 4956 in
1455 4900 1582 4972 passione
1591 4899 1678 4977 sancti
1687 4897 1735 4951 Pc-

101 4976 142 5017 nisi
157 4965 200 5024 bic
213 4966 354 5024 indicetur
370 4969 405 5037 is,
421 4969 493 5043 quia
507 4969 662 5027 Castellano
677 4980 791 5028 vocatur
808 4996 817 5019 ι
831 4972 883 5029 Bu·
937 4971 1050 5042 regrini.
1076 4971 1178 5028 Eodem
1198 4971 1252 5029 die.
1276 4971 1363 5029 sancti
1387 4972 1514 5029 dvertini
1529 4971 1693 5028 confessoris
1707 4972 1735 5047 et

101 5029 170 5090 doum
183 5039 374 5107 venetensis·
396 5040 431 5096 ab
452 5041 512 5111 ipso
527 5048 639 5098 notatus
663 5058 692 5098 ix
712 5043 882 5099 Decembris.
937 5041 1057 5100 diaconi.
1075 5044 1106 5101 ln
1122 5051 1215 5100 monte
1229 5043 1344 5112 Oliveti,
1360 5045 1492 5100 Ascensio
1507 5039 1618 5099 Domini
1640 5039 1733 5094 Nostri

128 5105 305 5166 incisurus:
325 5111 624 5184 «fdpudblediolannm,
636 5114 796 5170 conversio·
815 5115 884 5185 (lla-
936 5115 1000 5170 iesu
1008 5114 1112 5172 Christi
1122 5114 1157 5170 ad
1166 5115 1447 5183 coelos.hlcdiolani,·
1465 5122 1516 5171 etc.
1526 5119 1557 5167 ut
1565 5112 1733 5190 Niousmiu.

99 5190 143 5231 iiic.
157 5181 236 5250 male,
261 5190 313 5238 «et
326 5183 580 5310 translatiopsancti
595 5185 744 5256 Augustini
760 5186 882 5258 episcopi
936 5202 1023 5259 usqne
1037 5185 1071 5241 ad
1093 5212 1101 5232 ·
1121 5185 1262 5268 baptizati.
1279 5211 1287 5232 ·
1310 5189 1349 5244 De
1360 5188 1519 5262 Fortunato,
1539 5189 1621 5236 etiam
1636 5190 1667 5238 ut
1681 5198 1734 5263 su-

98 5253 118 5324 tt
140 5251 313 5322 malessoris,
340 5252 393 5310 sub
416 5255 467 5310 Am
490 5257 563 5311 rosio
586 5263 680 5312 san-:to
704 5265 731 5313 et
753 5257 883 5330 episcopo
936 5273 994 5329 pra.
1016 5257 1189 5326 «insidiis,
1206 5259 1296 5314 natale
1319 5256 1406 5313 saneti
1422 5254 1521 5325 Angeli
1536 5252 1688 5325 presbyteri
1707 5260 1734 5309 et

96 5320 203 5387 eiusdem
212 5323 348 5392 civitatis,
361 5333 389 5381 et
398 5324 433 5382 ab
442 5326 538 5382 eodem
549 5325 691 5398 baptisati,
704 5327 813 5399 nigrum
826 5345 882 5385 mo·
936 5329 1076 5401 martyris,
1088 5329 1135 5403 qui
1148 5329 1233 5386 demo
1243 5338 1281 5386 ite
1294 5325 1413 5388 Carmeli
1424 5324 1630 5396 predicationis
1640 5340 1732 5392 caum,

95 5390 280 5468 mobilemque
289 5395 528 5465 habiturninduti,
542 5405 573 5453 ut
580 5397 652 5454 idem
668 5398 833 5455 Ambrosius
842 5400 882 5456 ait
936 5399 1033 5457 divino
1044 5398 1124 5472 iussu
1138 5401 1263 5467 veniens,
1287 5414 1349 5455 cum
1365 5396 1467 5477 multos
1483 5395 1530 5478 ad·
1540 5397 1731 5478 penitentiam

93 5475 115 5515 tn
127 5479 250 5523 sermons
264 5466 301 5523 tle
314 5467 452 5540 baptismo
465 5469 497 5526 lt.
512 5468 693 5542 Augustini.»
715 5469 779 5527 llas
788 5471 881 5528 remit·
935 5472 1125 5542 convertisset,
1135 5471 1321 5547 aqiiibusdam
1333 5469 1427 5549 impiis
1437 5467 1573 5525 haereticis
1579 5469 1733 5526 trucidatus

91 5535 163 5591 huila
176 5538 287 5595 suntad
302 5538 377 5596 diem
393 5556 485 5596 xxviii
500 5543 544 5597 An
563 5541 628 5598 usti.
935 5552 984 5599 est.
1001 5545 1062 5615 lpso
1077 5544 1132 5613 die,
1147 5542 1282 5615 depositio
1297 5546 1384 5596 sancti
1396 5540 1535 5596 hlauronti
1546 5540 1663 5608 abbatis,
1678 5557 1732 5597 cir-

115 5606 419 5669 Eoinobuazco-Coi.
428 5610 528 5683 incipit
537 5557 571 5668 αἱ
581 5611 694 5680 hilario,
708 5619 796 5669 lotum
807 5612 880 5671 hdo·
931 5613 978 5696 jus
992 5616 1139 5687 suffragiis,
1154 5615 1177 5671 si
1192 5613 1226 5670 ad
1240 5611 1465 5694 sepulcrumeJus
1475 5612 1580 5669 luerint
1589 5611 1672 5668 delati
1685 5628 1730 5668 va·

87 5675 260 5762 nerianum
283 5682 450 5765 prodamus.
471 5683 621 5765 ¹Sequitur:
655 5684 792 5767 ‘.E⁰d⁰.¹¹¹
819 5685 877 5767 ilie,
935 5687 983 5768 riis
996 5686 1173 5775 languoribus
1183 5691 1288 5756 egroti,
1300 5693 1512 5757 vererecipiunt
1523 5683 1729 5757 pramiasospi-

86 5759 163 5809 iineti
187 5752 331 5813 Godbardi
356 5770 477 5830 episcopi
499 5763 527 5814 et
542 5754 717 5815 contessoris.
731 5757 783 5815 Hic
796 5773 878 5832 prius
933 5765 1007 5816 tatis.
1033 5760 1084 5817 Cui
1107 5771 1183 5814 sacer
1201 5756 1301 5829 presul
1325 5759 1450 5827 rimatus,
1470 5773 1504 5814 eo
1529 5763 1652 5830 tempore
1675 5770 1731 5832 qno
