3834 6136
134 189 189 245 dett

628 180 830 241 lllh'CbiAllUS
850 182 896 240 LA
914 182 1091 242 'DUNENSIS
1111 184 1308 245 EPISCOPUS.

1739 184 1791 240 titt

134 337 251 395 enimin
268 346 354 395 semet
368 335 495 404 recurrit,
512 350 568 391 nou
580 334 684 392 babens
705 335 863 408 angularem
878 337 935 394 exi·
953 341 978 402 Α
993 335 1134 410 propheta,
1150 337 1285 395 confitens
1309 335 1396 395 dicit:
1411 333 1521 391 Perseai
1538 332 1677 399 homino,
1697 333 1790 392 audire

135 437 204 485 tum.
229 429 267 484 De
282 427 335 484 hoc
355 426 460 484 circulo
481 426 618 482 Dominus
638 432 735 481 contra
762 424 870 499 Syriam
884 425 936 483 sub

135 525 202 590 typo
216 515 337 573 diaboli:
366 516 478 581 Ponam,
508 512 609 586 inquit,
624 512 752 568 circulum
773 513 801 567 in
824 513 935 569 secribus

136 607 198 675 tuis,
211 614 235 663 ct
248 606 353 677 srenrrm
368 606 396 660 in
410 604 532 660 maxillis
554 603 606 658 tuis
622 604 650 673 (l
655 603 676 660 V
688 604 748 674 llcp.
771 619 840 659 ιιι.
856 602 935 670 Quod

135 703 225 753 autem
250 694 293 750 bis
309 693 379 748 idem
396 693 517 750 circulus
532 700 583 760 cst,
602 690 738 763 geminam
758 692 936 764 portendebat

136 784 222 857 impio
237 783 297 839 heri
312 782 458 848 ultionem,
474 789 504 838 ut
514 781 706 853 scriptumest,
723 781 934 854 anlicirontri-

135 879 205 934 tione
214 883 316 933 matare
329 877 441 948 reddar.
458 880 550 948 xvrt):
568 873 722 947 anteposita
735 882 763 930 et
785 873 935 946 postposita

136 968 234 1026 circuli
250 967 347 1040 ligura,
366 975 392 1024 ot
407 965 534 1039 praesenti
560 963 694 1038 signabat,
711 971 737 1020 et
760 971 820 1036 post
843 963 935 1019 lutura

991 426 1110 483 meruit:
1129 426 1258 483 Dominus
1272 423 1410 482 transtulit
1422 427 1556 496 peccatam
1572 426 1660 491 murra,
1677 438 1790 480 nonme

991 517 1071 574 cieris
1086 516 1131 588 (ll
1143 517 1204 588 liep.
1220 532 1271 584 arr,
1285 514 1341 586 13).
1354 514 1388 569 Et
1403 521 1493 570 tamen
1508 517 1577 585 quot
1593 509 1791 572 afflictionibus

991 618 1102 685 propter
1116 620 1256 684 peccatum
1271 609 1415 666 dimissum
1440 607 1554 666 affectus
1575 606 1624 675 sit,
1644 608 1733 665 lector
1746 608 1791 667 bi-

990 702 1083 760 storiae
1104 702 1163 775 ejus
1186 718 1330 775 agnoscere
1345 699 1445 775 quibit.
1460 700 1562 756 Paulus
1573 715 1624 756 vas
1650 697 1791 761 electionis

992 794 1062 865 (Act.
1079 794 1121 865 ιι)
1136 788 1477 866 plusomnibuslaboravit
1488 791 1514 859 (l
1527 789 1591 846 Cor.
1603 791 1678 860 xrl3
1694 790 1792 863 etquis

990 884 1044 942 fuit
1071 883 1257 956 blasphemus,
1288 888 1319 937 ιιι
1347 880 1404 953 ipse
1432 879 1552 946 latetur,
1578 885 1607 935 et
1638 887 1792 951 perseeutor
1824 872 1829 878 ’

991 976 1001 1047 l
1006 977 1019 1033 l
1033 976 1101 1033 Tim.
1116 975 1149 1044 r),
1163 973 1293 1046 stigmata
1303 986 1332 1027 se
1347 968 1451 1028 Christi
1472 967 1542 1025 dicit
1557 967 1586 1023 iu
1613 983 1731 1041 corpore
1745 986 1791 1027 suo

136 1058 310 1134 plectendum
323 1058 472 1131 malignum
483 1056 580 1114 divina
590 1055 735 1112 sententia.
746 1054 852 1111 atvero
863 1071 934 1110 uirus
989 1063 1166 1121 circumferre
1181 1063 1257 1131 (Gal,
1274 1061 1328 1129 m),
1342 1066 1422 1117 notas
1448 1056 1579 1117 videlicet
1607 1055 1732 1115 inflictas
1746 1074 1790 1131 per

136 1149 259 1208 detersus
271 1150 392 1207 circulus
406 1147 538 1205 innuebat
553 1147 680 1206 eumdem
696 1154 821 1203 sanctum
841 1145 933 1202 virum
989 1151 1205 1209 satisfactionem
1221 1150 1285 1205 vite
1301 1147 1458 1222 praeterite.
1475 1147 1580 1203 Horum
1601 1162 1670 1219 ergo
1693 1152 1722 1202 et
1743 1163 1790 1206 uos
1817 1166 1819 1171 ¹

136 1239 264 1314 precibus
274 1239 331 1296 suis
341 1239 504 1307 obtinuisse,
521 1254 555 1295 ne
570 1246 728 1310 persecutor
745 1253 811 1294 auus
825 1233 935 1293 eternis
989 1241 1217 1306 reminis-carnum
1230 1248 1257 1295 et
1271 1238 1294 1295 si
1307 1237 1387 1295 nobis
1399 1237 1442 1308 (ut
1460 1235 1576 1307 scimus)
1596 1232 1788 1308 perjudicium

136 1336 291 1388 servaretur
305 1327 485 1397 cruciatibus,
500 1326 652 1384 secundum
667 1334 831 1399 preceptum
842 1324 933 1381 Salva·
988 1331 1161 1391 sacerdotum
1178 1329 1317 1386 donantur
1327 1326 1484 1403 peccamina
1497 1332 1612 1384 actuum
1624 1333 1787 1393 nostrorum,

137 1421 204 1479 toris
227 1427 254 1477 et
273 1420 443 1494 exemplum,
467 1434 521 1492 quo
538 1416 712 1490 praecipimur
735 1413 869 1472 orandum
885 1429 934 1486 pro
988 1438 1162 1499 nequaquam
1177 1428 1268 1477 umen
1285 1419 1365 1477 nobis
1385 1417 1460 1492 parci
1474 1425 1617 1492 putemus,
1632 1416 1722 1476 donec
1737 1419 1788 1478 lieo

136 1507 356 1583 persecutoribus
380 1507 491 1569 nostris.
507 1508 583 1564 Alter
606 1514 696 1563 auum
721 1519 883 1579 permanens
907 1509 934 1558 et
988 1521 1020 1571 ut
1034 1513 1148 1585 dignum
1162 1518 1213 1581 est,
1229 1519 1256 1567 er
1269 1508 1430 1565 hominibus
1443 1524 1513 1582 quos
1528 1507 1666 1577 taestmug
1680 1508 1788 1566 μαψ.

136 1595 281 1654 hominum
292 1596 401 1670 jndicio
413 1596 557 1665 delendus,
574 1594 678 1653 indicat
692 1593 756 1667 quia
771 1591 870 1660 sancti,
881 1591 932 1648 etsi

988 1604 1102 1670 ciamus,
1118 1601 1236 1659 scientes
1249 1598 1345 1673 quanti
1361 1601 1433 1656 Deus
1449 1597 1550 1655 habeat
1562 1614 1664 1656 aereos
1676 1597 1789 1668 suos‚da

135 1687 315 1760 impetrante
329 1687 386 1743 Deo
400 1686 523 1743 loturam
539 1685 691 1742 vindictam
713 1691 770 1739 tam
793 1681 931 1755 propriam
947 1712 970 1771 Β
988 1690 1190 1769 quibugdicj12
1208 1690 1259 1758 0212·
1275 1689 1358 1761 mepte
1380 1705 1436 1759 00³,
1451 1688 1530 1760 quast
1542 1689 1592 1762 qut
1609 1688 1697 1762 mepte
1707 1689 1789 1763 mit

135 1777 179 1832 vel
195 1775 373 1832 inimicorum
386 1773 515 1841 relaxari,
535 1790 570 1830 ne
582 1773 689 1830 scilicet
709 1771 819 1828 eternis
833 1770 932 1826 iucen-

135 1865 189 1922 diis
203 1863 401 1939 deposcantur;
417 1871 577 1921 nontamen
595 1862 635 1918 eis
649 1861 762 1934 impune
777 1859 872 1918 cedere
887 1875 933 1914 ro·

135 1953 197 2009 lunt
211 1968 271 2025 quae
285 1952 329 2009 vel
345 1952 373 2008 iu
389 1953 486 2020 Deum,
503 1952 546 2007 vel
567 1951 596 2006 iu
617 1951 758 2023 proximos
771 1946 933 2006 commisere

103 2066 109 2076 ·
135 2041 249 2112 llagitia,
262 2039 309 2097 sed
323 2049 430 2112 oportet
443 2048 471 2097 et
482 2040 517 2096 ab
531 2041 571 2096 eis
584 2040 699 2112 implere
713 2036 787 2111 quod
800 2036 839 2094 ait
853 2039 933 2111 Apo-

134 2126 237 2183 stolus:
263 2128 470 2199 Sinosmetipsos
488 2126 681 2197 judicaremus,
704 2144 757 2183 nors
781 2125 933 2198 aligariu-

135 2217 304 2274 dicaremur:
319 2217 381 2273 dum
390 2216 550 2286 judicamur
564 2222 661 2281 autem,
676 2234 694 2272 a
717 2216 831 2273 Domino
849 2215 932 2272 corri-

132 2308 235 2380 pimur,
248 2306 570 2363 rctnoncamhocmnndo
581 2307 738 2362 damnemur
757 2307 786 2377 (l
798 2305 860 2361 Cor.
877 2305 930 2376 ιιι).

989 1785 1043 1840 tarn
1053 1783 1123 1839 oculi
1138 1782 1188 1837 mci
1204 1781 1298 1852 (Zarin.
1317 1781 1360 1853 rr).
1372 1781 1431 1836 Imo
1444 1780 1618 1838 honorantes
1632 1795 1681 1838 eos
1693 1779 1723 1837 iu
1737 1782 1788 1855 qui·

987 1870 1038 1928 bus
1054 1870 1177 1928 babitare
1191 1871 1279 1927 Deum
1293 1886 1341 1944 per
1362 1869 1456 1939 iidem,
1481 1878 1638 1944 casuraque
1657 1868 1788 1927 bonorum

987 1978 1102 2035 operum
1116 1960 1249 2018 exercitia
1271 1961 1441 2029 noverimus,
1468 1959 1619 2017 audiamus
1633 1957 1670 2015 ab
1684 1975 1735 2016 eo:
1752 1958 1788 2018 l'e·

987 2051 1049 2118 nita,
1060 2049 1185 2107 benedicti
1198 2049 1291 2106 Patris
1305 2050 1357 2105 mci
1372 2051 1480 2122 (Μοιιιι.
1496 2049 1580 2121 xxv).
1598 2050 1635 2106 Et
1653 2055 1723 2107 tuuc
1734 2065 1787 2106 cur

987 2157 1019 2198 eo
1034 2140 1113 2197 Patre
1128 2138 1187 2212 ejus
1201 2146 1228 2195 et
1239 2139 1346 2213 Spiritu
1368 2149 1463 2198 sancto
1486 2155 1604 2212 regnare
1629 2153 1787 2206 mereamur,

986 2230 1046 2304 ipso
1061 2228 1223 2299 auxiliante,
1239 2229 1319 2303 cuijus
1335 2248 1449 2303 regnum
1467 2239 1495 2288 et
1505 2230 1662 2305 imperium
1672 2228 1788 2287 sinebar

987 2328 1128 2395 permanet
1142 2320 1172 2378 in
1185 2321 1285 2379 meula
1299 2321 1475 2379 seculorum.
1492 2324 1596 2378 Amen.

134 2399 207 2488 ilinc
220 2405 261 2456 est
276 2397 349 2472 quod
359 2396 449 2455 David
463 2412 590 2470 peccans,
609 2405 636 2453 et
649 2413 741 2455 coram
761 2412 789 2453 se
803 2402 933 2468 arguente

738 2717 822 2768 ΑΤΝΟ
843 2717 955 2768 DOMINI
974 2715 1186 2766 educturum.

605 2873 1306 3049 HINCMARUS
1351 2899 1357 2914 ’

728 3117 971 3178 LAUDUNENSIS
989 3116 1189 3176 EPISCOPUS.

528 3334 705 3412 NOTlTlh
742 3332 980 3411 Hist'trtttdn
1018 3334 1063 3407 ΙΝ
1099 3331 1381 3408 Hirtdttttttitt.

443 3470 498 3545 (Ex
515 3469 637 3545 ejusdem
649 3468 723 3538 Vita,
740 3485 823 3543 quam
838 3467 948 3541 scripsit
962 3466 1107 3536 Cellotius,
1121 3465 1314 3541 compendiose
1329 3465 1469 3538 collecta.)

850 3600 1062 3614 m

499 3700 554 3772 51.
943 3707 1016 3767 ccx
1040 3697 1170 3780 plurium
1183 3698 1306 3771 gentium
1331 3698 1442 3780 linguis,
1468 3707 1603 3781 utiquam
1629 3710 1778 3770 eeutossur,

210 3805 349 3866 Hinmnari
357 3805 478 3878 junioris
492 3807 620 3874 educatio,
636 3806 737 3876 studia,
750 3823 845 3862 meree.
981 3771 1779 3919 {mazeumyffinsspsgesnbfflfgffffimffam

166 3919 330 3976 liincmarus
336 3913 443 3988 junior,
460 3914 486 3968 in
505 3928 569 3982 agro
580 3910 748 3968 Bononiensi
763 3916 853 3977 natus,
864 3924 928 3965 ma·
981 3914 1019 3968 ott
1032 3914 1068 3968 od
1081 3913 1277 3969 eructationem
1304 3913 1395 3969 invito
1409 3913 1520 3986 quidem
1536 3918 1680 3974 avunculo
1694 3926 1721 3974 et
1732 3933 1779 3974 oo·

127 3998 170 4046 tre
201 3990 342 4045 ilinomari
369 3983 568 4055 archiepiscopi
605 3998 715 4052 sorore,
747 3991 822 4055 patre
848 3981 927 4037 nohis
981 3993 1099 4052 ercente,
1124 3984 1171 4040 sed
1186 4001 1220 4041 ne
1233 3985 1332 4041 acriori
1354 3985 1567 4066 reprehensione
1593 3986 1722 4046 discendi
1742 4004 1778 4044 sr-

129 4059 224 4142 ignoto
239 4060 272 4116 de
286 4057 408 4124 contine,
425 4055 575 4122 nobilibus,
591 4062 619 4112 at
633 4070 688 4111 non
703 4055 925 4127 copiosisparen·
980 4054 1075 4112 dorem
1107 4057 1304 4129 exstingueret,
1332 4066 1359 4114 et
1384 4073 1441 4128 Jam
1474 4064 1534 4114 tum
1560 4059 1778 4117 refractariolum

128 4131 214 4199 tubus,
248 4130 445 4185 matreamissa
464 4127 494 4183 in
520 4129 580 4199 ipso
607 4126 731 4199 pueritie
763 4126 869 4194 limine,
895 4125 926 4181 in
980 4127 1164 4194 exacerbaret,
1180 4128 1257 4184 iltius
1270 4127 1415 4200 pravitatis
1428 4129 1633 4188 correctionem
1649 4132 1686 4189 ad
1699 4140 1777 4189 nasu

127 4203 259 4260 avunculi
285 4201 376 4257 sinum
397 4197 572 4268 nutriendus,
589 4206 616 4254 et
632 4197 712 4255 bonis
725 4198 832 4254 artibus
847 4196 924 4253 insti·
979 4199 1061 4255 rioris
1075 4199 1162 4255 artatis
1180 4198 1339 4272 temperiem
1360 4200 1529 4257 remittente.
1554 4202 1611 4260 Sed
1628 4202 1657 4259 in
1682 4219 1716 4260 eo
1736 4217 1778 4276 sps

128 4275 245 4332 tuendus
259 4271 427 4331 convolavit.
451 4270 608 4327 Admodum
628 4286 713 4342 puero
734 4269 762 4326 rd
777 4269 925 4341 contigisse
978 4286 1027 4326 sua
1040 4272 1147 4327 elusum
1164 4286 1192 4327 se
1206 4270 1386 4338 demonstrat,
1402 4289 1465 4328 cum
1482 4272 1511 4328 in
1525 4272 1604 4330 verbi
1617 4275 1773 4332 uuiuseuu·

126 4348 259 4419 oportuit,
275 4344 385 4418 quaudo
409 4352 420 4378 ¹
444 4344 562 4414 linprcam
575 4344 604 4397 in
623 4359 677 4413 geo
688 4348 767 4398 nctus
785 4348 831 4410 cst,
856 4340 923 4396 adeo
978 4342 1113 4399 creatione
1128 4342 1326 4416 grammaticali
1342 4359 1390 4415 per
1405 4343 1495 4417 ipsum
1510 4344 1616 4415 oblata,
1632 4345 1775 4421 exprobrat

126 4416 274 4489 ignoravit,
292 4425 323 4472 ut
350 4415 432 4471 etiam
457 4413 485 4470 in
500 4413 659 4488 episcopatu
682 4430 741 4471 eam
766 4431 820 4468 non
838 4415 923 4468 solum
974 4411 1032 4486 jam
1052 4414 1189 4487 episcopo,
1214 4415 1340 4470 maceca
1356 4415 1412 4486 ejus
1433 4422 1493 4471 utre
1512 4419 1697 4488 grammatico
1713 4418 1775 4476 urbs

127 4489 320 4560 laminarum
346 4504 391 4542 nec
420 4486 575 4558 inteliipere,
600 4485 654 4541 nisi
681 4503 731 4557 per
756 4484 922 4557 interpretem
976 4492 1101 4555 mustum,
1126 4493 1150 4541 et
1168 4485 1371 4558 ponderationes
1393 4488 1533 4543 verborum
1549 4489 1674 4547 ebullire.
1692 4492 1776 4564 Atque

143 4567 218 4616 osset.
236 4560 313 4615 lianc
326 4565 417 4614 autem
433 4556 623 4614 educationem
634 4557 791 4629 sumptibus
800 4555 921 4614 ecclesie
976 4573 1038 4614 oum
1054 4557 1118 4613 alibi
1142 4559 1333 4627 soloecissaret,
1353 4574 1463 4630 peccare
1478 4558 1507 4615 lu
1534 4561 1774 4633 grammaticorum

121 4576 288 4689 {rhemensis
317 4631 428 4696 lacmm,
457 4637 539 4701 atque
573 4629 640 4685 adeo
671 4629 835 4701 peculiarem
863 4627 922 4699 ejus
975 4630 1148 4700 regulensibi
1163 4630 1422 4703 aitlicere,utpote
1438 4630 1566 4703 scriptori
1580 4634 1773 4700 eeclesmstioo,

125 4702 210 4759 fuisse
218 4702 349 4758 clericum
359 4701 503 4772 profitetur
511 4701 676 4767 avunculus,
685 4718 760 4771 quem
770 4701 922 4758 libanensis
975 4703 1022 4773 qui
1040 4717 1137 4772 magua
1150 4703 1222 4757 serio
1238 4708 1352 4758 tractet:
1377 4702 1457 4758 «Tibi
1468 4710 1572 4773 autem,
1590 4705 1695 4779 inquit,
1706 4718 1774 4762 noro

124 4774 243 4830 Ecclesia
257 4772 290 4827 ab
304 4772 381 4842 ipsis,
392 4778 422 4827 nt
435 4771 475 4826 ita
489 4772 586 4839 dicam,
600 4773 751 4839 cunabulis,
766 4772 838 4827 dulci
853 4771 921 4826 herti·
975 4772 1163 4843 grammatico,
1179 4772 1227 4845 qui
1239 4781 1268 4827 ut
1281 4773 1410 4830 frondosa
1432 4782 1459 4829 et
1474 4776 1617 4832 condensa
1637 4777 1719 4834 uber
1731 4777 1774 4832 io-

123 4844 222 4916 gnitate
236 4843 357 4908 nutriuit,
371 4850 394 4896 et
407 4840 639 4913 pannisinscntioe
656 4844 720 4898 eluit
734 4850 814 4913 aspare
836 4843 919 4911 cauit,
976 4843 1037 4908 liis;
1054 4851 1166 4899 ornatus
1180 4843 1326 4899 verborum
1349 4844 1469 4917 phaleris
1490 4844 1575 4903 debes
1598 4847 1737 4914 incedere,
1748 4856 1773 4904 et

123 4921 148 4971 et
160 4916 196 4971 ad
209 4915 296 4969 uirum
310 4913 446 4985 perducit,
462 4920 539 4984 otqm
553 4916 588 4969 cd
598 4913 774 4985 episcopatum
785 4915 918 4985 procerit.
975 4921 1021 4970 tua
1035 4914 1165 4985 figmenta
1179 4914 1351 4987 grandisonis
1367 4931 1495 4990 pompare
1510 4918 1612 4988 modis,
1626 4926 1654 4975 et
1669 4922 1699 4976 in
1713 4934 1773 4975 om·

122 4984 485 5058 Animumpuerattulitad
502 4987 836 5058 tacultatesgrammaticae
869 5003 920 5041 oe·
975 5001 1037 5042 nem
1057 4994 1171 5042 ventum
1202 4986 1303 5042 inllatis
1324 4988 1419 5045 buccis
1447 4990 1644 5070 grammaticas
1667 5004 1772 5065 spumas

123 5074 237 5131 mosque
258 5074 423 5140 propensum
437 5074 443 5122 ;
467 5055 512 5138 sed
530 5056 608 5137 plane
626 5058 719 5130 quales
733 5072 765 5111 eo
795 5003 921 5113 coiciunt
935 5068 959 5127 [ι
974 5073 1117 5129 exspuere,
1134 5057 1186 5114 hoc
1200 5057 1290 5114 dicere
1305 5074 1360 5115 non
1376 5059 1501 5117 licebit·
1520 5061 1622 5118 Exstat
1636 5078 1733 5119 earum
1746 5061 1772 5117 iu

123 5137 257 5203 tempora,
271 5138 301 5186 ut
317 5146 345 5185 m
360 5145 420 5201 ejus
434 5127 557 5200 epistolas
577 5136 604 5183 et
619 5127 744 5184 versibus
758 5129 851 5185 videre
868 5139 919 5186 est.
974 5128 1091 5186 dicendo
1106 5129 1228 5185 sordium
1244 5146 1298 5185 non
1312 5137 1394 5187 tenue
1408 5130 1566 5205 vestigium,
1595 5133 1627 5189 in
1651 5131 1771 5191 articulis

122 5200 248 5259 Prodidit
262 5200 398 5258 aestatim
414 5199 443 5256 in
459 5198 613 5273 puerilibus
624 5199 725 5256 studiis
739 5208 848 5267 natura,
864 5217 920 5257 no·
974 5217 1023 5273 per
1035 5201 1191 5257 heddonem
1205 5209 1379 5273 praeposrtum
1394 5203 1429 5259 ad
1441 5206 1613 5262 avunculum
1629 5203 1770 5275 missisiu

123 5271 226 5340 vitatis,
237 5272 388 5344 jactantie,
404 5272 535 5328 vanitatis
547 5272 712 5340 allectatriu,
738 5288 801 5329 curn
816 5272 921 5328 obscu-
975 5272 1075 5345 quibus
1088 5271 1240 5328 barbariem
1252 5281 1331 5345 putes
1345 5274 1489 5345 collegisse
1503 5275 1538 5332 de
1551 5276 1648 5333 triviis
1663 5284 1693 5334 et
1704 5289 1769 5334 eom·

123 5346 327 5402 remorationis
340 5351 504 5401 vetustatem
517 5342 656 5401 affectavit
670 5362 676 5401 :
691 5360 754 5401 cum
765 5359 920 5402 sermonem
974 5343 1050 5417 pitis.
1066 5345 1199 5402 Praeterea
1209 5345 1256 5417 jus
1267 5345 1433 5402 canonicum
1448 5353 1476 5402 et
1496 5346 1609 5405 decreta
1632 5346 1771 5422 pontificis

123 5495 290 5639 prietffitect
306 5515 376 5628 §pler
395 5500 523 5576 deinceps
551 5501 581 5558 in
606 5499 728 5559 medium
750 5500 864 5560 adducit
886 5509 991 5571 auctor,
1015 5516 1050 5558 ex
1074 5501 1215 5561 lliucmari
1239 5501 1400 5561 llhenreusis
1427 5503 1557 5578 epistolis
1580 5513 1608 5564 et
1632 5503 1769 5580 opusculis
