3834 6136
140 258 194 312 975

618 246 822 302 lllb'beAllUS
842 244 1084 302 LAUDUNENSIS
1104 240 1302 299 Episcopus,

1734 230 1786 287 sto

140 406 278 465 calumnia
292 421 347 460 non
367 403 446 457 alteri
460 402 530 456 inter
543 400 670 455 boiiiiiies
686 415 766 470 quam
779 397 828 468 ipsi
845 396 940 451 venire
954 401 980 458 Α
993 404 1040 451 aut
1054 396 1176 452 diversas
1203 387 1441 461 interpretationes
1468 382 1623 464 patiuntur.
1654 379 1703 434 Sic
1729 394 1790 449 ergo

141 479 231 552 potuit
245 477 273 532 in
289 484 420 531 mentem.
438 474 543 529 Omitto
577 471 677 542 scripta
701 471 730 549 in
757 468 938 547 llliomensein

142 551 214 607 mole
230 546 353 620 grandia,
370 547 442 600 fastu
457 543 604 614 turgentia,
621 541 722 596 fabulis
737 547 764 594 et
777 539 941 609 corruptelis

142 621 246 687 inania,
274 624 486 674 «monstruosos
506 615 623 680 libellos,
656 619 828 667 monstruose
852 610 941 666 colle-

142 700 209 748 ctos.
231 716 240 736 ·

501 776 514 846 ς
531 775 577 831 Vl.

275 879 398 937 Ecclesia
410 895 464 932 saa
477 877 583 931 clericas
597 881 620 930 rt
634 875 713 930 laicos
727 879 814 928 aeaut.

180 982 243 1035 Post
258 994 359 1058 rogem,
375 985 401 1030 et
416 973 652 1044 archiepiscopum
669 971 837 1026 avunculum
850 968 942 1025 ollon-

144 1068 197 1119 sos,
215 1049 310 1106 debuit
325 1049 419 1102 saltem
438 1054 532 1118 pacata
557 1053 582 1098 et
599 1041 715 1113 regulari
728 1041 858 1097 Ecclesia
873 1040 941 1095 Lau·

144 1121 276 1178 dunensis
292 1117 532 1174 administratione
547 1113 722 1170 subditorum
738 1128 850 1168 suorum
861 1111 941 1166 bene·

144 1193 293 1248 volentiam
310 1189 362 1245 sibi
379 1187 536 1243 conciliare.
566 1184 596 1240 ld
624 1200 689 1239 vero
710 1181 941 1254 quemadmodum

143 1263 311 1336 prostiterit,
330 1260 484 1316 videamus.
501 1255 631 1313 Siiiioniae
646 1255 746 1326 quippe
779 1253 942 1308 manifestis·

144 1337 213 1390 sime
228 1333 405 1389 convincitur
423 1330 451 1384 in
467 1344 598 1383 manuum
621 1325 808 1397 impositione.
846 1348 855 1370 ι
870 1324 942 1404 fletis

144 1404 285 1462 reminisci
300 1412 386 1475 potes,
402 1418 445 1456 ine
467 1399 524 1470 jam
550 1406 577 1453 tc
595 1397 795 1454 commonuisse
811 1409 939 1474 quoniam

143 1492 192 1548 pei
206 1477 309 1530 multos
323 1472 428 1537 audivi,
450 1471 497 1526 sed
522 1479 549 1525 et
576 1484 663 1541 usque
691 1468 725 1524 ad
753 1466 939 1522 auresdomni

144 1547 215 1617 regis
226 1545 362 1627 persenit,
379 1559 443 1625 quia
458 1549 484 1597 et
495 1540 529 1596 de
544 1538 721 1612 impositione
743 1554 841 1618 manus
857 1537 885 1591 iii
899 1552 941 1591 or·

144 1617 286 1673 dinatione
302 1614 550 1671 ecclesiasticorum
569 1609 714 1682 graduum,
729 1618 812 1688 etiam
828 1624 843 1662 a
858 1622 941 1661 manu

143 1705 258 1744 munera
273 1686 444 1758 accipiebas:
461 1692 488 1740 et
510 1683 543 1739 de
557 1681 735 1737 ecclesiarum
751 1679 863 1734 datione
875 1694 942 1748 prae·

144 1760 200 1814 mia
214 1757 371 1830 requirebas
384 1775 391 1825 ;
407 1763 434 1811 et
452 1771 468 1808 a
484 1753 634 1810 diffamatis
650 1750 826 1822 presbyteris,
836 1765 869 1803 ne
877 1748 939 1803 dis-
953 1752 976 1813 B
994 1754 1035 1802 est
1050 1748 1171 1802 Romana
1184 1740 1263 1812 appel

143 1835 312 1895 cuterentur,
328 1825 545 1897 redemptionem
561 1822 725 1894 accipiebas.
749 1820 825 1877 Unde
851 1829 877 1874 et
906 1819 939 1874 ab

142 1900 273 1956 Ecclesia
288 1906 342 1953 ture
357 1898 423 1952 siliis
437 1896 522 1950 isdem
538 1893 657 1948 domnus
674 1909 722 1947 reir
737 1892 880 1947 veritatem
894 1906 939 1944 au·

143 1968 202 2024 dire
218 1967 360 2038 quaisirit:
380 1974 407 2020 et
423 1965 642 2036 requisitionem,
669 1961 869 2017 interienicnte
890 1960 939 2015 tali

143 2054 225 2094 causa
259 2054 300 2092 uia
315 2043 379 2090 nota
392 2045 442 2102 ost,
459 2034 586 2105 prosequi
599 2033 720 2093 destitit,
738 2031 844 2157 tibique
856 2047 939 2102 quain

143 2054 296 2164 terribiffius
312 2107 402 2179 posuit
417 2105 560 2171 interdixi,
576 2112 605 2159 ut
620 2103 663 2159 his
678 2103 792 2158 facinori
815 2119 847 2157 us
861 2102 940 2156 nullo

143 2180 227 2235 modo
238 2177 466 2234 communicares.
483 2201 492 2223 ι
517 2177 665 2231 blultoruin
678 2189 786 2245 quoqeo
798 2172 941 2244 gravami-

142 2267 208 2306 num
224 2250 251 2305 iii
267 2249 392 2305 subditos
406 2247 504 2320 perdiu
518 2254 662 2302 accusatus
676 2253 725 2300 est:
750 2270 758 2291 ι
775 2244 881 2299 Dicitur
891 2251 941 2300 eta

142 2321 240 2378 multis
254 2322 328 2393 quod
343 2327 369 2374 et
383 2320 507 2387 clericos,
524 2326 551 2374 et
565 2318 649 2372 laicos
661 2316 713 2371 tilii
735 2314 897 2371 commissos
911 2315 940 2370 iii

142 2393 240 2448 multis
252 2391 369 2459 exeniis,
383 2407 429 2462 per
444 2391 566 2445 diversas
581 2388 737 2445 occasiones
751 2403 855 2457 graves.
872 2410 880 2432 ι
905 2387 940 2442 Et

143 2471 205 2536 post
220 2480 306 2542 pauca
318 2481 324 2516 :
344 2487 352 2508 ι
363 2464 388 2517 Α
399 2461 575 2517 iiiultiseiiim
586 2459 700 2527 dicitur,
709 2457 783 2530 quod
789 2457 837 2536 ris
848 2457 938 2537 pauci,
961 2494 964 2499 -

143 2543 191 2589 aut
201 2532 381 2603 potiusnulli,
392 2533 464 2602 apud
474 2541 501 2586 te
511 2531 641 2603 quiddam
658 2528 796 2596 beneficii,
806 2543 858 2583 nisi
873 2545 939 2599 prae-

142 2604 191 2656 mii
204 2603 316 2657 datione
331 2603 480 2682 praeraleiit
495 2602 629 2657 obtinere.
656 2626 665 2647 ·
686 2600 765 2666 Quod
791 2598 938 2655 admodum

142 2671 274 2730 credibile
289 2673 356 2728 facit
368 2671 460 2743 inopia
479 2688 560 2743 quain
582 2673 616 2728 ad
630 2672 817 2742 episcopatum
833 2670 937 2737 attulit,

142 2752 173 2799 ut
188 2752 268 2798 antea
297 2742 464 2798 dicebamus.
481 2745 571 2815 Atque
586 2742 657 2798 lianc
666 2741 887 2797 criminationem
905 2740 939 2796 ad

142 2815 223 2868 fenus
237 2823 264 2869 et
283 2820 390 2882 turpem
415 2829 527 2867 usuram
555 2813 594 2866 ait
614 2830 630 2867 a
653 2812 805 2867 canonibus
831 2811 937 2878 referri,

143 2885 207 2939 latis
217 2882 349 2938 adsersus
356 2883 470 2937 clericos
484 2883 564 2937 fenus
578 2890 605 2936 et
620 2884 711 2962 turpia
727 2885 802 2937 lucra
826 2891 939 2937 sectan-

141 2962 182 3010 tes
195 2971 228 3009 :a
243 2970 297 3080 quo
312 2952 447 3026 propudio
462 2953 541 3008 illurn
556 2969 619 3007 cuni
630 2952 690 3007 aliis
704 2952 867 3018 rationibus,
880 2961 938 3008 tum

143 3042 241 3098 exemp
256 3043 272 3080 o
287 3025 407 3080 maxime
440 3040 489 3080 suo
516 3031 636 3090 revocat,
667 3024 714 3095 qui
739 3022 874 3078 adinstar
893 3024 938 3078 Sa-

141 3097 242 3153 muelis
257 3097 365 3151 nullum
381 3112 544 3169 quacunque
564 3094 598 3150 do
612 3110 692 3151 causa
708 3111 805 3150 marius
822 3094 936 3166 accepit.
953 3103 976 3163 C

176 3168 228 3224 Sed
245 3167 431 3222 funestissima
449 3166 639 3222 laudunensis
654 3166 781 3222 Ecclesiae
797 3166 937 3239 perturba·

141 3239 181 3294 tio
197 3247 257 3293 tum
271 3239 382 3306 accidit,
399 3255 462 3294 cum
478 3238 570 3294 nescio
598 3254 653 3311 qua
668 3238 810 3293 lacessitus
823 3237 935 3308 injuria,

142 3326 237 3367 omnes
249 3310 385 3382 parocbia
398 3326 453 3366 sua
463 3309 938 3366 clericosescoiuiiiunicavit.Eraiit

142 3381 292 3453 illimagiio
307 3398 431 3450 numero,
451 3381 597 3453 inquibus
619 3380 779 3437 innocentes
822 3379 938 3435 luiiiiios

142 3454 280 3509 exstitisse
294 3461 410 3523 oportet.
441 3453 549 3509 Poterat
564 3460 704 3526 utcunque
731 3452 779 3507 illa
817 3451 937 3507 *eclesiae

142 3525 309 3581 contumelia
336 3523 456 3588 tolerari,
486 3524 508 3576 si
537 3523 625 3594 pauci,
654 3524 784 3588 accusati,
807 3522 935 3589 confessi,

143 3594 274 3660 coiiiicti,
291 3593 408 3647 fuissent
425 3591 520 3661 ejecti;
535 3594 558 3647 si
574 3593 644 3664 quid
663 3594 691 3647 in
714 3609 808 3647 eorum
828 3608 936 3648 accusa·

142 3664 218 3718 tione
232 3663 359 3729 dubium,
371 3670 417 3718 aut
428 3661 573 3717 obscurum
591 3663 669 3717 foret.
686 3688 694 3709 ι
710 3664 746 3716 At
761 3662 807 3716 ulii
825 3664 936 3718 manile·

142 3733 272 3799 stissiiiie,
294 3733 366 3788 sicut
389 3733 518 3788 omuibus
543 3741 650 3788 constat
677 3749 735 3787 esse
750 3733 934 3801 notissimum,

142 3803 201 3859 sirie
216 3804 308 3874 aliqua
323 3803 429 3858 ratioiie
446 3805 488 3858 iel
502 3805 583 3874 culpa
594 3803 760 3873 abjectorum
773 3810 869 3859 contra
880 3820 936 3857 om·

143 3892 204 3930 iiem
221 3876 412 3930 auctoritatem
438 3875 564 3940 trecenti,
593 3876 638 3928 rol
653 3873 857 3953 quadringenti,
878 3875 936 3930 sire

141 3945 296 4016 quingenti,
321 3945 380 3998 solo
406 3950 454 3997 tuo
483 3944 585 4012 furore,
617 3950 644 3998 ct
671 3960 751 3999 causa
771 3943 935 4014 injuriarum

141 4022 249 4069 tuarum
266 4013 363 4084 abjecti
377 4022 464 4079 eraut,
491 4022 543 4070 etc.
568 4039 576 4061 ι
608 4014 737 4071 Poscebat
753 4016 843 4085 legum
856 4015 933 4085 ordo,

140 4094 172 4141 ut
185 4084 219 4140 ad
232 4101 284 4152 iiie,
299 4094 374 4140 tuum
390 4086 642 4156 iiietropolitaiiuiri,
667 4087 804 4158 (querelam
816 4086 935 4157 depone·

141 4173 194 4224 res,
212 4172 357 4227 meumque
372 4157 404 4211 de
416 4156 464 4211 illa
479 4156 617 4228 judicium
637 4167 826 4229 exspectares3
843 4157 890 4212 sed
905 4165 935 4212 tu

140 4244 259 4300 praeceps
283 4227 435 4294 iracundia,
467 4230 577 4284 nemine
592 4230 728 4297 consulto,
745 4246 802 4285 rem
821 4238 933 4296 tantam,

140 4307 193 4354 tam
207 4299 386 4369 perniciosam
402 4299 548 4372 derepente
571 4300 723 4356 confecisti.
740 4300 826 4366 Quam
848 4300 935 4354 multa

139 4368 185 4450 liic
201 4371 327 4441 peccata!
345 4369 462 4441 liijurias
478 4373 596 4441 priuatas
606 4372 723 4443 spiritali
739 4371 829 4497 gladio
845 4372 934 4425 ultum

994 467 1146 548 appellatus
1180 461 1341 519 llliemeiisis
1357 457 1588 578 archiepiscopus,
1610 449 1736 519 legitimo
1750 449 1789 520 ju·

995 538 1079 604 dicio,
1098 536 1160 591 licet
1171 528 1528 607 absqueqrrovincialicouci
1545 540 1581 585 io,
1596 530 1624 577 et
1633 518 1791 601 scrupulosa

996 610 1108 664 testium
1123 605 1345 674 interrogatione,
1375 600 1488 655 clericos
1515 609 1632 676 censura
1658 593 1790 651 solsitet

995 678 1184 737 communioni
1204 674 1412 743 ministerioque
1424 685 1473 749 suo
1487 671 1620 721 restituit.
1674 735 1680 744 .

1032 751 1103 806 Hinc
1117 766 1182 805 vero
1205 747 1308 802 bellum
1337 744 1500 799 intestinum
1515 743 1646 816 nepotem
1672 741 1745 815 inter
1767 742 1791 815 et

996 822 1162 877 arun-ulum
1178 816 1326 882 recruduit,
1342 813 1406 869 dum
1423 810 1470 865 ille
1484 824 1513 863 se
1524 806 1675 862 manifesto
1695 820 1724 886 in
1741 821 1792 861 cri·

996 893 1070 948 mino
1082 890 1281 962 deprehensum
1310 884 1484 954 indignatur:
1506 877 1575 933 dum
1600 878 1792 957 collectionem

996 964 1071 1019 illam
1089 961 1232 1018 sententias
1245 976 1300 1014 sua
1315 951 1527 1028 peremptricem
1556 949 1681 1003 flammis
1694 946 1792 1002 aboleri

995 1035 1114 1107 postulat
1128 1050 1175 1113 per
1191 1029 1365 1087 Wenilonem
1381 1023 1643 1100 llotboinageiisem,
1656 1034 1792 1090 nunquam

996 1107 1062 1160 alias
1080 1104 1219 1160 rediturus
1234 1102 1262 1155 iii
1284 1098 1410 1170 gratiam.
1427 1094 1515 1159 Quam
1528 1089 1724 1172 conditionem
1740 1106 1792 1145 uon

997 1177 1063 1243 risu,
1080 1183 1110 1230 ut
1124 1191 1172 1245 par
1185 1179 1253 1237 erat,
1269 1171 1387 1234 elevans,
1414 1163 1461 1220 sed
1487 1179 1560 1218 serio
1577 1176 1719 1242 respuens,
1739 1170 1792 1217 tan-

997 1264 1076 1320 quani
1093 1243 1259 1313 niortiseram
1278 1240 1406 1312 poculum
1418 1235 1453 1291 ab
1467 1235 1527 1305 ipso
1540 1240 1730 1315 propinatum,
1743 1231 1794 1313 iio-

996 1319 1099 1375 minem
1112 1332 1182 1371 tana
1196 1333 1208 1370 s
1245 1357 1252 1380 ,
1273 1319 1300 1368 et
1318 1305 1677 1387 infinitasuperbraelaturii
1693 1311 1791 1384 reyeoit.

997 1391 1036 1445 Ac
1055 1389 1204 1459 deniqiiea
1230 1378 1630 1456 synodoscompulit,quaruui
1647 1383 1793 1431 contentio

996 1478 1044 1517 nes
1055 1456 1222 1530 ejuscemodi
1238 1453 1363 1510 materies
1374 1452 1497 1514 fuerunt,
1514 1454 1648 1503 excitatis
1662 1454 1793 1502 accusato

997 1533 1083 1599 ribus,
1109 1524 1402 1585 aratisaccusationum
1415 1519 1527 1587 libellis,
1540 1525 1577 1586 et,
1589 1517 1668 1590 quod
1675 1516 1794 1573 mirabile

996 1613 1046 1669 est,
1062 1547 1173 1658 oriensis
1180 1597 1322 1669 judicibus
1331 1592 1470 1658 omnibus
1487 1605 1560 1670 rege,
1573 1589 1793 1670 metropolitano,

996 1676 1140 1746 episcopis.
1154 1671 1263 1741 Quapro
1284 1675 1325 1722 ter
1336 1680 1431 1721 eorum
1438 1661 1578 1734 judicium
1587 1666 1795 1717 ritarecouatus

1265 1685 1369 1794 [itione
1384 1735 1483 1806 sepius
1502 1749 1532 1787 re
1553 1732 1634 1799 etita,
1654 1731 1704 1788 sed
1721 1732 1794 1787 frari-

994 1818 1106 1874 dolente
1120 1811 1279 1869 etillusoria
1293 1827 1299 1877 ;
1315 1806 1463 1878 dequibus
1479 1822 1506 1860 ni
1547 1820 1563 1859 o
1579 1803 1740 1860 dicendum·
1747 1811 1794 1860 est.

994 1889 1095 1944 Statuit
1105 1884 1179 1939 eiiim
1191 1881 1301 1938 tandem
1313 1877 1462 1950 aliquando
1476 1892 1526 1931 rex
1537 1874 1657 1932 Carolus
1671 1875 1794 1931 rebellem

994 1967 1021 2015 et
1034 1955 1250 2013 calumniantem
1270 1966 1407 2006 coercere:
1437 1956 1545 2004 certum
1577 1954 1623 2002 est
1653 1947 1794 2003 Hincmaro

994 2026 1155 2098 metropolis
1169 2042 1224 2080 suae
1246 2022 1291 2094 jus
1320 2029 1347 2076 ot
1368 2026 1529 2093 potestatem
1549 2017 1718 2074 vindicare:
1746 2034 1795 2073 nou

994 2101 1122 2156 dubitant
1137 2095 1276 2152 antistites
1285 2091 1436 2159 Gallicani,
1453 2091 1521 2162 quin
1537 2089 1716 2160 provinciale
1723 2088 1795 2161 judi-

994 2173 1067 2228 oium
1079 2165 1258 2240 appellationi
1271 2162 1483 2236 praeiredebeat.
1499 2160 1652 2232 synodum
1663 2161 1795 2234 postulant

995 2259 1036 2297 res
1052 2248 1079 2296 et
1099 2253 1225 2309 persona.
1244 2236 1309 2291 Tres
1324 2235 1433 2300 dantur,
1448 2232 1523 2304 apud
1539 2231 1795 2305 vermeriam,apud

995 2311 1177 2376 Attiiiiacnni,
1211 2308 1283 2380 apud
1309 2306 1469 2362 lliiziacuni.
1487 2305 1518 2359 lii
1548 2303 1645 2374 prima
1657 2302 1793 2371 declamat,

996 2385 1067 2453 fugit
1082 2400 1097 2437 a
1111 2380 1240 2447 secunda,
1256 2379 1389 2451 spoliatus
1411 2375 1488 2431 venit
1504 2374 1539 2430 ad
1557 2375 1674 2430 tertiam
1689 2393 1696 2430 :
1709 2374 1793 2432 conii·

993 2451 1054 2511 ctus
1075 2453 1104 2508 iii
1119 2452 1260 2517 omnibus,
1276 2449 1395 2522 appellat
1409 2447 1443 2502 ab
1457 2445 1603 2513 omnibus,
1620 2446 1673 2501 vix
1698 2447 1733 2502 ab
1754 2446 1794 2501 illi

993 2527 1064 2582 lilier
1073 2533 1120 2580 aut
1134 2524 1227 2578 salius
1243 2521 1344 2577 eradit.
1362 2520 1426 2574 Post
1438 2518 1499 2574 liac
1509 2518 1730 2589 appellationem
1743 2534 1792 2590 pio

994 2597 1126 2670 sequitur,
1144 2594 1191 2649 sed
1201 2593 1363 2648 damnatus:
1379 2589 1502 2658 auditur,
1514 2589 1563 2644 sed
1578 2606 1691 2658 caecus3
1706 2590 1792 2646 tolera·

994 2677 1038 2723 tur
1049 2677 1080 2723 ut
1095 2668 1180 2732 vivat,
1202 2681 1257 2720 iion
1275 2671 1305 2718 ut
1320 2663 1452 2732 imperet:
1470 2660 1590 2716 Samson
1606 2660 1729 2728 enervis,
1751 2660 1791 2716 uui

993 2740 1045 2795 sibl
1060 2739 1152 2805 miser,
1169 2737 1246 2792 oneri
1261 2734 1334 2807 quod
1351 2732 1448 2789 tandiu
1457 2732 1652 2804 exaggeravit,
1668 2731 1790 2790 adextre-

994 2828 1069 2866 mum
1091 2810 1148 2882 ipse
1164 2806 1328 2864 succumbit.

1344 2906 1357 2973 ἕ
1379 2901 1452 2956 Vlll.

993 2999 1153 3054 lliaciiiurus
1168 3014 1185 3050 a
1201 3012 1259 3066 repe
1273 2992 1387 3049 mittitur
1413 2990 1441 3044 iii
1462 2991 1614 3048 custodiam
1643 2993 1718 3065 apud
1739 2993 1787 3051 stl-

1346 3080 1448 3118 occiana

1029 3167 1180 3222 Constatet
1195 3162 1275 3231 illud,
1289 3162 1371 3233 paulo
1382 3167 1443 3232 post
1459 3159 1603 3285 spnodum
1620 3162 1786 3219 Vermerieu-

994 3253 1050 3292 sem
1065 3237 1206 3292 detentum
1221 3233 1335 3288 fuisses
1353 3247 1425 3304 rege,
1441 3247 1474 3286 ve
1488 3239 1516 3285 iit
1542 3233 1574 3287 iu
1591 3249 1713 3303 carcere,
1727 3232 1785 3306 apud

994 3308 1142 3374 silvacum,
1160 3307 1188 3361 iii
1203 3304 1332 3377 parocliia
1347 3302 1544 3358 Lauduuensi:
1561 3303 1645 3375 cujus
1660 3305 1725 3361 facti
1735 3307 1786 3361 cul·

1012 3396 1055 3434 am
1071 3395 1126 3433 non
1142 3377 1259 3432 obscure
1270 3375 1359 3445 rejicit
1371 3376 1398 3428 ln
1413 3382 1599 3443 avunculum,
1616 3393 1682 3433 cuin
1696 3378 1719 3432 ei
1733 3378 1784 3432 scri·

993 3395 1051 3506 fiii:
1078 3448 1193 3519 ‹Relegi
1226 3463 1328 3502 cursim
1355 3445 1457 3517 scripta
1486 3453 1586 3502 restrae
1614 3447 1784 3514 celsitudinis,

993 3538 1053 3594 quae
1073 3520 1142 3575 milii
1155 3517 1314 3591 perferenda
1329 3515 1483 3583 destinatis,
1500 3517 1626 3574 instante
1636 3521 1784 3575 anniversi-

993 3595 1035 3648 rio
1055 3592 1107 3646 mei
1123 3589 1294 3656 traditionis,
1314 3595 1471 3660 perpetrato
1486 3604 1550 3642 mea
1564 3589 1594 3644 in
1611 3591 1784 3662 parochiae

994 3663 1053 3718 loco
1067 3661 1114 3734 qui
1130 3662 1235 3716 dicitur
1249 3661 1384 3716 Sili'acus.
1395 3659 1448 3713 blei
1463 3667 1569 3726 autem,
1586 3677 1648 3716 iioii
1659 3678 1723 3718 meae
1733 3661 1783 3717 scri·

992 3734 1033 3805 psi
1048 3733 1215 3799 traditionis,
1231 3739 1261 3786 ut
1276 3738 1451 3786 remoueatur
1476 3729 1692 3805 amphibologia
1709 3730 1784 3788 ambi·

992 3804 1113 3876 quitatis,
1126 3805 1198 3858 iiitcr
1212 3802 1363 3857 tradentem
1377 3809 1404 3856 et
1423 3799 1569 3870 traditum,
1592 3818 1632 3860 ex
1647 3802 1783 3876 possessiio

993 3874 1173 3946 pronominis.
1191 3875 1288 3946 liquet
1306 3872 1378 3927 enim
1399 3888 1433 3927 ex
1450 3872 1600 3943 priinitiro
1624 3875 1782 3946 genitiriuis

992 3946 1123 4001 traditum
1135 3945 1228 4012 fuisse,
1246 3960 1300 3999 uon
1315 3942 1477 3998 traditorem
1492 3945 1651 4002 exstitisse.
1667 3971 1676 3993 ι
1698 3947 1730 4002 Et
1741 3961 1783 4000 ei·

992 4019 1111 4089 pressius
1125 4017 1152 4071 iii
1167 4015 1286 4072 concilio
1295 4014 1409 4086 publice
1419 4022 1590 4085 protestatus
1599 4025 1655 4073 est.
1673 4016 1783 4073 «Adser-

992 4105 1051 4143 stitit
1068 4089 1147 4143 illum
1163 4087 1260 4152 liabeo,
1277 4086 1342 4157 quia
1359 4101 1402 4139 me
1416 4100 1504 4157 arege
1515 4086 1545 4140 iii
1557 4088 1714 4144 custodiam
1724 4085 1784 4143 mitti

991 4160 1065 4216 fecit.
1083 4185 1092 4205 ·
1111 4158 1163 4214 Sed
1179 4159 1248 4211 lianc
1258 4173 1315 4211 esse
1324 4157 1503 4223 calumniam,
1519 4166 1548 4212 et
1561 4159 1637 4230 regis
1648 4160 1678 4215 iu
1691 4156 1781 4231 syuodo

991 4231 1151 4301 grauissima
1162 4227 1372 4295 asseveratione,
1386 4235 1413 4282 et
1429 4225 1475 4282 bic
1488 4242 1525 4282 eii
1541 4228 1697 4287 llbemeusi
1742 4236 1781 4293 tet,

990 4301 1176 4356 narrationem
1192 4315 1269 4354 suam
1284 4298 1322 4353 ita
1337 4307 1538 4369 prosequente:
1564 4298 1642 4356 «Sed
1654 4310 1686 4358 tu
1727 4301 1782 4355 dens

991 4371 1082 4444 pejora
1098 4371 1245 4442 prioribus,
1260 4369 1299 4425 sic
1309 4369 1441 4424 domnum
1452 4384 1556 4440 regem,
1569 4371 1646 4428 sicut
1657 4372 1724 4427 inibi
1735 4372 1781 4427 lou·

140 4457 190 4508 ire,
216 4441 289 4512 equod
305 4457 422 4496 canonos
448 4442 626 4498 vehementer
655 4443 743 4514 impio
765 4451 826 4497 ant:
852 4441 933 4496 illum
949 4454 973 4512 Β
990 4460 1053 4513 gum
1065 4453 1106 4497 cst
1119 4457 1256 4508 eiiarrare,
1267 4448 1294 4496 et
1310 4440 1390 4495 multi
1404 4440 1506 4506 sciunt,
1525 4442 1632 4497 iteruin
1647 4457 1780 4514 exaggera·

138 4511 240 4583 absque
256 4511 313 4566 ullo
325 4511 423 4582 judicii
440 4512 536 4568 ordine
561 4529 690 4570 exerere:
708 4513 840 4585 plurimos
857 4512 934 4567 iiiiio·

138 4589 231 4638 centes
246 4598 277 4636 eo
292 4583 391 4637 ferire:
418 4600 521 4638 novum
545 4583 615 4639 illud
640 4592 666 4639 et
694 4584 815 4639 insoleus
829 4582 934 4638 factum

138 4652 240 4724 absque
255 4653 457 4723 metropolitani
473 4655 635 4710 auctoritate
649 4655 769 4725 aggredi.

504 4753 518 4823 g
542 4752 602 4808 vii.

137 4837 441 4895 Erroninrrriiicatr'oiiern
455 4839 488 4893 ab
499 4856 526 4893 eo
536 4840 683 4910 irrogatam
697 4841 775 4896 soluit
788 4842 934 4896 aorrrrrulas

419 4911 644 4980 inatropolitaiias.

174 5004 366 5077 Diesquiiique
380 5005 470 5059 tenuit
494 5006 577 5061 ferale
590 5005 730 5076 justitium
746 5008 859 5081 (quibus
876 5027 932 5066 cre·

135 5075 221 5131 dibile
235 5085 276 5131 est
302 5085 329 5131 et
348 5076 500 5132 infantibus
528 5078 623 5133 multis
641 5078 818 5150 baptismum,
835 5091 861 5136 et
877 5099 933 5136 mo·

135 5147 271 5203 rieiitibus
284 5147 377 5204 riatiri
390 5149 511 5205 innueris
526 5151 748 5205 communionem
765 5151 794 5207 iii
804 5152 932 5222 parocbia

134 5218 201 5274 satis
211 5220 301 5290 ampla
316 5219 457 5286 defuisse).
473 5221 544 5275 llum
557 5221 750 5277 laudunenses
764 5223 856 5278 clerici
872 5225 932 5279 diu·

134 5290 268 5368 turnioiis
286 5290 373 5348 cladis
389 5299 473 5358 riietu,
490 5291 563 5363 quod
587 5300 646 5347 erat
659 5293 688 5348 iii
706 5296 833 5365 priixiiiio
847 5310 932 5350 ieme·

134 5356 210 5414 dium
240 5362 424 5433 exquirentes,
454 5363 591 5434 appellarit
625 5363 658 5419 ad
688 5367 931 5438 metropolitanum

141 5428 265 5508 «absque
292 5433 438 5490 schismate
461 5441 488 5488 et
516 5434 667 5490 rebellione
688 5435 769 5506 juxta
798 5437 931 5507 temporis

133 5507 297 5570 angustiam,
326 5513 352 5560 et
370 5505 518 5560 imminens
544 5506 735 5577 periculum·
768 5507 840 5572 Quid
855 5510 929 5562 enim

133 5582 201 5638 opus
220 5576 278 5624 tuni
307 5584 364 5629 erat
392 5576 508 5632 Rotnani
538 5577 678 5647 pontilicis
701 5578 867 5649 cognitione,
896 5577 930 5634 ad

132 5651 214 5716 quain
230 5643 386 5700 remittebat
403 5648 557 5728 episcopus,
574 5648 604 5703 iii
626 5664 655 5703 re
680 5657 764 5718 certa,
790 5657 816 5704 et
830 5649 929 5723 sapius

129 5705 254 5780 judicata
264 5710 279 5765 f
289 5714 329 5769 De
344 5712 437 5771 dubiis
461 5733 535 5773 eniiu
551 5724 578 5773 et
602 5718 727 5776 obscuris
741 5728 848 5777 tantum
863 5737 928 5777 coii-

130 5778 247 5846 sulenda
261 5788 303 5838 est
316 5782 394 5843 sedes
406 5788 566 5860 apostolica,
584 5789 633 5847 ubi
646 5807 765 5850 maanes
783 5790 926 5860 deliciunt,

989 4514 1034 4580 sti,
1050 4521 1080 4568 ut
1090 4530 1170 4569 caiisa
1179 4521 1233 4568 tuae
1248 4509 1444 4582 castigationis,
1456 4519 1483 4566 te
1493 4509 1555 4566 sirie
1567 4517 1780 4577 iiieavoluntatt,

988 4586 1100 4655 sineque
1115 4601 1175 4639 ineo
1202 4599 1346 4649 consensu,
1358 4581 1564 4654 aliquantulum
1580 4582 1702 4640 detineri
1714 4583 1781 4655 jabo

990 4663 1039 4710 ret.
1057 4680 1067 4704 ι
1092 4654 1216 4711 Notaiida
1231 4671 1295 4721 rox,
1310 4669 1390 4708 caasa
1404 4653 1609 4724 castigationis;
1634 4671 1697 4710 nain
1712 4652 1782 4709 modo

988 4726 1089 4797 regiam
1102 4725 1307 4805 castigationem
1334 4723 1525 4788 audiebamus,
1553 4741 1570 4779 a
1592 4724 1780 4798 regularibus

989 4807 1039 4864 est,
1055 4797 1181 4868 synodali
1194 4795 1301 4866 judicio
1315 4794 1492 4851 distinctam:
1509 4803 1541 4850 ut
1552 4793 1705 4866 judiciuin,
1726 4796 1780 4867 epi-

988 4884 1132 4939 scoporum
1143 4869 1188 4932 sit;
1201 4867 1353 4938 castigatio,
1366 4867 1446 4938 regis;
1456 4865 1613 4936 judicium,
1629 4885 1672 4923 res
1681 4882 1779 4923 sacras;

988 4938 1139 5008 castigatio,
1151 4954 1250 5009 corpus
1259 4939 1374 5009 attingat
1389 4955 1394 4991 :
1412 4935 1651 5009 quemadmodum
1663 4955 1735 4994 aiiiio
1747 4952 1779 4992 se·

987 5017 1087 5083 qumite
1098 5011 1126 5063 iii
1142 5010 1333 5076 Carlomamio,
1347 5007 1484 5079 judicium
1495 5009 1625 5079 regulare
1634 5023 1779 5067 excommu-

987 5080 1165 5148 nicationem,
1176 5081 1318 5152 castigatio
1342 5095 1477 5135 carcerem
1493 5079 1741 5143 Silvanectensam,
1755 5094 1779 5133 ac

987 5152 1086 5208 deinde
1096 5153 1304 5208 excaecationem
1320 5149 1433 5222 peperit.
1445 5150 1556 5205 Novum
1567 5150 1605 5222 igi
1611 5152 1778 5208 tureflertmu

987 5223 1177 5290 contumaciae,
1188 5231 1215 5279 et
1227 5222 1383 5279 rebellionis
1394 5222 1499 5278 crimen
1509 5220 1646 5278 advenire
1656 5239 1673 5280 o
1711 5221 1779 5282 rtnit,

986 5294 1338 5365 custodiapioliilicndum.
1367 5293 1492 5420 Idfl¹¹³¹⁰
1521 5294 1569 5359 sit,
1587 5294 1654 5405 quis
1690 5294 1777 5351 iiiiiet.

985 5382 1048 5421 cum
1066 5382 1191 5421 oiiaiiare
1202 5366 1392 5437 praetermittat
1433 5364 1575 5420 iucuiurus
1591 5408 1596 5419 .
1615 5365 1777 5431 Quidsitum

985 5436 1114 5507 perlicere
1140 5445 1253 5493 coriatus
1275 5443 1326 5500 est,
1356 5434 1430 5524 quod
1454 5443 1518 5490 ante
1545 5435 1695 5506 cogitarat,
1711 5443 1740 5490 ut
1751 5432 1779 5487 ab

984 5510 1158 5563 ecclesiasua
1182 5516 1208 5563 et
1235 5525 1317 5580 regno
1347 5505 1437 5564 baroli
1461 5505 1496 5562 ad
1515 5506 1573 5577 ejus
1591 5515 1719 5579 nepotem
1738 5506 1778 5560 Lo·

985 5578 1104 5633 tliariiim
1120 5580 1148 5634 in
1163 5579 1333 5635 austrasiam
1347 5578 1531 5650 transfugeret
1543 5577 1626 5635 illoc
1637 5580 1712 5634 enim
1727 5576 1778 5647 ejus

983 5649 1141 5718 consilium,
1155 5657 1183 5705 et
1196 5651 1409 5707 conventionem
1431 5664 1496 5705 cuin
1522 5648 1659 5704 Lothario
1675 5649 1777 5713 factam

984 5721 1067 5777 refert
1073 5723 1145 5778 circa
1157 5721 1295 5794 synodum
1311 5720 1533 5778 vermeriensem
1548 5718 1665 5779 Carolus
1679 5720 1708 5776 in
1719 5718 1778 5792 peti·

984 5792 1058 5850 tione
1072 5792 1209 5867 synodali.
1229 5793 1397 5851 Diuturnain
1415 5791 1569 5849 nonfuisse
1580 5791 1776 5856 domationem,
