3834 6136
63 122 115 182 793

614 116 938 182 uhnxxuouoclutt.
952 149 988 162 —
1005 119 1112 179 MENS.
1131 120 1212 179 DHC.

1674 129 1728 188 794

63 245 243 308 contessoris.
258 243 383 301 l'ustiani
393 242 456 327 [pro
468 242 611 317 Fusciani]
621 252 648 299 et
661 244 800 301 sociorum
810 246 869 318 ejus
881 251 907 309 A
921 248 1061 320 martyris.
1086 248 1165 305 Nota.
1191 247 1308 306 Sanctus
1328 249 1461 308 Damasus
1475 253 1549 312 rexit
1570 255 1723 316 Ecclesiam

64 329 231 392 martyrum.
251 315 402 386 Glodulphi
416 315 554 387 episcopi;
571 339 580 360 »
603 315 664 370 aliis
683 314 835 373 «clodulfi.
852 343 861 366 ›

64 393 135 452 Vide
149 387 382 461 Martyrologium
398 385 555 445 castellani.
573 408 583 432 ‹
599 385 868 461 Prasonismartyris

62 474 89 523 ct
105 463 247 520 sociorum
263 458 332 531 ejus.
350 483 359 505 ι

99 536 237 592 Vanchrt.
255 530 306 587 sub
320 546 399 585 rium.
415 528 485 585 este
501 537 562 600 post
577 529 699 598 Damasi,
718 530 758 587 sic
772 546 867 588 secuu-

60 609 125 665 dam
140 603 383 661 annuntiationem
397 616 432 655 ex
446 600 543 655 Adone
558 600 701 656 extendit:
726 627 735 649 ι
750 603 785 658 Ει
799 619 868 659 san-

60 687 172 736 ctorum
184 684 339 746 martyrum
357 671 496 739 Pontiani,
512 671 670 727 Praetextati
687 680 768 755 atque
783 674 867 731 Thra·

59 749 148 818 souis,
188 747 218 802 ui
242 755 340 818 potens
358 752 385 799 et
409 742 531 814 locuples
553 742 588 798 de
613 742 792 800 facultatibus
810 747 867 802 suis

60 823 150 878 inulta
165 765 332 877 durissimis
357 813 526 869 ministravit
546 828 595 885 per
613 813 644 868 B.
671 815 825 871 Sisinuiuin
840 825 868 872 et

59 894 79 951 G
102 894 210 949 riacum
226 889 369 945 diaconos.
385 885 446 940 Non
462 885 656 957 postmultum
673 885 730 958 ipse
743 894 867 943 tentusa

86 963 243 1028 ammiano,
260 960 380 1032 palmam
393 957 519 1029 martyrii
531 971 596 1012 curn
605 955 715 1014 duobus
728 958 792 1014 aliis
807 976 866 1031 per·

58 1037 152 1107 cipere
167 1032 282 1089 meruit.
295 1057 304 1078 »

94 1107 237 1163 maenas.
251 1123 277 1159 :-
292 1100 396 1157 Eodem
413 1099 468 1167 die,
484 1108 584 1156 sancta
596 1098 689 1155 Maria
705 1100 822 1172 virginis
839 1110 867 1158 et

60 1177 203 1250 martyris.
220 1200 229 1222 υ
249 1173 376 1231 Sumitnr
386 1170 460 1227 haud
474 1171 558 1227 dubie
573 1186 608 1226 ex
627 1170 864 1244 Hieronymianis.

61 1250 132 1307 Vide
148 1245 364 1304 Florentinium.

95 1320 198 1376 luxua.
209 1337 215 1374 :
226 1341 235 1364 ι
246 1317 365 1374 Ciuitate
376 1314 531 1383 Ambianis,
542 1322 700 1370 sanctornm
711 1321 865 1387 martyrum

60 1390 205 1458 Gentiaui,
221 1388 350 1445 Fusciani
364 1394 392 1442 et
405 1387 552 1444 victorici.
568 1411 577 1433 ·

97 1461 195 1517 Editio
209 1459 397 1516 huneco-Coi.
423 1458 540 1530 incipit:
558 1482 567 1504 ι
583 1459 676 1514 Home
699 1457 746 1513 via
764 1456 865 1514 Ardea·

62 1533 135 1600 tina,
151 1532 240 1589 natale
252 1530 339 1587 saneti
354 1530 464 1585 Damasi
481 1546 556 1602 papae
579 1536 606 1583 et
620 1529 796 1585 confessoris.
812 1530 865 1595 Qui

922 320 1003 374 aunis
1017 319 1112 375 decem
1125 329 1152 376 et
1161 330 1234 390 outo,
1245 321 1443 404 constituitque
1466 334 1497 380 ut
1509 326 1607 397 psalmi
1617 328 1662 386 die
1676 347 1724 385 no·

923 398 1024 462 ctuque
1036 391 1070 446 ab
1085 392 1280 449 ecclesiasticis
1299 408 1433 464 personis,
1449 394 1542 451 choris
1567 398 1723 457 alternatim

922 461 1134 519 concinentibus
1144 462 1364 536 frequententur.
1376 466 1476 522 Beatus
1486 467 1569 523 etiam
1582 469 1725 543 Hierony-

923 549 984 588 mus
1000 535 1088 590 multa
1100 533 1135 589 ad
1149 551 1212 590 enm
1221 535 1359 593 catholiea
1368 538 1470 609 scripta
1485 538 1571 607 misit,
1584 539 1725 612 inquibus

921 612 949 659 et
959 603 1028 660 duos
1043 606 1106 661 illos
1116 621 1224 674 versus,
1239 607 1332 663 Gloria
1342 609 1421 664 Patri
1431 627 1440 673 ,·
1450 608 1524 666 Sicut
1533 617 1602 677 erat,
1613 619 1680 680 etc,
1695 612 1738 668 in'

922 677 1091 747 psalmorum
1102 676 1157 732 fine
1167 677 1362 735 decantandos.
1376 681 1435 752 lpse
1442 681 1553 737 tandem
1564 681 1723 752 defunctus,

922 747 968 802 via
982 748 1131 804 Ardeatina
1146 751 1271 821 sepultus
1286 757 1336 805 est.
1351 752 1475 809 Danielis
1508 753 1641 825 ropheta.
1656 755 1724 811 ltein

921 817 1194 901 losephpatriarcha
1204 820 1257 876 lilii
1269 819 1362 878 Jacob.
1382 823 1464 895 Apud
1482 768 1620 894 lauream,
1636 826 1724 882 sancti

921 891 1027 946 Nicolai
1052 907 1066 946 e
1087 892 1143 948 isco
1166 892 1173 947 i
1193 899 1220 947 et
1242 892 1418 961 confessoris,
1441 896 1573 952 avunculi
1596 896 1724 965 alterius,

921 962 1014 1033 magni
1027 908 1133 1044 scillcet
1141 909 1258 1019 Kicolai.
1270 965 1332 1036 Ipso
1341 963 1397 1032 die,
1406 965 1479 1021 beati
1490 966 1584 1023 Sabini
1603 967 1724 1039 episcopi

921 1033 1085 1102 Placentini,
1101 1034 1177 1089 mirae
1192 1035 1347 1091 sanctitatis
1362 1036 1426 1090 viri.
1438 1035 1491 1103 Qui
1508 1036 1562 1093 fide
1576 1039 1725 1109 plenus,ut

920 1104 1004 1160 refert
1018 1104 1165 1178 Gregorius
1180 1105 1217 1161 lll
1227 1106 1333 1178 Dialog.
1346 1105 1420 1162 Pado
1435 1107 1522 1163 lluvio
1542 1109 1724 1165 inundatione

920 1191 998 1301 agros
1013 1177 1143 1232 Ecclesiae
1162 1178 1309 1249 occupanti
1324 1178 1570 1234 commonitorium
1586 1179 1723 1246 scribens,

920 1262 935 1302 c
957 1255 1044 1302 artam
1061 1248 1148 1319 ipsam
1164 1247 1192 1302 iii
1208 1265 1307 1321 aquam
1328 1247 1401 1305 mitti
1413 1248 1507 1321 jussit,
1532 1250 1681 1322 statimque
1695 1267 1724 1306 se

920 1333 991 1373 aua
1015 1320 1195 1391 compescuit,
1217 1336 1268 1374 nec
1291 1320 1408 1375 ulterius
1437 1322 1513 1377 exire
1538 1323 1721 1393 presumpsit.

947 1389 1028 1456 ethis,
1046 1390 1190 1446 translatio
1206 1389 1292 1446 sancti
1304 1389 1456 1470 Glodulphi
1472 1393 1593 1464 episcopi
1609 1399 1636 1446 et
1650 1408 1723 1448 con-

920 1461 1041 1516 tessoris.
1067 1463 1145 1529 Item,
1172 1471 1273 1517 sanctae
1305 1477 1445 1518 memoria
1469 1463 1558 1519 David
1591 1463 1721 1518 monachi

920 1531 1111 1589 Cisterciensis
1134 1532 1258 1601 Ordinis,
1290 1533 1320 1588 in
1343 1534 1510 1590 monasterio
1533 1534 1719 1590 Hemenroede

61 1605 139 1659 rexit
161 1602 310 1659 Ecclesiam
334 1618 421 1656 annos
444 1600 552 1666 decem,
574 1616 681 1655 menses
704 1600 782 1669 dnos,
809 1601 903 1666 diesB
920 1603 1124 1675 quiescentis.»

55 1674 166 1730 decern.
178 1673 230 1730 Hic
243 1672 390 1729 constituit
402 1680 433 1727 ut
443 1672 542 1744 psalmi
553 1670 598 1726 die
613 1680 752 1743 noctuque
764 1670 798 1727 ab
809 1673 864 1744 epi·

55 1745 159 1817 scopis,
184 1755 211 1802 et
233 1743 403 1816 presbyteris
425 1758 457 1799 ac
474 1742 621 1815 religiosis.
641 1743 670 1797 in
685 1743 809 1798 ecclesiis
833 1759 865 1800 ac

55 1816 235 1872 monasteriis
249 1823 435 1882 cantarentur,
453 1823 480 1871 et
494 1821 525 1869 ut
544 1812 624 1869 chori
640 1813 668 1867 in
691 1812 759 1868 duas
774 1821 864 1885 partes

55 1888 143 1944 divisi
159 1887 281 1959 psalmos
294 1885 453 1941 alternatim
468 1891 642 1941 canerentur.
657 1884 728 1939 Huic
742 1885 864 1939 sanctis-

56 1959 129 2015 simo
144 1959 207 2014 viro
221 1958 254 2014 B.
277 1957 464 2028 Hieronymus
483 1956 571 2010 multa
585 1954 776 2011 ecclesiastica
793 1957 864 2011 reli-

57 2030 149 2102 gionis
162 2030 265 2100 scripta
280 2029 367 2095 misit,
384 2031 530 2109 interque
546 2033 573 2081 et
594 2027 664 2082 duos
679 2042 775 2081 versus
789 2027 863 2082 scri-

57 2102 126 2173 psit,
151 2101 268 2166 scilicet,
286 2100 380 2156 Gloria
401 2100 491 2163 Patri,
513 2108 540 2154 et
556 2097 629 2153 Sicut
650 2104 718 2161 erat,
741 2105 794 2153 etc.
812 2099 863 2155 Hic

57 2173 143 2229 etiam
157 2173 245 2229 inulta
254 2188 369 2243 corpora
383 2178 542 2227 sanctorum
553 2169 672 2224 invenit.
689 2169 758 2224 lteiu
773 2170 862 2225 sancti

56 2244 182 2300 Danielis
215 2243 347 2314 rophetae.
360 2243 481 2298 »Textus
495 2241 619 2322 reliquus
633 2240 700 2295 satis
710 2255 796 2311 purus
810 2247 861 2309 est,

57 2315 112 2370 nisi
129 2260 246 2387 quadiu
262 2313 317 2368 line
331 2313 433 2369 scribat
447 2331 453 2367 t
470 2313 572 2367 Euticii
585 2311 753 2381 confessoris.

94 2386 191 2442 Baius.
208 2384 322 2458 puritati
337 2384 482 2457 proximus
498 2390 549 2450 est,
566 2383 702 2454 incipiens
715 2401 740 2437 :1
757 2383 860 2451 Home,

57 2458 147 2513 sancti
162 2457 272 2513 Damasi
288 2472 362 2528 papae
377 2462 404 2511 et
418 2454 592 2511 confessoris.
610 2454 713 2509 Eodem
728 2452 784 2521 die,
803 2469 861 2524 pas-

57 2529 134 2596 sio,›
154 2536 207 2584 etc.
232 2527 351 2583 Nomina
364 2525 595 2582 Ambianensinm
609 2526 719 2592 format,
736 2525 862 2580 Ambiani

58 2607 82 2654 st
105 2599 237 2666 Victorini,
252 2606 280 2653 et
293 2599 375 2666 inira,
396 2614 454 2651 cum
470 2603 559 2651 sancto
583 2595 731 2666 Agentiuno
750 2597 860 2668 hospite.

58 2672 138 2738 Item,
149 2670 234 2740 jussit
246 2671 415 2726 Ricttovarus
422 2685 529 2739 prases.
544 2667 623 2723 Alios
637 2666 721 2737 hujus
730 2666 861 2723 editionis

954 1673 1064 1731 Morsu.
1080 1674 1143 1730 aliis
1156 1675 1256 1731 litteris
1271 1678 1359 1732 textui
1381 1676 1521 1732 immiscet
1534 1685 1595 1749 post
1609 1677 1720 1732 Damasi
1810 1705 1813 1711 ·

915 1761 1003 1816 papa,
1025 1746 1096 1818 ‹qui
1120 1746 1192 1801 rexit
1207 1747 1359 1802 Ecclesiam
1373 1763 1460 1803 anuos
1480 1747 1575 1805 decem
1597 1756 1623 1804 et
1644 1756 1719 1816 octo,

919 1831 1026 1871 menses
1050 1825 1115 1884 tres,
1140 1817 1200 1872 dies
1221 1817 1300 1874 duos.
1318 1819 1369 1875 Hic
1393 1819 1539 1875 constituit
1562 1827 1594 1874 ut
1620 1818 1719 1890 psalmi

918 1886 963 1942 die
978 1895 1115 1959 noctuque
1140 1897 1306 1944 canerentur
1328 1905 1378 1960 per
1397 1905 1492 1945 omnes
1514 1890 1652 1945 ecclesias.
1668 1889 1721 1946 Hic

917 1957 1006 2013 multa
1020 1974 1136 2030 corpora
1145 1968 1302 2015 sauctorum
1318 1961 1464 2031 requisivit
1479 1967 1506 2014 et
1520 1960 1638 2028 invenit,
1672 1974 1722 2014 uo·

916 2044 979 2083 rum
993 2030 1155 2085 memoriam
1170 2031 1252 2086 etiam
1268 2029 1394 2086 versibus
1404 2030 1565 2086 declaravit.
1581 2054 1590 2077 ι
1605 2031 1636 2086 ln
1651 1976 1717 2099 Hire,

919 2100 993 2225 typis
1004 2100 1168 2168 minoribus,
1181 2102 1214 2157 de
1225 2102 1328 2157 Sabino
1339 2102 1486 2226 de⁸⁰fill³⁸it
1499 2101 1582 2157 verba
1591 2102 1718 2158 Gauvau.

925 2194 933 2216 ι
960 2187 1008 2241 pso
1021 2171 1075 2238 die,
1091 2171 1165 2226 beati
1180 2171 1275 2227 Sabini
1286 2173 1407 2244 episcopi
1445 2172 1586 2238 lacentiui,
1602 2173 1712 2239 mirae,-

916 2248 981 2309 etc.,
1005 2242 1110 2297 addens
1133 2243 1215 2298 etiam
1250 2242 1416 2299 miraculum
1446 2242 1479 2298 de
1502 2243 1630 2298 coercitis
1652 2242 1718 2298 Padi

916 2313 1006 2382 aquis,
1021 2321 1073 2368 etc.
1090 2315 1121 2368 Iri
1142 2313 1313 2369 editionibus
1328 2314 1392 2369 aliis
1414 2313 1486 2368 idem
1502 2312 1572 2368 habe
1596 2313 1624 2366 iii
1640 2321 1719 2368 textu

916 2383 979 2438 aliis
1003 2382 1103 2439 litteris
1125 2383 1159 2440 de
1178 2386 1305 2450 Damaso,
1323 2393 1350 2439 et
1371 2390 1501 2455 praterea
1520 2383 1554 2438 de
1579 2382 1719 2438 Thrasone

915 2463 977 2525 post
993 2455 1173 2521 Christianus,
1188 2454 1286 2510 inserit
1300 2471 1336 2510 ex
1353 2455 1459 2523 Adone,
1480 2461 1594 2525 »potens
1604 2461 1631 2508 et
1644 2454 1719 2511 locu·

915 2525 984 2597 ples,
1000 2525 1033 2581 de
1050 2526 1227 2582 facultatibus
1235 2525 1302 2592 suis,
1314 2525 1417 2581 sanctis
1428 2524 1607 2596 martyribus,
1620 2525 1648 2578 in
1660 2541 1718 2581 aar·

916 2596 1026 2652 ceribus
1049 2605 1076 2652 et
1101 2598 1220 2652 metallis
1239 2596 1388 2662 damnatis,
1414 2595 1521 2651 victum
1545 2595 1720 2650 ministrabat

915 2683 964 2746 per
978 2667 1133 2724 Sislnnium
1148 2675 1176 2724 et
1190 2666 1348 2740 Cyriacum.
1367 2667 1428 2723 Non
1443 2666 1532 2722 multo
1545 2674 1607 2738 post
1620 2673 1647 2720 et
1662 2666 1719 2738 ipse

57 2759 153 2824 naevos
168 2751 318 2824 praetereo:
344 2741 373 2796 in
390 2737 511 2796 secunda
524 2738 647 2795 editione
669 2738 752 2795 habet
770 2739 862 2796 Datioi
914 2738 1038 2866 ffitiiphes,
1052 2739 1174 2881 istitytlcitssn
1190 2736 1616 2881 fiigiihgllxilffinmdzcssgipsgairriigss
1628 2737 1718 2792 Patris

59 2830 185 2885 episcopi.

95 2885 245 2941 Gnarum:
269 2883 400 2941 «Octava
420 2889 521 2939 sanctae
542 2880 669 2937 Barbaria
692 2880 811 2953 virginis
834 2888 861 2937 et

59 3142 159 3199 Pridie
174 3142 247 3198 Idus.
1608 3132 1659 3188 Die
1673 3130 1718 3187 ia.

94 3231 178 3303 Apud
194 3229 356 3300 Narbonem,
372 3232 472 3288 natalis
486 3232 574 3289 saneti
587 3231 665 3288 Pauli
680 3230 858 3297 confessoris,
875 3243 956 3301 quem
975 3227 1072 3284 beatus
1091 3227 1193 3282 Paulus
1207 3226 1351 3298 apostolus
1366 3223 1537 3289 ordinatum,
1554 3220 1643 3276 eidem
1656 3219 1719 3275 urbi

57 3319 213 3380 destinavit
225 3319 394 3376 antistitem:
412 3322 515 3393 quique
525 3338 589 3377 cuin
603 3321 699 3376 eodem
709 3320 843 3392 Apostolo
851 3318 885 3374 ad
901 3316 1046 3387 Hispanias
1060 3314 1230 3387 praedicandi
1246 3312 1333 3385 gratia
1348 3327 1472 3384 pergens,
1489 3308 1594 3366 ibidem
1606 3307 1718 3364 relictus

57 3418 109 3477 est,
128 3408 175 3465 uhi
189 3409 494 3481 praedicationisofficio
508 3425 565 3465 non
580 3409 701 3479 segniter
715 3408 841 3480 impleto,
857 3407 947 3463 clarus
963 3406 1105 3462 miraculis
1120 3413 1268 3489 coronatus
1283 3404 1400 3477 quievit.
1417 3405 1448 3458 ln
1462 3399 1642 3468 Alexandria,
1658 3415 1718 3455 san·

56 3508 166 3558 ctorum
181 3505 336 3569 martyrum
346 3496 503 3568 Epimachii
514 3506 541 3551 et
551 3495 715 3564 Alexandri,
727 3496 785 3569 qui,
798 3513 861 3553 cum
876 3506 966 3555 esseut
981 3500 1069 3554 multo
1079 3506 1203 3570 tempore
1213 3496 1244 3552 in
1260 3496 1390 3563 vinculis,
1407 3502 1434 3551 et
1444 3492 1562 3549 diversis
1576 3490 1720 3562 suppliciis

55 3590 176 3648 coniecti
191 3588 385 3662 perdurassent
396 3590 424 3643 in
436 3588 499 3657 lide,
515 3588 626 3661 ignibus
636 3588 670 3645 ad
686 3597 858 3662 postremum
872 3587 998 3645 consumi
1010 3587 1153 3659 jubentur.
1169 3588 1238 3642 ltem
1254 3583 1441 3652 Alexandriae,
1451 3589 1607 3638 sanctarum
1623 3578 1720 3633 mulie·

56 3695 119 3735 runi
133 3678 319 3734 Ammonariai
336 3687 362 3732 et
377 3678 519 3736 Mercurius
533 3694 597 3735 cum
616 3679 680 3734 aliis
695 3679 813 3748 duabus,
830 3696 901 3753 quae,
925 3677 1060 3734 inauditis
1075 3682 1278 3732 tormentorum
1294 3670 1440 3745 generibus
1455 3669 1579 3728 toleratis
1593 3675 1620 3723 et
1634 3682 1720 3738 supe-

56 3768 136 3836 ratis,
151 3768 234 3823 linem
249 3767 387 3834 omnium,
404 3766 619 3836 ferrocaedente,
636 3767 802 3839 suscipiunt.
814 3768 881 3823 Item
897 3775 1055 3824 sanctorum
1072 3774 1227 3836 martyrum
1242 3760 1432 3834 Hermogenis,
1447 3759 1548 3817 Donati
1560 3766 1587 3814 et
1600 3758 1719 3813 aliorum

58 3855 162 3928 viginti
176 3856 306 3912 duorum.
324 3857 354 3910 In
370 3872 439 3926 pago
457 3855 638 3923 Viunacensi,
654 3856 742 3911 sancti
754 3855 887 3913 Walerici
906 3857 1059 3929 presbyteri
1074 3864 1101 3911 et
1115 3851 1290 3911 contessoris.

829 3979 948 4039 NOTAE.

93 4088 177 4144 Puris
199 4095 379 4144 accensentur
400 4088 523 4155 Protea,
542 4086 692 4155 Hermian,
713 4088 944 4159 Antuerp.·Maj.,
969 4087 1124 4157 ausuaga,
1145 4088 1291 4152 Munerat,
1311 4084 1410 4149 Belia„
1434 4083 1544 4137 Greoen.
1568 4088 1595 4136 et
1616 4079 1718 4137 Melan.

56 4176 169 4246 Quibus
179 4175 314 4232 accedunt
327 4176 571 4247 Antuerp.-Maa.,
591 4175 726 4246 llltraject.
744 4183 770 4231 et
785 4177 899 4247 Lapatia.

680 4307 884 4364 VAHIANTES
904 4304 1111 4362 LECTlONES.

61 4479 67 4492 α
96 4408 201 4489 Melan.
218 4407 269 4489 vix
284 4409 376 4490 locum
395 4407 478 4464 hodie
497 4409 569 4490 inter
584 4425 667 4491 puros
687 4419 817 4467 meretur.
831 4410 863 4491 ln
881 4411 903 4471 G
919 4407 1065 4481 Rosweyd.
1081 4409 1234 4480 anteferre
1249 4406 1360 4461 cadente
1379 4403 1590 4528 ροειιίιιαιξιίια.Ι
1602 4403 1635 4458 ln
1647 4401 1721 4457 Gre-

60 4496 122 4552 ipso
136 4496 274 4551 principio
288 4480 403 4536 scribit:
421 4482 503 4536 Pauli
522 4497 635 4552 episcopi
648 4487 672 4535 et
692 4480 860 4551 confessoris,
918 4496 982 4537 ven.
997 4481 1102 4536 cudente
1116 4488 1157 4536 est
1178 4497 1191 4535 s
1211 4478 1303 4534 halma
1316 4474 1493 4557 typographi.
1530 4490 1592 4529 auci
1617 4473 1721 4529 habent

59 4567 147 4623 aquo
166 4551 249 4606 titulo
263 4552 354 4606 caeteri
375 4568 471 4607 ornnes
484 4551 634 4608 abstinent.
650 4553 785 4609 Munerat.
802 4558 863 4679 post
914 4553 1084 4624 percipiunt;
1106 4496 1227 4608 secunga
1240 4548 1329 4605 Belini
1354 4547 1440 4603 editio
1451 4551 1641 4618 perspersum
1658 4559 1721 4600 ser·
1806 4560 1813 4572 ·

58 4623 199 4693 apostolus
221 4623 316 4676 omisit
332 4639 428 4678 vocem
444 4624 607 4680 ordinatum.
633 4624 737 4680 Rursus
758 4625 803 4681 Mo
815 4641 861 4679 au.

58 4709 112 4767 pro
125 4694 223 4764 quipus
236 4710 294 4747 cuni
307 4694 396 4748 eodem
420 4695 487 4765 legit
504 4712 613 4765 cumque
631 4696 738 4760 eodem;
761 4696 862 4762 Belin,

57 4781 171 4834 eumque
183 4781 242 4818 eum
255 4766 360 4829 eodem·
375 4766 645 4838 Miiuerat.,quicum
660 4768 756 4823 cedern.
772 4767 861 4823 Belin.

58 4851 173 4891 sensum
189 4837 342 4961 corrumpit
353 4837 472 4909 inofficio
487 4839 628 4909 insignitus
642 4841 754 4911 captate,
767 4848 864 4896 contra

58 4922 145 4980 quam
162 4909 249 4978 legere
264 4907 296 4962 de
307 4909 390 4974 rebat,
401 4909 483 5035 offo
495 4927 548 4964 non
561 4911 673 4981 segniter
683 4911 798 4981 impleto.
815 4913 863 4966 Er·

58 4978 303 5034 inepiscendum
319 4981 418 5051 ponito
450 4981 488 5034 ris
501 4982 639 5037 miraculis
654 4983 801 5052 preclarus
815 4981 863 5036 mi·

58 5050 174 5104 rosulis.
186 5049 261 5105 ldem
276 5050 357 5106 habet
371 5053 545 5121 Eppmachii;
559 5052 690 5118 Greveu.,
705 5054 862 5124 prmachi.

58 5120 184 5189 Mallem,
200 5137 264 5177 cum
275 5121 363 5176 belin.
377 5123 527 5190 etHolan.,
543 5124 708 5194 Epimachi;
726 5123 774 5179 sed
787 5124 863 5179 Heri·

59 5191 152 5258 nien,
168 5193 327 5263 ltosweyd„
345 5192 491 5262 Munerat,
507 5195 564 5249 imo
579 5195 733 5251 Homanuui
747 5209 863 5267 parvum

59 5271 90 5318 et
107 5262 179 5331 Ado,
205 5270 307 5334 cogunt
331 5263 450 5320 scribere
464 5282 526 5321 cum
549 5273 627 5322 textu
652 5265 811 5336 Epimachii.
833 5267 863 5320 ln

59 5334 162 5391 Boline
178 5341 206 5390 et
219 5343 283 5390 ante
298 5336 487 5406 perdurassent
507 5336 651 5393 redundat.
668 5337 754 5407 Major
768 5336 798 5391 in
812 5352 864 5391 eo-

59 5405 126 5462 dem
151 5405 288 5474 conlusio,
314 5405 380 5461 dum
396 5408 525 5464 mulieres
543 5407 745 5463 Alexandrinas
764 5408 864 5464 ultimo

60 5479 127 5535 loco
142 5476 241 5549 ponit:
257 5477 377 5532 inanima
390 5495 456 5534 vero
470 5488 498 5534 et
510 5478 593 5551 hujus
607 5488 634 5535 et
648 5479 750 5534 Melani
764 5495 779 5534 a
795 5478 865 5533 reli-

80 5549 127 5605 uis
140 5548 338 5619 discrepantia,
383 5549 409 5603 ui
428 5558 487 5620 post
510 5550 649 5606 llercurioe
672 5551 731 5606 ausi
748 5557 813 5605 sunt
830 5566 865 5605 ex

89 5621 164 5678 done
178 5618 309 5688 inserere,
325 5627 352 5675 et
394 5621 501 5692 ianpsiiu
519 5629 541 5677 et
560 5622 655 5676 iterum
674 5620 864 5689 Ainnmnuri‘oe,

60 5691 100 5749 ob
133 5706 218 5766 quam
251 5691 432 5748 variationem
469 5693 525 5749 iere
548 5694 625 5766 puris
655 5693 761 5751 exclusi
789 5701 863 5749 suut.

918 4622 1040 4680 vandum
1056 4624 1130 4697 quod
1143 4633 1183 4679 est
1194 4623 1226 4678 in
1240 4629 1329 4678 textu.
1350 4618 1448 4690 Viginti
1462 4619 1545 4674 duum
1562 4626 1604 4675 est
1613 4614 1721 4689 phrasis

917 4696 1004 4752 solius
1022 4695 1169 4752 Piatensis.
1189 4695 1277 4765 Pagus
1298 4691 1477 4758 lisiniacensis,
1493 4690 1542 4763 qui
1566 4688 1721 4747 castellano

918 4775 958 4823 est
977 4766 1180 4834 Viuemucensis,
1196 4767 1251 4821 iere
1267 4766 1300 4821 ab
1316 4763 1446 4820 omnibus
1460 4762 1647 4820 diversimode
1668 4759 1722 4838 lle-

918 4838 1078 4895 ctitur.Ado
1088 4838 1225 4895 llosandri
1237 4836 1383 4907 scripserat
1394 4853 1402 4890 i
1413 4834 1518 4907 Aprilis
1543 4833 1720 4908 Winnoieustj

919 4911 980 4966 Ado
1003 4910 1150 4983 Rosweydi
1178 4908 1358 4972 Wimnoeasi,·
1384 4906 1517 4962 hisvero
1546 4905 1719 4982 Vimuaeeusr,

924 4983 1098 5047 Vinmacensi,
1125 4980 1271 5044 l’iuaceitsi,
1292 4978 1468 5043 Viniaacensi,
1489 4976 1621 5054 Vianeusi,
1645 4970 1721 5028 Vim-

917 5054 1040 5120 moceusi,
1068 5051 1255 5117 Numuucensi,
1286 5059 1338 5106 etc.
1366 5047 1478 5103 Pratuli
1511 5051 1656 5125 tantisper,
1685 5056 1721 5096 ex

918 5124 1074 5192 Munerat,
1105 5124 1221 5178 Greveu.
1246 5129 1273 5176 et
1296 5121 1408 5184 Melan,
1435 5118 1598 5197 Vipascense.
1623 5114 1721 5183 Magna

918 5195 1002 5250 etiam
1015 5193 1044 5249 in
1058 5193 1205 5249 scribendo
1214 5191 1326 5264 proprio
1337 5190 1449 5245 uoinine
1464 5189 1629 5267 diversitas;
1646 5183 1693 5264 sed
1706 5198 1723 5238 a

918 5266 1025 5322 ceteris
1039 5265 1134 5321 diliert
1147 5262 1294 5335 Hosveyd.
1308 5262 1374 5317 dum
1388 5259 1453 5331 legit
1466 5259 1589 5339 ll'alerrm⁸
1600 5255 1719 5337 abactis,

918 5345 964 5393 tur
984 5337 1080 5408 iusque
1089 5334 1191 5390 labitur
1202 5331 1463 5389 Belinsuhstituens
1477 5330 1720 5399 Valentuepiscapi.

919 5409 950 5464 ln
965 5353 1100 5464 Klunerat.
1118 5404 1249 5460 mendum
1263 5410 1304 5458 est
1321 5401 1452 5459 Materici.
1467 5400 1538 5455 Nota
1551 5399 1597 5456 hie
1611 5412 1720 5455 annun-

920 5481 1062 5536 tiationem
1090 5476 1279 5547 Hermogenis,
1302 5483 1365 5537 eta,
1388 5473 1417 5526 iii
1440 5470 1586 5544 llosweyd.
1611 5468 1720 5550 duabus

923 5548 1119 5606 Alexandrinis
1134 5545 1275 5617 interjioi3
1292 5542 1445 5601 notabilius
1460 5560 1534 5611 vero,
1545 5552 1601 5599 tres
1614 5541 1723 5622 codices

921 5622 1018 5678 mediae
1034 5628 1106 5675 uotae
1122 5617 1286 5690 Hermogeni
1299 5617 1444 5674 etDonato
1473 5615 1592 5687 seligere
1603 5621 1722 5685 positio-

921 5709 995 5762 nem,
1011 5691 1093 5764 Apud
1107 5690 1266 5756 Emeritam,
1290 5689 1323 5745 de
1345 5703 1400 5761 quo
1417 5632 1481 5743 viiie
1499 5685 1721 5744 Observationes.
