3834 6136
128 242 179 298 itte
624 224 830 286 annulatur
850 218 1101 282 eboriacensis
1119 212 1282 277 honneni
1675 237 1676 240 ¹
1723 203 1775 263 tto

127 390 206 447 oerba
219 404 288 456 meo,
297 401 350 442 eece
359 383 403 457 ep‘o
416 382 529 451 mittam,
546 387 571 437 et
583 396 717 436 msumom
730 377 867 435 universas
881 394 921 433 co·
937 382 962 442 A
976 372 1178 433 habitatoribus
1193 371 1367 445 reperientes,
1394 364 1502 426 cunctis
1523 378 1592 422 iero
1615 359 1775 420 mortalium

124 481 259 554 pnodones
267 477 421 549 Aquilonis,
431 472 614 542 aitllominus,
625 479 649 529 et
657 472 788 528 adducm
795 487 839 526 eas
845 483 926 540 super
977 463 1162 538 temporaneis
1170 460 1301 518 refertum
1311 455 1474 525 commodis,
1485 468 1563 512 inore
1578 450 1635 510 sibi
1647 449 1776 507 familiari

125 576 223 626 terram
237 568 327 635 istam,
338 572 362 622 et
370 582 450 636 super
460 564 619 619 habitatores
632 562 698 632 eius,
714 567 825 631 etsuper
839 573 926 614 omnes
977 553 1145 627 praedantur,
1162 549 1306 622 dissipant,
1322 545 1355 603 ad
1371 554 1539 618 postremum
1562 557 1630 598 vero
1652 536 1777 639 iquiim·

126 658 314 727 nationesque
325 653 476 710 incircuitu
489 652 565 707 illius
579 656 649 706 suut.
665 652 703 706 Et
716 645 874 718 interficiam
883 663 925 700 eos
978 643 1062 699 missu
1074 641 1194 698 adurunt
1203 650 1225 695 ¹.
1240 637 1340 694 Aberat
1347 635 1404 708 iam
1416 642 1481 691 tunc
1502 646 1607 704 corpus
1622 634 1778 686 montissi-

124 755 149 804 et
159 763 309 820 ponameos
323 746 352 801 in
362 751 495 815 stuporem
509 747 533 796 et
547 741 664 808 sibilum,
681 744 704 794 et
728 737 757 792 in
771 735 926 791 solitudines
978 751 1055 793 main
1068 729 1231 790 confessoris
1241 728 1344 787 Christi
1355 723 1515 782 Benedicti:
1531 722 1555 779 si
1564 710 1680 794 quidem
1694 717 1779 791 prima

124 837 295 909 sempiternas
305 853 316 901 ,·
324 836 486 906 perdamque
497 831 574 887 ereis
589 845 673 884 vocem
688 826 790 899 qaudii,
802 832 826 880 et
839 840 925 880 nocem
977 825 1130 882 vastatione
1161 820 1279 894 praelata
1294 818 1382 886 urhis,
1407 830 1500 872 curam
1515 809 1604 883 hujus
1632 806 1705 866 sacri
1728 807 1779 865 loti

124 926 232 992 lotitia,
247 941 333 979 aorem
357 921 457 995 sponsi,
471 928 494 976 et
512 935 599 975 rocem
613 933 723 988 sponsa,
748 931 833 971 rocem
849 913 925 968 mola
978 922 1073 988 agente
1088 902 1247 969 bernardo*
1262 904 1427 965 nobilissimi
1443 902 1551 976 generis
1566 901 1641 968 riro,
1660 898 1779 955 levatum

123 1020 148 1069 et
161 1030 247 1069 uocem
260 1015 391 1068 lucerna:
410 1017 433 1064 et
447 1008 498 1064 erit
511 1007 635 1061 uriiaersa
657 1010 729 1059 terra
749 1004 806 1073 ejus
819 1003 849 1056 in
864 1001 924 1056 soli·
978 1019 994 1060 a
1008 1003 1068 1059 loco
1081 999 1199 1074 sepulcri
1215 995 1420 1055 sanctissimum
1434 1007 1536 1063 corpus
1551 988 1580 1044 in
1595 985 1705 1045 scrinio
1719 1001 1780 1042 cum

124 1103 249 1170 tudinem,
266 1107 290 1155 et
303 1107 437 1170 stuporem
453 1097 520 1168 (der.
544 1097 625 1163 xiii).
646 1093 769 1164 itemque
796 1105 845 1162 pei
858 1089 924 1144 Eze-
980 1091 1082 1148 honore
1096 1105 1217 1162 congruo
1232 1085 1382 1161 repositum
1399 1089 1457 1139 eet:
1474 1081 1569 1152 sicque
1585 1078 1616 1134 in
1634 1076 1727 1133 loculo
1741 1091 1781 1149 qe

123 1190 242 1248 chielem
272 1189 451 1261 proplietam:
487 1185 540 1241 Fac
572 1182 772 1247 conclusionem,
800 1177 925 1250 quonium
979 1182 1093 1239 statoria
1115 1180 1292 1245 collocatum,
1319 1173 1437 1248 qualiter
1464 1183 1635 1245 quocunque
1658 1165 1781 1239 fugiendi

126 1285 198 1335 terra
210 1279 291 1348 pleno
317 1283 354 1333 est
372 1275 476 1346 iudicio
491 1273 661 1346 tarquinum,
688 1276 713 1327 et
735 1269 828 1325 eteius
846 1267 925 1338 olem
979 1271 1133 1345 impelleret
1146 1266 1330 1336 necomitam
1345 1262 1477 1320 tratribus
1490 1261 1563 1333 tuga
1580 1255 1714 1332 prasidio
1726 1269 1782 1314 sese

123 1368 273 1439 iniquitali.
299 1372 324 1420 0¹
336 1365 467 1421 adducam
478 1363 605 1435 timim&
618 1361 649 1417 dt
666 1359 783 1432 edilibus
806 1362 830 1411 θ’
840 1353 925 1427 timi·
979 1361 1123 1419 tuentibus
1136 1357 1237 1416 deferri
1252 1362 1352 1430 posset.
1368 1351 1421 1410 Sed
1435 1350 1524 1424 gratia
1544 1346 1653 1409 Christi
1677 1353 1780 1421 assuta

124 1459 219 1515 debunt
232 1458 323 1513 domos
346 1472 448 1522 eorum,
464 1459 490 1508 et
511 1452 639 1523 quiescere
652 1450 754 1518 [nomm
777 1444 926 1518 superbiam
980 1450 1077 1525 gentili
1088 1449 1179 1523 gladio
1188 1445 1265 1504 sedes
1281 1444 1334 1501 sibi
1349 1448 1455 1516 aptatas
1474 1446 1629 1513 repetente,
1645 1437 1781 1497 oanmmsi·

121 1548 276 1620 petredium,
292 1553 316 1602 et
327 1545 497 1618 possidebunt
518 1540 700 1613 fructuarium
722 1554 822 1595 eorum.
836 1534 926 1605 Anqu-
980 1557 1024 1597 mi
1040 1538 1162 1597 membra
1175 1538 1235 1594 loeo
1248 1531 1405 1593 conduntur
1424 1529 1546 1603 proprio.
1567 1525 1701 1584 Secundo
1720 1542 1782 1584 vero

123 1639 176 1694 stia
191 1636 385 1710 superueniente
396 1633 531 1704 requirent
541 1648 643 1702 pamm,
658 1636 682 1685 et
704 1645 759 1685 non
772 1626 840 1682 erit:
860 1639 927 1678 cou-
982 1630 1095 1687 incurso
1110 1621 1311 1696 hostium,jam
1326 1620 1469 1695 praelibato
1483 1618 1586 1676 abbate
1611 1617 1782 1677 ultimossai

125 1727 240 1783 turbatio
256 1742 335 1797 super
348 1722 573 1780 conturbationem
587 1719 679 1786 oenmt,
690 1724 714 1772 et
727 1717 836 1773 auditus
847 1728 927 1783 super
942 1746 964 1806 B
981 1719 1124 1793 regiminis
1138 1718 1299 1776 decus-mre
1313 1714 1395 1783 soles,
1408 1712 1507 1770 iterum
1522 1711 1649 1767 {eratum
1672 1708 1782 1767 morio.

123 1817 256 1882 (ludiim,
276 1820 300 1869 θ*
327 1813 463 1881 requireit
480 1808 606 1864 ”limiti
622 1808 653 1862 db
680 1805 819 1876 ΡΓΟΡΜΜ»
839 1808 864 1856 ⁶³
883 1803 925 1856 lea
980 1811 1081 1868 simoin
1096 1817 1197 1883 corpus
1211 1815 1293 1880 atque
1310 1805 1339 1861 in
1358 1804 1449 1861 loculo
1470 1800 1597 1861 iecmrio
1618 1799 1780 1874 depositum,

121 1897 785 1975 peribitosacerdote,elconsiliunraseuioribus
814 1891 922 1964 (Erech.
980 1899 1163 1972 haoitlaoqro
1186 1904 1268 1971 prout
1281 1893 1473 1968 opportunitas
1496 1890 1570 1965 luga
1596 1906 1626 1948 aa
1645 1889 1781 1960 ahialim

123 1996 186 2064 vn).
204 1996 241 2048 Et
254 2001 315 2064 post
330 2007 433 2064 pauca:
465 1988 697 2055 Secundumoiam
720 2003 811 2042 eorum
825 1983 924 2054 {nomm
980 1989 1111 2047 fratribus
1125 1988 1257 2045 defertur,
1273 1986 1334 2043 Non
1358 1992 1450 2042 tamon
1465 1982 1540 2040 inira
1566 1981 1630 2039 haee
1659 1979 1781 2054 temporis

122 2081 169 2150 eis,
189 2078 473 2148 etseeundumjudicio
487 2075 716 2146 eorumjudieabo
733 2091 787 2140 eos,
809 2074 925 2129 elicient
980 2078 1069 2152 spatia
1083 2078 1169 2151 gratia
1183 2077 1280 2133 divina
1295 2089 1464 2133 sosinosiros
1486 2085 1655 2145 quanquam
1678 2069 1779 2128 misat-

122 2172 187 2244 quio
206 2188 250 2243 eqo
265 2170 395 2228 Dominus
420 2168 528 2241 (ibid.)-
543 2168 593 2223 Est
609 2168 699 2239 itaque
719 2179 830 2222 eernere
844 2180 925 2222 0011]-
981 2168 1076 2226 hiliter
1089 2183 1200 2240 peregre
1215 2166 1381 2239 incertisque
1397 2162 1508 2221 sedibus
1522 2159 1652 2234 jactatos
1666 2159 1778 2219 obliuisci

123 2261 304 2318 minationem
338 2257 527 2332 propheticam
560 2265 654 2313 nostro
682 2253 815 2327 assignari
853 2268 924 2322 aevo,
982 2258 1095 2330 dignata
1113 2265 1165 2325 est,
1180 2255 1248 2329 quin
1268 2253 1411 2313 miraculis
1425 2251 1565 2310 solaretur
1579 2266 1631 2324 par
1646 2248 1777 2309 dilatim-

124 2352 234 2426 qnando
245 2350 280 2408 ob
290 2348 425 2407 scelerum
438 2346 638 2403 immanitatem
651 2347 768 2418 populus
785 2342 924 2416 quondum
982 2364 1058 2403 mum
1069 2363 1149 2403 suurn
1165 2345 1294 2418 patratis:
1307 2351 1443 2417 quatenus
1455 2340 1612 2399 titubantia
1629 2346 1777 2415 propteiut

122 2443 173 2501 Dei
187 2451 215 2499 et
228 2458 294 2499 oues
307 2456 439 2496 uranium
450 2437 510 2510 ejus
519 2438 576 2495 dati
587 2448 653 2494 sunt
663 2435 823 2492 nationibus
838 2435 866 2488 in
881 2433 926 2489 de·
983 2437 1112 2494 aduersos
1126 2452 1205 2492 casos
1226 2435 1370 2491 hominum
1386 2432 1479 2502 corda,
1494 2448 1533 2489 ex
1556 2431 1710 2506 praesentia
1722 2431 1775 2488 tanti

123 2532 320 2606 praedationem
349 2529 593 2603 captivitatemque
626 2526 802 2583 durissimam
828 2531 924 2597 :atquo
981 2527 1080 2595 Patris,
1095 2526 1198 2582 uirtute
1213 2539 1321 2598 quoque
1336 2540 1391 2596 prae
1412 2521 1628 2592 oculishabita‚
1653 2519 1774 2580 abundari·

123 2622 212 2678 solum
240 2636 344 2691 nupera
363 2618 588 2674 florentissimum
613 2624 703 2684 aetate,
726 2614 809 2670 ubere
837 2612 924 2686 gleba,
981 2619 1038 2676 tius
1061 2618 1266 2674 roborarentur,
1293 2614 1359 2672 Post
1377 2614 1546 2671 exhaustum
1562 2630 1689 2688 namque
1714 2610 1773 2686 giiii

124 2716 341 2779 cunctarumque
355 2707 497 2778 opulentia
511 2721 613 2775 reruni,
630 2705 771 2762 redactum
790 2704 819 2760 in
835 2703 926 2759 iasti—
982 2715 1121 2781 grassante
1135 2706 1266 2765 incendio
1280 2704 1449 2774 coenobium,
1466 2705 1548 2762 nulla
1561 2703 1623 2777 jain
1640 2704 1693 2763 soli
1705 2705 1774 2779 qntia

124 2804 207 2852 tatem
229 2813 260 2853 ac
276 2794 454 2851 solitudinem
476 2805 638 2851 extremam.
655 2794 735 2850 Libet
756 2795 841 2867 igitur
862 2810 925 2850 cum
982 2804 1139 2856 remanente
1157 2795 1271 2870 (quippe
1288 2795 1335 2868 qui
1351 2809 1406 2851 non
1423 2794 1527 2866 templa
1546 2792 1660 2852 divinis
1672 2792 1773 2852 cultibus

124 2885 258 2960 propheta
272 2882 361 2941 Dauid
377 2891 512 2939 voraciter
525 2885 697 2940 exclamare:
714 2885 807 2939 iustus
821 2902 857 2953 es,
873 2884 925 2940 llo·
982 2898 1054 2963 apia,
1070 2904 1126 2944 noo
1141 2884 1340 2944 taresdirersis
1349 2883 1483 2942 exstructi
1493 2883 1606 2952 usibus,
1619 2901 1676 2943 non
1683 2883 1772 2952 horrea,

124 2975 203 3044 mirre,
215 2980 239 3029 et
252 2979 350 3028 rectum
360 2970 493 3041 judicium
508 2978 581 3026 tuum
598 2973 685 3044 (Psal.
702 2975 819 3044 exviiil:
843 2982 924 3044 atque
982 2993 1037 3033 non
1053 2993 1164 3051 penora,
1181 2992 1236 3033 non
1251 2983 1325 3032 certe
1340 2974 1482 3048 quidpiam
1494 2973 1620 3043 decoris,
1632 2974 1773 3032 aotudlita·

124 3082 187 3123 oum
203 3067 289 3121 altero
304 3060 449 3118 huirriliter
461 3062 626 3133 implorare:
654 3062 776 3128 Domine,
804 3061 926 3117 miserm
944 3105 965 3165 c
982 3068 1018 3123 iis
1032 3067 1180 3138 restiterat)
1205 3064 1328 3136 nudique
1343 3063 1525 3120 maceriarum
1551 3064 1674 3139 parietes
1692 3074 1774 3138 stupo-

126 3154 223 3222 nostri,
235 3152 564 3224 teernmcespectaoimus:
581 3158 632 3207 esto
648 3153 785 3208 brachium
806 3159 927 3208 nostrum
982 3172 1039 3212 rein
1055 3154 1244 3228 spectantibus
1259 3153 1358 3221 oculis,
1375 3152 1576 3226 horroremque
1600 3155 1688 3228 magis
1707 3169 1773 3229 quan

127 3245 156 3299 in
168 3260 246 3299 mane
259 3249 283 3299 et
292 3246 367 3298 salus
380 3248 473 3297 nostra
487 3241 516 3296 in
531 3247 644 3311 ternpore
657 3242 838 3298 tribulationis
853 3244 926 3314 (lea.
981 3244 1064 3300 decus
1078 3251 1125 3299 aut
1140 3243 1255 3315 gloriam
1271 3242 1450 3315 protensum
1464 3243 1610 3315 compulsi
1633 3244 1726 3301 iratres
1737 3241 1774 3299 do

127 3339 233 3405 xxiiii).
249 3332 313 3389 blac
322 3333 356 3388 de
366 3330 475 3388 excidio
482 3330 692 3402 iucundissime
704 3332 798 3403 patrie
807 3331 928 3388 breviter
982 3350 1058 3389 inum
1070 3331 1208 3405 qnondam
1220 3332 1307 3404 quieti
1319 3340 1439 3406 aptatam
1451 3331 1633 3406 interpositis
1643 3334 1775 3408 partieme

129 3425 230 3481 litteris
258 3423 387 3480 mandare
411 3422 503 3492 libuit,
527 3438 580 3495 quo
595 3422 639 3478 his
654 3437 714 3495 que
737 3423 929 3495 consequenda
981 3426 1108 3492 arcubus,
1124 3422 1158 3480 de
1173 3430 1248 3495 parte
1262 3425 1388 3479 umbram
1413 3423 1521 3479 linxore
1545 3424 1669 3481 minoris
1684 3423 1773 3490 sacelli,

130 3522 209 3571 erant
233 3514 377 3568 clariorem
398 3527 556 3583 pararemus
572 3513 655 3568 uiam.
679 3513 794 3569 Omissis
822 3512 930 3569 scilicet
982 3513 1010 3570 in
1026 3530 1081 3586 quo
1093 3512 1226 3569 fabricato
1240 3512 1321 3569 altari
1336 3511 1464 3569 divinum
1478 3512 1610 3572 officium
1622 3513 1775 3574 interdieta·

131 3602 254 3658 infandis
268 3603 405 3655 malorum
420 3600 628 3672 cladibusque
643 3605 702 3673 ipso
717 3602 759 3656 sui
775 3600 888 3658 horrore
902 3610 930 3658 et
986 3603 1137 3660 lebrabant.
1167 3601 1227 3671 Quo
1241 3603 1325 3658 etism
1351 3602 1380 3658 in
1406 3602 1466 3659 loco
1479 3612 1490 3639 ⁶
1504 3620 1613 3678 corpus
1639 3601 1775 3664 beatissimi

131 3687 328 3755 exsecratione,
355 3688 421 3758 styli
445 3704 555 3744 numum
571 3689 600 3743 in
614 3696 701 3744 seniet
721 3688 865 3747 hebescere
879 3707 931 3748 co-
984 3692 1111 3749 delerunt
1121 3691 1273 3761 benedicti,
1288 3691 1317 3747 in
1333 3692 1427 3748 loculo
1442 3692 1537 3750 adhuc
1550 3694 1704 3766 gestatorio
1718 3691 1775 3768 poti·

132 3789 209 3852 gunt,
220 3783 278 3852 jam
294 3777 415 3836 nuncid
432 3780 601 3851 propositum
616 3778 771 3837 redeamus.
985 3789 1054 3838 tum.
1071 3782 1141 3838 Dum
1158 3782 1387 3854 igitursanotaeo
1399 3780 1578 3855 quiescerent
1589 3782 1776 3853 membraneo

397 3868 511 3925 CAPUT
536 3867 666 3926 XXXIV.
985 3877 1115 3943 operante
1130 3869 1184 3924 tele
1199 3867 1336 3941 quoddam
1351 3867 1453 3926 accidit
1463 3868 1649 3930 oriraculum.

169 3959 337 4017 Floriacenss
352 3956 541 4013 inonosterium
553 3975 570 4012 a
581 3957 754 4015 Nartmonnis
768 3959 897 4033 diripitur

423 4046 454 4085 ao
468 4031 641 4087 comburitur.
1261 4024 1376 4084 esebi
1394 4023 1514 4084 XXXV.

169 4117 276 4174 Interea
300 4116 476 4185 Nortmanni,
504 4125 536 4173 iit
559 4133 641 4191 supra
662 4119 756 4192 paucis
777 4120 930 4195 prelibavi·
985 4123 1113 4194 Pejerons
1130 4139 1180 4195 per
1212 4122 1431 4180 &benedictum
1462 4125 1631 4199 castipatur.
1661 4126 1777 4188 Posiden

133 4227 204 4279 iiius,
215 4210 336 4266 secunda
345 4210 500 4282 irruptione
514 4210 679 4268 Aurelianos
692 4213 821 4285 aggressi,
836 4215 931 4272 urbem
1306 4195 1471 4253 wivaltlii'l·

132 4300 305 4357 ambustione
331 4308 526 4357 concremant:
561 4317 677 4374 parsque
707 4303 831 4373 illorum,
863 4305 932 4361 duce
1021 4311 1153 4384 Tempore
1167 4311 1291 4384 prolixo,
1306 4311 1360 4371 hoc
1374 4313 1635 4389 estseptiuiaferia,
1648 4317 1779 4394 pertotim

132 4389 303 4446 Baretocum
313 4390 494 4465 quadraginta
507 4390 634 4464 navibus,
649 4392 882 4450 monasteriumS.
899 4394 929 4451 P.
985 4416 1096 4458 cursum
1111 4401 1177 4457 anni
1193 4416 1229 4457 or
1242 4401 1320 4457 virus
1333 4401 1363 4458 jn
1377 4403 1508 4475 proximo
1522 4407 1702 4479 mmmm,
1717 4423 1780 4467 m,

132 4482 274 4540 Benedicti
289 4489 432 4556 expetunt,
448 4483 568 4556 quodah
581 4484 648 4541 urbe
662 4484 854 4542 Aurelianensi
877 4485 930 4541 de·
945 4475 969 4533 Ι)
984 4500 1116 4549 consueto
1146 4492 1231 4560 orbis,
1260 4492 1295 4549 ad
1322 4492 1515 4552 distrahendas
1549 4513 1601 4555 seu
1629 4497 1781 4559 ammonia

133 4591 191 4630 ceni
212 4582 239 4630 et
257 4584 319 4630 octo
337 4574 422 4631 distat
440 4575 573 4632 millibus.
593 4576 666 4633 lllud
682 4576 800 4649 denique
811 4593 928 4633 vacuum
988 4597 1092 4639 meroes
1104 4584 1221 4656 populos
1234 4581 1372 4640 confluere
1387 4584 1458 4641 solos
1471 4585 1502 4643 jn
1519 4586 1585 4647 1000
1597 4588 1683 4663 jum
1702 4606 1780 4649 mom.

170 4677 181 4702 ¹
196 4663 240 4743 ¹5¹„
251 4665 353 4744 lactum
366 4680 444 4744 ,anno
458 4665 520 4733 865,
544 4672 576 4720 ut
591 4666 722 4722 scribitur
736 4666 765 4721 in
778 4667 934 4724 Annalibus
988 4688 1088 4728 crimem
1099 4679 1124 4727 et
1133 4673 1233 4730 Christi
1245 4673 1409 4745 sanquinem,
1423 4682 1454 4731 ut
1469 4678 1648 4752 priuileqiuns
1668 4687 1781 4738 monsh-

135 4735 393 4814 Bertinranisuetin
417 4735 555 4815 Chronico
567 4753 639 4816 anon
662 4738 699 4793 nii
715 4754 794 4809 quein
810 4740 934 4795 Andreas
987 4744 1024 4799 rii
1039 4745 1067 4800 S.
1085 4744 1219 4799 Benedicti
1228 4747 1298 4815 quod
1312 4753 1443 4802 annuente
1452 4748 1574 4820 prolato
1597 4770 1661 4825 repe
1673 4754 1780 4827 prun

136 4804 271 4886 Chesnius
281 4805 344 4859 aliis
355 4806 513 4887 auctoribus
525 4822 572 4879 qui
587 4754 868 4888 ile-illortniannorum
883 4827 934 4882 pe·
987 4820 1061 4881 rant,
1077 4816 1196 4886 quodque
1209 4816 1275 4870 idem
1295 4817 1429 4888 llodulfus
1442 4821 1642 4894 subscripserat
1668 4827 1779 4898 qaiprff

136 4884 185 4932 stis
200 4882 379 4957 scripserunt,
395 4886 537 4958 premisit.
548 4880 611 4932 Alia
623 4887 688 4933 rtem
706 4895 765 4934 tice
789 4880 860 4936 idern
878 4899 933 4938 ino·
987 4886 1072 4956 fatam
1093 4886 1227 4941 abbatiam
1250 4887 1437 4960 irrequlnriter
1453 4892 1586 4950 retinebat
1607 4868 1702 4954 ra’lm
1715 4896 1778 4953 ath·

135 4955 285 5004 nestorium
299 4947 501 5027 aNortinaunrs
514 4949 686 5005 cotribustuin
700 4958 751 5019 est,
768 4952 808 5007 uti
822 4953 856 5007 ad
867 4953 934 5008 illa-
987 4959 1139 5013 conoulmm
1154 4975 1260 5013 screare
1274 4961 1414 5018 studerent.
1585 4938 1594 4964 ’

135 5017 274 5101 tionisS3
304 5020 446 5076 Benedicti
479 5019 622 5076 historiam
642 5022 756 5091 dicitur,
786 5028 886 5080 saeculo
906 5041 934 5081 iv
1023 5029 1352 5101 ⁰Hinccolllguutsocii
1374 5031 1565 5105 bollandiani,
1582 5048 1713 5112 suspecta
1732 5049 1777 5094 sart

134 5091 325 5148 Benedictino.
380 5162 385 5173 Ι
743 5165 770 5177 ..
889 5167 895 5178 ἱ
988 5101 1228 5172 quiealliedericu
1242 5103 1540 5163 monachoTeutonioo
1558 5109 1776 5168 sinisteriore

171 5163 353 5244 alternandis
378 5171 429 5219 iste
443 5179 490 5219 seu
512 5163 657 5221 Bertaldus
671 5167 789 5222 concilio
805 5168 934 5223 Suessio-
988 5172 1099 5227 lationis
1125 5174 1153 5229 S.
1169 5172 1310 5229 Beiiedicti
1324 5190 1359 5230 ex
1373 5174 1440 5232 urbe
1465 5180 1621 5237 Aureliana
1645 5180 1774 5254 mutiriane

135 5250 213 5324 nensi
236 5252 257 5291 n
272 5235 344 5316 apud
366 5233 393 5289 S.
411 5235 570 5292 bladarduin
586 5236 682 5292 habito
708 5239 835 5296 interluit
860 5256 933 5296 airino
987 5243 1154 5311 reseruntur,
1182 5244 1288 5301 scilicet
1310 5246 1425 5316 glaciem
1453 5250 1530 5307 ultro
1557 5253 1734 5327 liquefactam
1751 5263 1775 5303 tt

135 5305 188 5362 tet
208 5314 394 5378 successitque
412 5307 546 5387 bedullo,
563 5308 596 5364 de
620 5323 673 5380 quo
687 5311 837 5366 concilium
860 5327 933 5367 atino
987 5313 1094 5371 dissolu
1106 5332 1161 5384 ani,
1174 5325 1202 5372 et
1215 5316 1326 5373 arbores
1341 5316 1580 5380 hiemetloruisso.
1598 5325 1668 5393 Quae
1681 5317 1772 5381 moniti

135 5376 187 5433 859
203 5379 275 5448 apiud
287 5380 584 5450 Saponarrashabitum
604 5396 628 5436 c.
646 5381 697 5437 ll:
718 5383 832 5437 Tandem
843 5392 933 5454 postu·
988 5385 1039 5443 hec
1054 5391 1196 5444 occasione
1218 5397 1293 5460 geete
1306 5388 1361 5445 dici
1379 5405 1458 5462 posse
1479 5394 1658 5464 existimant,
1683 5387 1772 5453 nott!

137 5445 201 5500 lauit
215 5451 349 5505 liarrtiliter
363 5453 492 5521 qeneralis
504 5453 619 5523 synodus
632 5469 659 5507 se
672 5451 708 5508 od
731 5460 829 5508 uriam
853 5471 934 5536 usque
987 5457 1143 5516 Adreualdo
1154 5460 1200 5519 hic
1210 5460 1451 5534 pretermittenda,
1463 5464 1487 5520 si
1501 5478 1569 5525 vera
1586 5462 1770 5527 tmsesuuflrt

132 5524 301 5585 prosternens
319 5529 379 5576 ante
394 5523 522 5580 Canobum
537 5541 621 5595 reqem
635 5530 659 5580 et
672 5525 818 5594 liudulfum
830 5527 933 5582 Biturs·
988 5530 1064 5586 alias.

132 5602 194 5657 qum
221 5591 462 5664 orclsiepiscopum,
501 5595 639 5653 obsecrans
678 5602 702 5650 et
728 5596 860 5667 adjetione
884 5615 935 5670 per
