3834 6136
138 179 174 240 95
797 177 949 235 osonum
968 176 1129 234 Montani
1199 177 1202 180 ’
1754 177 1792 234 oe

108 306 315 373 &augmentum
334 309 361 358 et
375 302 486 369 vitium,
512 300 559 358 sed
581 310 711 374 praeterea
737 300 875 357 excedunt
901 301 929 356 in
944 302 970 359 A
985 301 1080 356 Soram
1091 297 1657 370 Campaniacivitatem,sanctaltestitntae
1667 299 1790 374 virginis

157 373 284 456 riucipio,
302 375 350 429 ulii
373 375 411 430 ita
432 374 554 431 habent:
591 375 716 441 «Romae,
743 377 833 428 natale
857 372 929 429 beati

136 393 250 502 ioannis
265 462 350 517 papae,
377 463 457 518 quein
479 447 563 501 rciert
584 454 693 501 sanctos
712 445 870 514 Gregorius,
897 444 932 500 ob

137 518 320 574 orthodoxam
336 517 428 584 sideni,
454 519 544 589 prime
564 517 592 571 in
615 516 741 572 custodia
756 525 876 583 tentum,
901 531 933 573 ac

136 589 236 645 deiude
250 590 284 645 ad
301 597 415 644 mortem
432 606 518 660 usque
535 588 696 658 perilnctuni
708 605 769 643 cuin
783 588 845 643 aliis
855 604 932 660 aeqne

136 661 281 718 catholicis
295 662 372 716 viris.
390 685 398 705 ·
416 661 481 726 Quin
497 660 577 713 etiam
593 660 621 712 in
637 661 750 726 lieiixo,
762 676 796 714 ex
813 676 867 731 quo
881 661 932 716 llo·

137 750 247 789 manuni
260 752 266 795 ;
278 740 305 787 ct
321 733 347 786 in
365 731 563 802 posterioribus
572 732 682 786 Motiui
696 731 866 787 editionibus
881 731 933 789 hac

136 803 181 860 die
206 811 354 874 ponuntur,
381 801 427 857 uhi
443 819 477 856 ex
493 803 574 869 beda,
600 804 678 858 ltnni.
704 820 798 873 parvo,
825 803 930 869 Adime,

136 874 269 940 Usoardo,
282 874 401 941 ltabano,
418 881 445 928 et
458 873 589 942 Notliero,
598 875 632 930 ad
642 886 800 947 sequentem
812 883 932 946 spectare

136 946 277 1000 uidentur.

171 1017 348 1071 Cataoniam:
376 1041 384 1063 ‹
402 1016 481 1088 Apud
498 1018 607 1072 Mesiam
623 1017 735 1073 civitate
755 1018 929 1087 Dorostensi,

136 1089 235 1144 natalis
245 1087 333 1143 sancti
345 1088 412 1144 liilii
425 1090 563 1159 martyris.
576 1091 604 1143 ln
617 1088 715 1144 Galliis
723 1090 835 1145 civitate
845 1096 932 1145 Aura·

135 1160 202 1221 sica,
218 1160 305 1214 sancti
321 1159 446 1229 Eutropii
463 1161 593 1231 episcopi.
611 1186 619 1206 ·

172 1231 350 1286 Buuxeiiex.
377 1232 405 1284 iu
420 1231 494 1286 lulio
514 1249 567 1285 nnn
590 1232 668 1302 plane
687 1248 784 1302 purus,
810 1231 932 1288 secundo

135 1302 196 1357 loco
211 1302 323 1358 subdit:
344 1304 399 1356 «Et
411 1303 498 1358 saneti
515 1303 618 1358 Vsichii
637 1305 797 1373 iiiartyris·
815 1304 931 1372 acciepti,

136 1374 245 1444 opinor,
257 1389 290 1428 ex
306 1374 412 1438 Adone,
425 1373 472 1429 sed
486 1375 544 1447 qui,
562 1384 591 1429 ut
605 1374 633 1428 in
652 1375 844 1429 obseruatione
859 1375 933 1430 dixi·

136 1461 207 1512 mus,
225 1445 325 1500 colitur
341 1462 398 1499 xxv
413 1445 498 1499 lunii.
526 1448 564 1502 lle
580 1447 725 1516 Eutropio,
742 1456 823 1502 recte.
841 1447 929 1502 Toni:

142 1539 151 1562 ι
166 1518 202 1571 Et
216 1524 374 1571 sanctoruni
388 1517 531 1584 Martialis,
551 1517 663 1572 liriciani
681 1527 707 1571 et
721 1517 835 1573 Castnli.
854 1542 862 1562 ·
889 1520 930 1572 An

134 1603 191 1643 non
207 1589 322 1655 Sarnali,
339 1595 368 1642 nt
383 1589 520 1642 Toniitaui
537 1604 631 1641 opines
646 1588 711 1641 sint.
735 1590 775 1641 «ln
793 1588 931 1642 territerio

988 381 1014 427 et
1031 378 1101 426 riiart
1122 371 1171 425 ris.
1189 395 1197 418 ι

1024 388 1210 499 ιἰοιιέιτιιη
1231 440 1783 517 ‹DepositiovenerabilislMeeicdemni)

987 515 1066 570 Beda
1077 513 1231 587 presbyteri
1247 521 1274 568 et
1282 513 1403 569 doctoris
1414 513 1502 586 gentis
1515 513 1720 584 anglicanaeln
1731 524 1787 572 ter-

988 587 1085 642 ritorio
1099 585 1349 651 aurelianensium,
1365 585 1509 641 translatio
1519 585 1606 640 sancti
1618 586 1784 645 Maximiani

990 658 1154 739 illustrauit)
1167 656 1306 712 abbatiset
1316 657 1504 712 comessoris·
1523 659 1603 713 Deeo
1610 656 1668 729 jani
1678 658 1788 716 dictum

988 746 1123 799 superios.

1023 803 1122 856 Eoum
1138 801 1330 857 livriaco-Cot.
1348 799 1445 870 incipit
1460 816 1476 854 a
1490 800 1595 855 Ioanne
1610 816 1690 873 papa,
1705 801 1786 874 cujus

987 873 1076 943 eleph]
1086 874 1184 928 ndiioct
1197 881 1217 928 t:
1239 871 1338 942 ‹llnjns
1348 880 1471 943 tempore
1481 871 1597 928 Francia
1608 875 1790 931 convertitur

987 946 1019 999 ait
1036 945 1187 1001 Christum.
1213 943 1289 998 Obiit
1304 950 1393 998 antem
1412 945 1547 998 Ravennae
1562 944 1590 998 in
1605 960 1715 1000 carcere
1734 945 1787 1002 sub

987 1016 1157 1071 Theoderico
1166 1032 1236 1083 rege,
1255 1016 1358 1073 latitare
1370 1014 1573 1081 haereticorum,
1588 1014 1782 1088 cujuscorpus

987 1089 1079 1144 lionae
1094 1088 1255 1142 translatum
1272 1095 1322 1152 est,
1334 1096 1360 1142 et
1370 1089 1507 1156 sepultum
1521 1087 1549 1140 in
1562 1087 1677 1142 eeclesia
1691 1087 1787 1145 Sancti

987 1160 1059 1214 Petri
1087 1159 1115 1213 in
1138 1159 1306 1214 Vaticano.»
1336 1157 1467 1227 Sequitur
1494 1165 1587 1214 textus
1611 1175 1708 1230 puros,
1732 1160 1788 1215 uisi

987 1230 1059 1300 qnoil
1083 1230 1247 1300 llagnullnin
1270 1230 1418 1299 episcopani
1444 1228 1536 1284 iaciat.
1564 1229 1653 1284 Tum:
1685 1255 1695 1277 ι
1718 1231 1787 1287 ltem

987 1301 1122 1370 depositio
1138 1309 1224 1356 saneti
1249 1309 1276 1355 et
1291 1299 1456 1355 venerabilis
1481 1301 1559 1356 Bedae
1577 1300 1732 1372 presbyteri
1757 1311 1785 1360 et

987 1373 1107 1428 doctoris
1123 1373 1210 1442 peritis
1225 1373 1387 1439 duplorum.
1405 1372 1485 1443 Apud
1502 1373 1710 1440 Alexandriam,
1725 1389 1787 1444 pas·

987 1449 1027 1499 sio
1042 1451 1198 1498 satiatorum
1216 1443 1340 1511 aquilini
1360 1443 1511 1514 presbyteri
1527 1453 1554 1498 et
1570 1444 1688 1498 aliorum
1709 1461 1788 1516 qua-

986 1515 1172 1570 tuordecim.-
1193 1513 1281 1581 Adde,
1293 1514 1441 1584 Eeoiipelii,
1456 1523 1539 1571 otest
1556 1515 1628 1570 infra
1643 1514 1673 1571 io
1683 1519 1787 1572 Aucta·

986 1587 1035 1641 riis
1050 1588 1187 1640 lineretur.

134 1659 320 1723 atrebatensi,
337 1658 425 1713 sancti
443 1658 745 1728 ltrrpnnlsiepiscopiet
762 1658 970 1729 numquis-B
1022 1658 1118 1712 lienis.
1147 1657 1236 1711 textui
1265 1672 1320 1710 non
1349 1656 1415 1711 satis
1442 1658 1572 1729 castigato
1602 1659 1784 1730 superaddit:

135 1730 243 1786 Sufficit
259 1730 356 1785 titulos
375 1729 518 1800 posterior,
530 1737 561 1782 ut
575 1727 698 1784 diximus
713 1728 741 1783 in
758 1730 880 1786 auctario
890 1747 929 1785 sc-

135 1800 237 1858 cundo.

171 1872 364 1939 onsxoxax,
378 1870 406 1924 in
421 1878 498 1926 textu
510 1870 576 1925 satis
587 1887 680 1939 purus,
693 1872 732 1927 sic
744 1873 927 1944 prosequitur:

142 1966 151 1990 ι
170 1943 232 2014 lpse
247 1941 302 2009 die,
318 1942 352 1997 de
373 1943 454 1998 ositio
469 1942 564 1996 ileinni
581 1943 669 2004 [ledii.
685 1943 807 1999 doctoris
822 1945 930 2014 Angla-

133 2030 207 2082 rom,
219 2022 246 2068 et
257 1961 422 2069 venerahilis
432 2014 579 2070 cardinalis
591 2013 807 2086 presbyteriflic
816 2023 929 2072 natante

133 2092 191 2141 erat
206 2086 348 2151 Anaeticus,
364 2094 466 2142 etcum
483 2093 585 2156 septem
601 2095 671 2142 esset
685 2103 833 2154 annornm,
849 2087 930 2143 datur

133 2156 283 2213 Beneilicte
294 2156 384 2212 abbati
396 2157 570 2224 nutriendus,
583 2175 662 2230 aquo
674 2160 870 2213 monachorum
884 2160 929 2214 ha·

133 2227 223 2284 bitum
238 2228 358 2300 suscepit
368 2239 394 2284 et
407 2245 514 2301 semper
524 2238 616 2301 postea
630 2229 713 2285 discit
725 2239 771 2284 aut
782 2229 885 2297 docuit,
899 2231 928 2285 li-

134 2298 252 2372 brosque
273 2300 453 2356 inimitabiles
475 2301 640 2371 composuit,
664 2319 725 2357 cum
752 2301 880 2357 homeliis
903 2311 930 2358 et

133 2371 316 2439 sermonibus,
329 2373 429 2444 quibus
440 2372 528 2428 utitur
542 2373 664 2428 Ecclesia
676 2374 704 2428 in
716 2373 812 2429 divino
827 2373 926 2429 cilicio.

132 2443 225 2499 Roniae
241 2445 393 2514 promeruit
408 2444 480 2526 quod
495 2444 668 2500 Venerabilis
681 2453 723 2498 est
737 2454 928 2511 vocatiis,nam

133 2513 303 2587 Scriptorum
314 2524 452 2588 exposuit,
467 2533 547 2586 quani
560 2532 639 2571 nenio
649 2524 780 2571 anteeant
793 2533 929 2587 exponere

132 2587 234 2713 potuit.
253 2589 312 2658 lpse
327 2588 508 2657 scriptoribus
522 2587 716 2644 cathedrarum
733 2589 832 2657 legitur
848 2588 928 2642 ntale-

153 2657 254 2720 ixisse;
272 2657 318 2728 qui
335 2658 444 2712 tandem
460 2658 529 2713 obiit
545 2660 572 2712 in
588 2666 728 2713 senectute
743 2659 824 2725 bona,
842 2658 928 2714 oeulis

132 2727 276 2783 excaecatis
294 2728 451 2800 priusquam
469 2736 654 2783 inereretur.»

168 2799 329 2859 Aouiciucr.
347 2800 452 2855 ouiittit
472 2799 499 2854 in
517 2800 571 2855 siue
588 2800 748 2855 memoriam
761 2801 850 2857 sancti
871 2801 929 2857 na-

133 2869 229 2941 gnulti,
246 2887 306 2941 qnae
321 2878 412 2925 tamen
428 2871 567 2942 adipsum
584 2871 696 2942 propius
711 2880 824 2943 spectat.

167 2958 313 3014 Vicroniu.
334 2967 361 3014 et
379 2961 448 3016 lieo.
469 2961 550 3017 Suec.
575 2960 698 3030 sinuatus
715 2977 790 3015 unni.
810 2960 869 3017 tto.
897 2964 927 3017 ln

991 1729 1123 1783 «Eodem
1154 1728 1208 1792 die,
1236 1728 1322 1784 sancti
1347 1727 1460 1783 loannis
1482 1745 1557 1800 papae
1584 1736 1612 1783 et
1640 1731 1784 1802 martyris,

984 1817 1064 1873 quem
1081 1799 1268 1855 Theodericus
1285 1816 1332 1854 rex
1347 1801 1526 1855 ilrrianoruni
1541 1802 1567 1854 in
1577 1800 1664 1856 exilio
1677 1802 1783 1858 Rauen·

984 1889 1048 1926 nani
1064 1872 1177 1937 direxit,
1189 1871 1283 1942 ibique
1299 1878 1450 1927 maceratus
1464 1872 1514 1926 iliu
1529 1872 1556 1926 in
1573 1888 1681 1927 carcere
1693 1873 1782 1930 vitam

985 1943 1158 1998 liniritltein
1170 1950 1266 1998 octaua
1276 1943 1528 1999 sanctilternanlini
1540 1943 1573 1999 de
1581 1944 1785 2009 Senis,0rdinis

984 2016 1154 2070 Mincium·
1179 2013 1284 2083 Adjicit
1298 2014 1384 2069 editio
1435 2015 1551 2070 sterion:
1574 2014 1712 2072 «Miciaco
1726 2033 1782 2072 nio·

985 2087 1114 2153 nasterio,
1124 2086 1266 2141 translatio
1277 2086 1365 2141 sancti
1415 2086 1531 2142 arimini
1546 2085 1667 2143 abbatis.
1682 2112 1691 2135 ι
1710 2087 1783 2145 Vide

984 2175 1064 2230 sopra
1080 2158 1107 2212 in
1123 2159 1189 2214 ileo.
1207 2158 1289 2213 Suae.
1305 2157 1368 2213 428.

1019 2231 1156 2286 Grinnes:
1168 2229 1259 2300 «Apud
1272 2229 1640 2297 Alexandriam,sanctorom
1650 2229 1780 2304 Aquilioi

983 2301 1149 2373 presbyteri,
1161 2300 1305 2368 Evangelii
1320 2311 1347 2357 et
1357 2302 1475 2356 alioruin
1488 2301 1781 2373 quatuordecimltam

965 2374 1140 2428 ‘sanctorum
1169 2372 1328 2439 Salustiani,
1358 2372 1454 2439 lleliae,
1480 2372 1578 2439 Saccii,
1607 2373 1774 2429 Restituti·

984 2443 1055 2500 Vide
1069 2446 1147 2500 Acta.
1182 2444 1352 2510 «ltarennae,
1368 2443 1439 2500 beati
1455 2443 1613 2514 Symmachi
1629 2444 1739 2517 patricii
1754 2454 1782 2503 st

983 2525 1055 2570 mart
1079 2517 1127 2583 ris,
1151 2531 1166 2570 a
1188 2515 1358 2571 Theoderico
1378 2532 1439 2586 rege
1460 2516 1577 2571 Arriano
1596 2533 1659 2572 curo
1680 2532 1780 2587 genero

984 2604 1032 2642 sne
1072 2587 1142 2643 ectio
1159 2586 1352 2657 interempti·
1383 2587 1496 2641 Boetius
1521 2587 1571 2641 hac
1593 2587 1638 2643 die
1661 2589 1773 2655 colitur,

983 2659 1030 2714 seil
1045 2658 1226 2731 Symmachus
1240 2658 1456 2714 xxruOctobris.
1466 2659 1538 2728 «Ipso
1548 2657 1594 2713 die
1609 2658 1775 2725 (seeundum

983 2730 1052 2785 alios
1067 2747 1094 2785 ri
1110 2730 1171 2784 idus
1184 2729 1273 2795 lunii)
1290 2729 1433 2784 Maximini
1449 2730 1568 2802 episcopi
1585 2730 1776 2803 Aquensis,de

1003 2818 1038 2855 nn
1052 2802 1080 2855 iii
1114 2801 1270 2856 estisbeata
1285 2801 1552 2871 narrentanorum
1564 2802 1686 2872 legitor·
1707 2800 1777 2858 Vide

982 2818 1084 2929 galata
1096 2819 1183 2927 lunii.
1206 2873 1356 2927 «Maxentii
1367 2873 1472 2927 abbatis
1487 2873 1776 2943 Pictavensis,magnai

983 2945 1136 3000 sanctitatis
1156 2944 1219 2999 viri.
1246 2943 1297 3010 out
1319 2960 1387 3014 pane
1401 2953 1547 3000 contentus
1565 2953 1593 3001 et
1606 2960 1688 3016 aqua,
1717 2945 1776 3000 ire-

131 3027 204 3084 tine:
235 3055 244 3077 ι
259 3030 377 3088 Ciuitate
390 3031 495 3087 Surena
512 3027 641 3106 (Sorano)
658 3033 747 3108 passio
761 3041 861 3088 sanctie
878 3035 926 3090 lle·
942 3025 964 3085 G
981 3026 1096 3087 ‘luelter
1111 3026 1200 3071 limen
1215 3015 1382 3096 diurnis-per
1395 3015 1636 3087 11131101119111111
1652 3017 1776 3087 mebi·

131 3100 236 3157 stitutae
251 3102 368 3175 virginis
382 3111 409 3158 et
428 3104 567 3176 martyris.
583 3129 592 3150 ι

166 3196 309 3252 Bicoriiu.
326 3198 448 3267 signatus
459 3216 518 3270 paq.
531 3201 558 3266 5,
570 3199 617 3273 qni
633 3200 686 3255 luit
699 3201 750 3255 l‘P.
765 3200 926 3257 Cinlestino·

130 3283 202 3334 runi,
228 3276 254 3323 et
271 3269 440 3325 Uenusina.
474 3273 564 3326 «tuin
581 3272 716 3342 depositio
735 3272 829 3327 deinoi
847 3273 925 3326 ilcila

129 3338 281 3411 presbyteri
296 3348 324 3397 et
338 3341 459 3397 doctoris
492 3344 564 3397 entis
580 3344 743 3415 auglorum.
760 3368 768 3388 ·
792 3344 827 3414 Ut
840 3359 924 3415 supra

128 3413 318 3468 mansoriae.
334 3421 361 3468 et
376 3360 574 3471 Max-Euesa.

164 3501 233 3556 Rea.
245 3501 326 3556 Suae.
337 3502 460 3568 signatus
472 3520 549 3558 num.
563 3503 615 3558 aaa
627 3521 632 3557 :
652 3527 661 3549 ι
676 3504 706 3559 ln
718 3502 858 3558 territorio
869 3502 924 3556 ilii·

128 3571 285 3635 relianensi,
297 3573 439 3627 translatio
454 3574 576 3653 corporis
597 3574 667 3628 beati
684 3573 829 3628 Maximini
841 3573 923 3628 abba-

128 3641 174 3708 tis,
185 3649 212 3696 ct
226 3641 362 3696 dedicatio
372 3643 492 3697 ecelesiae
503 3661 532 3698 in
544 3644 648 3698 honore
659 3643 745 3715 ipsius
759 3651 840 3715 atque
851 3643 924 3698 beati

128 3713 338 3784 protomartyris
353 3712 494 3785 Stephani.
511 3738 519 3759 ·

164 3799 297 3855 Varicau.
314 3816 390 3856 num.
406 3801 485 3859 5949.
501 3803 540 3858 De
554 3803 691 3869 bagnolio
706 3802 789 3858 nihil.
808 3802 919 3875 Incipit:

136 3869 319 3939 «beneventi,
334 3873 420 3930 sancti
438 3874 535 3929 Felicis
551 3875 690 3947 martyris,
708 3875 736 3929 in
755 3885 849 3931 sancta
866 3881 923 3929 So-

127 3939 202 4015 phia.
219 3967 228 3990 ·
250 3943 321 4001 Vide
336 3945 545 4002 Praetermissos.
562 3946 594 4001 lo
610 3947 663 4001 line
678 3946 794 4004 subdit:
819 3945 922 4020 «Apud

128 4085 153 4141 V
172 4085 238 4141 liat.

981 3096 1037 3153 tur,
1051 3099 1131 3159 atque
1146 3088 1217 3142 iuter
1231 3088 1361 3142 aliainira
1371 3102 1452 3158 opera
1469 3098 1606 3142 mortuom
1619 3087 1775 3155 suscitavit,

982 3160 1166 3285 lintribusque
1181 3159 1338 3215 sitientibus
1353 3157 1595 3215 fontenedum·
1613 3159 1777 3216 Reiuittitur

980 3231 1014 3286 ad
1030 3248 1097 3285 xxii
1129 3231 1197 3285 unii.

1016 3303 1041 3357 M
1054 3319 1123 3357 iiriu.
1140 3303 1168 3356 in
1181 3302 1284 3357 Jornue
1301 3317 1368 3373 papa
1380 3301 1507 3357 Reiiuux
1517 3300 1775 3381 transcripsit.Tum

978 3373 1134 3430 charactere
1162 3374 1278 3428 ininori:
1323 3398 1332 3420 ‹
1360 3372 1504 3428 Adventus
1534 3389 1657 3445 corporis
1687 3372 1775 3429 sancti

979 3445 1093 3500 Adriani
1111 3452 1180 3500 niart
1202 3444 1240 3499 ris
1259 3444 1292 3500 ad
1312 3443 1426 3499 Gerardi
1443 3452 1597 3500 montem·
1629 3443 1775 3500 Editionee

978 3517 1038 3571 aliae
1055 3516 1156 3572 habent
1177 3461 1211 3571 de
1225 3517 1338 3581 loanne,
1363 3517 1451 3595 primo
1468 3516 1545 3580 loeo;
1570 3523 1598 3571 et
1620 3516 1776 3587 penultimo

978 3587 1078 3643 litteris
1094 3587 1195 3643 ltalicis
1213 3588 1361 3644 inseritur:
1395 3613 1404 3634 ι
1419 3588 1469 3642 llie
1491 3587 1623 3659 vigesima
1646 3587 1775 3658 septima,

978 3661 1065 3714 sancti
1081 3659 1288 3730 hieromartyris
1304 3659 1519 3731 Therapnaeis·
1556 3658 1626 3715 Vide
1649 3675 1712 3730 qua
1742 3657 1776 3714 da

978 3729 1001 3811 ej
1007 3748 1037 3785 os
1055 3730 1194 3785 miracolis
1204 3739 1230 3785 et
1239 3731 1416 3786 translatione
1429 3738 1575 3803 supersunt
1587 3730 1680 3786 Gracc
1690 3737 1718 3786 et
1727 3730 1776 3786 La·

978 3811 1036 3857 tine
1055 3801 1082 3856 in
1099 3801 1175 3857 Actis
1188 3802 1297 3857 nostris.
1329 3828 1338 3849 ι
1351 3801 1454 3858 Eodem
1469 3803 1513 3858 ilie
1526 3802 1662 3858 adventus
1687 3799 1775 3858 sancti

977 3872 1093 3927 Adriani
1106 3878 1235 3946 uiartyris
1245 3874 1317 3944 apud
1332 3874 1582 3942 Geraldimentem‚
1592 3889 1665 3930 anuo
1678 3873 1768 3930 teto.»

977 3944 1084 4002 Colitur
1099 3963 1150 4002 vin
1164 3945 1342 4018 Septembris.

1656 4087 1708 4145 Dic
1725 4087 1773 4144 28.

162 4175 265 4242 Romae,
279 4177 379 4234 natalis
391 4176 464 4234 beati
479 4179 593 4260 loannis
603 4196 689 4253 papa,
706 4197 788 4254 quem
804 4180 887 4237 refert
902 4186 1012 4237 sanctus
1027 4178 1185 4250 Gregorius,
1200 4179 1236 4234 ob
1248 4177 1432 4234 orthodoxam
1447 4177 1541 4247 iidem,
1566 4178 1656 4251 primo
1672 4178 1703 4233 in
1721 4192 1777 4233 cu-

126 4263 216 4320 stedia
231 4273 346 4332 tentum,
362 4283 393 4323 ac
407 4267 506 4324 deinde
520 4269 554 4324 ail
570 4278 686 4325 mortem
704 4287 789 4341 usque
809 4271 983 4342 perductum,
998 4285 1060 4323 cuin
1077 4268 1138 4322 aliis
1153 4285 1229 4340 reque
1244 4267 1388 4325 catholicis
1403 4269 1485 4325 viris.
1514 4268 1636 4324 Parisios
1649 4269 1776 4336 civitate,

125 4353 258 4410 transitus
272 4355 358 4412 sancti
373 4355 503 4413 Germani
523 4359 698 4415 confessoris.
726 4359 778 4427 Qui
794 4360 888 4415 beatus
901 4358 1021 4429 ejusdein
1038 4358 1114 4415 urbis
1127 4358 1281 4431 episcopus,
1308 4366 1418 4431 quanta
1434 4359 1598 4425 sanctitatis,
1624 4360 1777 4432 quantique

126 4441 218 4499 meriti
235 4442 329 4511 fuerit,
353 4445 455 4518 quibus
469 4448 552 4504 etiam
571 4449 701 4505 claruerit
716 4449 866 4515 miraculis,
892 4451 1059 4506 Fortunatus
1072 4448 1217 4520 episcopus
1237 4446 1327 4504 veraci
1343 4448 1418 4519 stylo
1432 4446 1555 4518 digessit.
1581 4448 1612 4503 ln
1636 4446 1776 4519 Sardinia,

125 4540 282 4590 sanctorum
297 4535 416 4602 AEmilii,
432 4537 541 4606 Felicis,
561 4539 674 4609 Priami,
696 4539 819 4598 Luciani.
836 4540 940 4596 Eodem
955 4538 1010 4605 die,
1030 4539 1118 4595 sancti
1133 4540 1284 4609 Charauni,
1300 4540 1347 4612 qui
1362 4538 1435 4613 apud
1451 4539 1601 4596 Carnotum
1617 4539 1777 4607 civitatem,

125 4622 213 4693 capite
225 4631 379 4696 amputato,
393 4629 558 4700 martyrium
573 4628 702 4702 sumpsit.

894 4727 1010 4784 NOTAE.

161 4814 202 4869 lta
214 4814 335 4882 Praten.,
351 4816 499 4884 Heiinien,
519 4822 674 4888 Tartarea,
692 4823 879 4893 ,liitiierpien.,
893 4830 958 4888 etD
975 4825 1044 4881 ailde
1058 4827 1293 4897 stirap-Mae,
1307 4827 1456 4899 Ultroy'ect„
1467 4827 1591 4899 heyden,
1600 4826 1779 4884 Lcmnienet

125 4885 919 4961 Max.·Lubec.,nntnerp.-ttat,creieiietttitaaoittiis
975 4898 1036 4952 edit.
1056 4897 1282 4971 Ultrojeet.·Belp.

736 5008 938 5069 vanitates
958 5013 1162 5071 LECTIONES.

162 5103 343 5184 Orthodorani
370 5102 494 5159 scribunt
519 5103 627 5160 codices
654 5123 759 5176 cinnes,
795 5110 918 5183 exceptis
973 5114 1178 5170 constructione
1205 5114 1340 5178 nitidiori,
1387 5113 1477 5170 nalem
1504 5112 1645 5170 Usuardus
1671 5116 1778 5172 sectari

124 5173 475 5252 hntuerp.-MaJ.Greveno
485 5184 512 5230 et
524 5177 642 5244 Melane,
655 5178 725 5234 nihil
739 5182 917 5249 proinaecor-
989 5186 1053 5240 olet.
1076 5187 1155 5240 Solus
1177 5186 1316 5241 llerinien.
1339 5130 1429 5253 hahet,
1455 5192 1561 5241 sanctiss
1584 5186 1778 5242 Fortunatae:

124 5246 268 5313 ripeudum
291 5247 460 5319 putarimus.
490 5248 613 5303 Pin-isias
636 5251 750 5322 antiquo
779 5254 917 5310 scribendi
973 5256 1318 5328 ursolus-antuerp-ttaj.
1336 5257 1647 5327 Fortunatisepreshiter.
1669 5256 1777 5314 Molan.

125 5313 207 5369 modo
229 5320 392 5375 serrandum
407 5330 456 5387 est,
480 5321 581 5376 Melan.
607 5323 763 5379 emendarit
788 5326 917 5394 Parisiis,

126 5384 272 5466 antuerp,
286 5389 473 5448 Max.·Lubec.
491 5401 517 5448 et
534 5391 627 5448 mediae
639 5401 824 5458 rioteonines,
842 5399 917 5453 Peri·

124 5472 234 5511 ssorum.
252 5460 358 5515 Praten.
375 5462 440 5532 legit
457 5465 582 5520 Gerriniai
596 5465 708 5536 episcopi
718 5473 741 5520 et
750 5468 917 5537 irniisesseris,

124 5545 188 5584 cuin
200 5531 370 5612 Autoerp3et
379 5535 470 5613 citatis
480 5538 621 5593 codicibus
633 5546 703 5593 note
716 5539 820 5594 melna.
833 5541 918 5596 Nobis

124 5600 915 5727 praeplacetlectiolleriuien.,Verriaceu.,.lntu.ii·p.-Maj.,

149 5687 241 5753 seren.
260 5681 286 5728 et
301 5673 414 5743 Melan,
435 5679 480 5747 qui
497 5679 599 5737 evitata
614 5683 777 5755 repetitione
792 5683 915 5754 episcopi,

124 5743 251 5814 Usuaiiii,
276 5745 396 5820 elogium
411 5747 490 5806 Beda
509 5755 719 5813 annuntiationi
737 5754 915 5830 subjunxere,

973 5329 1065 5400 posuit
1079 5329 1222 5399 qiioiitiqiie
1235 5329 1319 5398 [neret
1334 5329 1421 5382 ineriti
1435 5338 1462 5384 et
1476 5329 1584 5383 elai-uti.
1602 5328 1669 5384 Stilo
1683 5338 1727 5384 est
1744 5330 1775 5385 iu

972 5400 1111 5466 oirinibus,
1130 5409 1307 5482 praeterquam
1323 5400 1351 5455 in
1368 5400 1496 5456 Melane:
1516 5399 1619 5464 Eniilii‘,
1635 5400 1664 5454 in
1677 5401 1774 5456 omni·

972 5470 1038 5526 bus:
1057 5472 1159 5539 Felirsi,
1180 5472 1209 5526 in
1224 5474 1283 5528 solo
1297 5472 1431 5528 Prateiisi.
1458 5473 1597 5527 Chernrini
1614 5471 1777 5543 antiquitus

972 5542 1089 5607 dietum,
1105 5544 1221 5613 probant
1237 5544 1399 5600 i'etiistiores
1413 5542 1521 5600 codices
1532 5543 1680 5610 Prateiisis,
1692 5542 1774 5599 Heri·

972 5613 1076 5668 niensis
1092 5622 1119 5668 et
1135 5615 1377 5687 antuerp-Major,
1394 5633 1462 5688 quos
1476 5616 1561 5671 secuti
1577 5631 1685 5681 sumus,
1703 5613 1774 5672 licet

972 5683 1055 5740 hodic
1070 5686 1156 5758 niagis
1170 5686 1301 5760 probetur
1314 5688 1445 5756 Cerauni,
1470 5686 1574 5744 Gallice
1591 5686 1704 5744 Chersis.
