3834 6136
122 223 172 282 cll
769 220 919 280 USUARDI
939 221 1108 282 MONAClii.
1262 256 1264 260 ·
1722 218 1781 280 stt

125 356 245 415 millium
261 354 411 427 virginum.
428 377 437 401 ι
459 355 498 410 lle
513 352 653 425 Cypriane
667 360 695 408 ct
708 354 827 422 lustina,
848 362 918 428 pust,
932 355 956 414 Α
972 370 1049 410 num.
1061 354 1165 422 Rome,
1176 352 1289 410 Eusebii
1303 352 1425 425 episcopi
1444 352 1657 410 etcouiessoris.
1669 353 1782 408 Arver-

125 430 230 485 doelore
243 426 324 496 scam,
342 425 383 482 sic
397 424 494 481 scribit
509 439 515 478 :
539 448 549 472 ι
563 423 725 496 Martyrium
742 425 793 481 sub
807 426 923 483 Diocle·
977 425 1030 491 nis,
1054 424 1190 495 depositio
1204 424 1291 482 macti
1305 423 1475 497 Apollinaris
1492 422 1613 496 episcopi
1625 430 1652 481 et
1665 423 1780 482 conlea-

124 500 201 556 tiano
213 498 250 554 im
289 505 387 564 return,
401 496 496 568 judice
517 495 640 552 Eutellio
655 496 781 569 sumpsit.
809 498 920 553 Etcum
977 496 1047 553 soris
1073 493 1669 568 TranslatiosanetiMeynulphidiaconi.a

122 569 179 655 jam
194 570 223 625 bi
262 587 298 626 uo
314 577 448 639 martyres
464 575 524 639 post
544 565 712 637 multiplices
737 584 829 639 poenas
845 567 924 640 jussu
1013 568 1140 626 Mosam:
1165 570 1290 636 «Roma,
1301 569 1389 624 sancti
1404 565 1517 623 Eusebii
1533 565 1656 639 episcopi
1670 575 1699 623 et
1712 581 1780 624 con·

125 640 299 714 imperatoris
313 639 480 695 ducerentur
493 637 924 712 ipNicomediamcivitatqm,ut
979 638 1122 695 sessoris.»
1153 639 1257 696 Deinde
1272 638 1427 695 minoribus
1440 636 1534 710 typis:
1566 636 1705 694 «Eodem
1734 637 1781 696 die

126 713 228 772 ibidem
245 712 457 778 decollarentur,
481 708 611 780 adjunxit
634 724 662 764 se
684 710 724 766 eis
748 709 924 767 Christianus
977 709 1099 766 Ararantii
1115 711 1268 782 presbyteri
1292 718 1319 766 et
1342 709 1520 778 contessoris,
1542 708 1576 765 de
1621 725 1658 765 no
1681 708 1781 767 bealm

125 785 248 860 quidam,
264 783 379 839 ueniens
394 781 428 838 de
448 779 681 853 peregrinatione,
700 781 814 837 nomine
829 781 923 845 Theo·
977 781 1125 854 Gregorius
1139 783 1166 838 in
1182 781 1315 853 Dialogis.
1327 781 1377 838 lib.
1396 798 1437 849 111,
1454 796 1513 851 cap.
1529 779 1594 836 35.»
1639 778 1686 836 ide
1699 788 1779 838 notu·

127 857 229 930 guitur,
251 854 298 937 qni
314 869 376 910 cum
390 852 512 910 cervices
526 861 684 908 sauctorum
706 852 921 922 deoscularetur,
978 853 1032 908 lam
1060 852 1218 910 Castellani.
1244 852 1390 909 Editiones
1416 851 1582 925 posteriores
1602 849 1637 908 de
1658 850 1781 910 Eusebio

125 944 189 985 cum
213 927 280 999 ipsas
302 926 404 996 pariter
421 923 574 980 decollatus
595 929 645 979 est.
670 922 924 996 Quorumcurpore
977 923 1079 980 babent
1100 933 1130 980 ut
1145 925 1229 997 prior.
1260 925 1329 979 Tum
1345 923 1521 1005 adjungunt:
1557 921 1781 1004 ‹Dieuigesinra

126 1006 206 1056 noete
220 998 343 1054 tulerunt
358 1003 448 1051 nautae
462 994 491 1050 in
508 1011 606 1051 navem
621 1011 709 1062 suam,
727 995 923 1053 transferentes
979 1003 1067 1060 sexta,
1084 996 1217 1053 transitus
1230 995 1317 1052 sancti
1331 994 1448 1067 apostola
1463 1001 1491 1049 et
1504 993 1681 1066 evangelistae
1699 995 1780 1052 ioan·

127 1087 159 1127 ea
172 1072 286 1127 Romam
319 1066 439 1125 Ciuitate
453 1066 572 1134 Albano,
596 1066 683 1122 sancti
698 1065 837 1123 Senatorio
851 1083 923 1124 oon-
980 1064 1023 1122 nis
1037 1066 1180 1139 Tbeologi.
1197 1092 1207 1116 ι
1230 1068 1348 1139 Accepta
1362 1073 1403 1123 est
1416 1066 1540 1122 demere
1553 1065 1731 1123 annuntiatio
1744 1083 1781 1124 ex

127 1140 268 1198 tessaria·
282 1136 603 1205 DsEusebioutsupra.
980 1137 1136 1194 Grecorum
1159 1137 1307 1209 Horologio
1330 1154 1377 1195 seu
1392 1136 1548 1219 Menologio
1566 1145 1722 1207 contracto,
1746 1137 1781 1196 de

163 1213 310 1269 Garanum:
343 1210 429 1266 ·ltem
441 1207 514 1281 apud
528 1206 672 1266 Coloniam
687 1207 878 1282 Agrippinam,
894 1208 923 1265 in
998 1208 1113 1264 uoalibi
1130 1208 1263 1265 diximus.
1292 1207 1540 1276 Sedbaecetelra,
1571 1208 1781 1281 queaeraeta

127 1282 242 1342 ecclesia
258 1281 345 1338 sancti
360 1279 516 1348 Maximini,
533 1278 660 1335 inventio
670 1280 824 1337 elslevatio
835 1279 923 1337 sancti
979 1224 1013 1335 aa
1027 1280 1131 1336 Joanne
1141 1280 1309 1352 evangelista
1324 1279 1475 1337 liberaliter
1487 1278 1781 1349 circumieruntur‚ed

128 1355 183 1412 Gor
201 1353 259 1410 onii
270 1352 389 1436 episcopi
405 1361 432 1409 et
447 1351 588 1423 martyris.
601 1351 654 1408 llic
667 1350 808 1408 consessor
818 1351 872 1408 fuit
885 1368 923 1407 re·
978 1350 1050 1407 diem
1064 1349 1123 1422 ejus
1137 1351 1165 1407 in
1181 1351 1303 1409 Ecclesia
1319 1352 1415 1408 Latina
1427 1350 1547 1407 namlem
1562 1367 1645 1408 ιιι-ιι
1664 1353 1781 1410 lienem

128 1427 169 1500 gis
184 1372 321 1499 hispanie
333 1431 361 1481 et
374 1423 408 1482 de
418 1423 547 1481 societate
558 1421 687 1480 undecim
708 1421 829 1480 millium
841 1421 924 1497 uirgi-
978 1421 1035 1479 bris
1050 1423 1216 1481 remittenda
1230 1430 1304 1481 sunt.

843 1547 1061 1562 ’,-

128 1598 244 1763 Vfpanld
258 1685 398 1745 civitatem
413 1686 526 1759 Egeam,
549 1684 649 1742 natalis
665 1692 825 1742 sanctorum
841 1687 995 1756 manyrutp
1011 1683 1116 1742 Cosmae
1131 1691 1158 1742 et
1171 1685 1310 1757 Damraui,
1333 1687 1380 1762 qui
1395 1689 1446 1746 snb
1461 1685 1651 1763 persecutione
1660 1595 1782 1744 gizei:

126 1780 206 1850 tiani,
218 1788 278 1852 post
287 1779 374 1835 multa
388 1785 538 1847 tormenta,
549 1777 661 1834 vincula
675 1783 703 1832 et
715 1792 848 1844 maceres,
862 1782 922 1849 post
939 1789 1014 1831 mere
1027 1781 1056 1831 et
1074 1775 1161 1849 ignes,
1172 1793 1295 1847 crucem,
1307 1778 1504 1852 lapidationem
1513 1777 1663 1851 etsagittas
1672 1775 1785 1835 Marni-

127 1875 170 1925 tus
186 1875 337 1940 superatas,
352 1867 442 1939 capite
459 1867 628 1938 plectuntur.
641 1863 809 1923 deferuntur
824 1864 907 1920 etiam
920 1865 991 1936 passi
1007 1864 1037 1920 in
1050 1880 1145 1922 eorum
1161 1865 1278 1939 collegio
1292 1875 1347 1924 tres
1361 1868 1459 1925 iratres
1471 1867 1592 1942 armani
1608 1865 1782 1934 eorumdem,

127 1959 154 2016 id
166 1966 207 2014 est
221 1956 381 2023 Arithimus,
395 1954 532 2011 Leontius
545 1955 746 2028 etEuprepius.
757 1955 861 2011 Eodem
872 1956 927 2025 dis,
939 1962 1097 2035 sauctorum
1112 1957 1229 2013 fratrum
1244 1957 1339 2014 ildulfi
1354 1965 1382 2015 et
1398 1958 1521 2028 loannis,
1532 1957 1580 2033 qui
1594 1956 1669 2033 apud
1678 1956 1784 2016 Cordu-

126 2046 189 2103 bam
203 2044 344 2102 civitatem
360 2059 410 2115 pro
431 2040 543 2099 Christo
558 2040 682 2099 coronati
696 2049 771 2099 sunt.
794 2041 889 2099 Castro
904 2042 1059 2114 Pseuduno,
1075 2044 1162 2105 sancti
1177 2045 1342 2118 Florentini,
1356 2047 1403 2122 qui
1419 2063 1551 2105 unacum
1565 2046 1646 2105 beato
1663 2045 1782 2115 Hilario,

127 2144 188 2212 post
201 2134 383 2194 abscisionem
399 2134 510 2208 linguas,
525 2132 621 2208 gladio
632 2134 727 2208 jussus
738 2142 780 2192 est
794 2135 883 2192 ieriri‘.

893 2249 1012 2311 NOTE.

138 2397 141 2401 ι
164 2362 205 2418 lte
219 2361 342 2429 Prolem,
357 2355 581 2431 linteam-Mai,
600 2358 710 2416 Grecen.
726 2366 753 2417 el
767 2360 870 2417 Melan.

727 2476 931 2536 VARIANTES
949 2475 1157 2536 luculentas.

163 2581 275 2650 rquam
296 2576 409 2635 invenio
427 2576 456 2632 in
471 2574 629 2648 apographo
644 2581 740 2631 nostro
752 2576 875 2633 Pratens.
900 2583 927 2632 et
942 2577 964 2637 B
981 2575 1095 2645 Molan,
1109 2574 1247 2657 superflua
1260 2575 1482 2660 scrupulositate,
1495 2575 1597 2650 legitur
1612 2575 1784 2649 Adulplti,de

128 2651 248 2717 Malana,
260 2657 287 2704 at
297 2648 387 2704 caeteri
399 2648 509 2704 codices
519 2662 616 2702 omnes
629 2645 755 2702 scribunt
765 2647 928 2718 simpliciter
985 2663 1038 2720 qna
1053 2646 1203 2703 inflexione
1215 2647 1281 2704 satis
1295 2648 1361 2704 alrbi
1378 2647 1513 2715 diximus,
1529 2648 1576 2705 sed
1590 2647 1620 2703 in
1635 2648 1783 2720 namorp.-

129 2727 210 2793 ntest
220 2719 249 2775 in
259 2717 497 2774 textuNescioan
510 2717 684 2774 Castellanue
694 2733 752 2773 rem
764 2734 814 2774 acu
827 2726 929 2786 ungat,
985 2717 1086 2790 Majora
1108 2719 1178 2774 male
1193 2717 1310 2775 habetur
1332 2719 1445 2791 Aldnlfi.
1463 2720 1557 2777 Restat
1574 2719 1783 2787 Poenulusscis

128 2790 195 2847 dum
212 2790 255 2845 lris
268 2789 378 2860 praeiert
391 2788 632 2845 nomenclaturam
648 2788 731 2843 aliam
745 2790 832 2860 AEqoe,
848 2791 931 2860 AEqo·
985 2790 1099 2846 nurnine
1114 2790 1303 2855 scribendum,
1319 2798 1350 2847 ut
1365 2789 1467 2847 habeut
1480 2790 1579 2862 optimi
1596 2789 1709 2848 codices
1723 2792 1782 2848 Pra-

129 2878 199 2917 rnm.
222 2861 275 2915 Pro
292 2859 482 2930 lapidationem
521 2859 595 2915 osuit
614 2858 717 2914 Melan.
743 2860 929 2933 lapidationes.
985 2868 1054 2929 teu,
1081 2861 1237 2930 Merinien.,
1260 2861 1424 2929 Toruacen,
1451 2861 1597 2943 lloswepd.
1611 2869 1639 2918 et
1654 2861 1782 2930 (irenen,

130 2930 267 2988 Pratensis
281 2937 308 2986 et
323 2930 480 3002 dirrump-
510 2928 546 3000 aj.
570 2928 703 2985 videntur
718 2930 807 3003 legere
829 2933 930 3002 Eupre·
985 2946 1042 2989 non
1057 2932 1191 2996 Seuduna,
1207 2940 1238 2988 ιι
1252 2941 1293 2988 est
1307 2932 1336 2989 in
1351 2933 1552 3014 Antuerp.-Ma
1564 2949 1623 3001 nre,
1637 2948 1728 3006 neque
1742 2934 1783 2990 Se-

127 3002 199 3074 pias,
219 3001 248 3056 iu
259 3017 314 3074 quo
324 3001 479 3074 singulares
488 3001 631 3074 sequimur
643 3001 774 3074 reliquos.
784 3002 845 3058 Ado
855 3004 932 3074 prius
985 3004 1067 3069 dano,
1083 3011 1115 3059 ιιι
1130 3003 1158 3059 in
1173 3003 1284 3060 Molano
1298 3011 1325 3060 et
1338 3003 1411 3060 aliis.
1432 3003 1504 3062 Vade
1519 3004 1548 3061 in
1563 3021 1594 3061 ra
1607 3003 1638 3061 in
1651 3003 1784 3062 observa-

129 3072 225 3130 scribil
240 3072 403 3146 Enprepine,
420 3072 522 3130 deinde
538 3072 697 3142 Eutropius.
722 3073 754 3129 ln
770 3073 888 3130 Greren.
904 3082 932 3130 et
985 3074 1124 3130 tionibus.

809 3188 1114 3248 GESERVATiONES.

164 3288 351 3346 Florentinius
365 3287 394 3344 in
412 3286 513 3344 dillusa
533 3285 567 3342 de
579 3285 682 3342 sanctis
696 3285 794 3343 Cosma
817 3294 844 3343 et
868 3289 927 3342 lla-
982 3288 1016 3344 de
1031 3287 1097 3344 solis
1111 3287 1267 3361 Anargyris
1280 3286 1363 3344 bodie
1377 3287 1580 3357 meminerunt;
1593 3306 1658 3347 nem
1671 3289 1785 3347 nnana

130 3361 222 3416 raiano
246 3360 298 3417 bac
318 3359 363 3416 die
387 3358 573 3426 adnotatione,
603 3357 677 3413 inter
689 3357 744 3413 alia
764 3356 804 3414 sic
825 3357 925 3414 habet:
982 3357 1130 3416 Menandro
1140 3358 1241 3431 adjecti
1253 3359 1359 3416 Adonis
1373 3376 1429 3416 uon
1443 3369 1519 3417 sunt.
1535 3360 1691 3419 Audiamus
1702 3362 1784 3419 Wan-

136 3432 203 3490 Vidil
222 3431 360 3487 Buronins
387 3431 468 3486 naria
487 3432 583 3485 barum
601 3435 754 3484 cartularum
777 3436 928 3501 martyrum
982 3431 1157 3488 dalbertum:

129 3503 205 3571 Acta,
233 3503 369 3559 erroribus
396 3508 420 3558 el
449 3501 674 3571 implicationibus
698 3500 808 3571 resarta,
834 3501 929 3574 qualia

130 3590 227 3646 nempe
241 3574 312 3656 apud
329 3572 511 3643 Legerrdarios
526 3578 646 3639 exeant,
671 3589 729 3641 quae
746 3573 844 3642 siquis
858 3572 928 3628 tueri

129 3646 200 3711 velit,
224 3647 292 3699 ulans
309 3645 432 3700 Cosmum
446 3649 469 3698 ei
482 3643 645 3698 licinianum
659 3643 815 3698 constituere
829 3659 927 3699 necem

130 3716 233 3779 lubeat,
247 3713 395 3786 etquidem
406 3714 499 3770 Ronrae
511 3722 656 3782 martyres,
667 3710 734 3767 alibi
745 3712 925 3782 confessores,

130 3784 286 3851 admittere,
296 3799 396 3856 eosque
411 3799 467 3839 non
483 3784 565 3839 senrel
583 3782 744 3854 geminatos.
761 3782 802 3838 lta
816 3799 927 3854 prorsus
1019 3782 1117 3839 Florus
1131 3781 1184 3839 hoc
1199 3782 1258 3854 ipso
1273 3780 1318 3838 die
1330 3781 1506 3840 Timotheum
1522 3783 1629 3853 retulit,
1647 3791 1676 3841 et
1692 3784 1785 3843 Hiero·

130 3854 218 3912 fecere
237 3853 470 3926 Wangnerschius
492 3863 519 3910 et
533 3852 667 3919 Densius,
690 3853 771 3909 ambo
788 3855 928 3912 societatis
983 3853 1122 3914 nimianis
1157 3854 1231 3910 rocul
1247 3853 1333 3910 dubio
1345 3861 1497 3925 acceptum,
1509 3853 1544 3911 de
1557 3871 1613 3928 quo
1628 3855 1787 3930 videeupre

131 3933 230 3982 nostras
244 3941 280 3981 art
294 3924 443 3993 veteribus,
455 3932 486 3979 nt
500 3922 712 3989 aiunt,Graeciae
730 3927 929 3995 rnonumentis,
983 3913 1017 3980 ad
1044 3939 1105 3981 xxrr
1128 3870 1263 3993 ssnuarit,
1283 3931 1336 3980 etc.
1359 3927 1493 3996 Martyres
1518 3926 1700 3983 Cordubenses
1721 3943 1787 4000 pure

1050 3548 1146 3609 Quinto
1159 3562 1218 3599 cum
1233 3549 1310 3598 fratre
1326 3548 1430 3599 excellit
1447 3549 1538 3600 Corma
1555 3549 1692 3614 Damiann,

1049 3613 1173 3661 Asusamus
1191 3615 1237 3661 boe
1253 3614 1380 3677 sequitur,
1393 3611 1517 3662 Leontius
1534 3613 1742 3679 Euprepiueque,

1049 3672 1147 3734 Unum,
1162 3673 1272 3734 Christe,
1289 3673 1333 3723 tibi
1349 3681 1445 3724 eertum
1463 3677 1507 3740 qui
1526 3685 1607 3726 morte
1619 3677 1749 3729 dicernat.

132 3997 160 4052 in
172 3997 349 4068 syntagmate
360 3995 532 4051 historicode
546 3995 630 4049 tribus
640 4001 795 4050 sanctorum
805 3997 927 4069 dnarqp-
984 3996 1133 4052 Usuardini
1149 4004 1225 4062 sunt,
1247 4011 1298 4052 nec
1312 3996 1346 4051 de
1360 3995 1396 4051 iis
1411 3997 1560 4079 quidquam
1582 3997 1785 4056 obseruandum

129 4084 233 4135 ruriam,
262 4068 362 4123 Gorneae
383 4066 547 4122 etilamiani
565 4065 681 4133 nurnine,
705 4067 828 4138 paridam,
852 4068 928 4125 edito
988 4066 1080 4134 video,
1110 4075 1208 4137 praeter
1218 4066 1245 4123 id
1259 4066 1333 4140 qnod
1349 4067 1449 4140 saepius
1463 4068 1529 4124 atrbi
1545 4067 1652 4126 dictum
1667 4077 1720 4140 est,
1742 4085 1787 4126 cos

131 4137 247 4196 Vienna
270 4137 348 4205 1660,
374 4153 428 4210 quo
445 4147 523 4194 terna
537 4138 586 4193 illa
600 4137 760 4194 Graecorum
784 4137 929 4197 distinctio
946 4144 969 4205 c
986 4155 1084 4210 nempe
1098 4155 1133 4194 ex
1147 4139 1281 4210 Hispania
1293 4138 1391 4194 allatus
1404 4146 1430 4194 et
1445 4155 1461 4195 a
1474 4139 1573 4197 Nostro
1585 4141 1722 4213 signatos,
1742 4140 1787 4196 lo-

130 4218 226 4267 contra
237 4207 397 4265 Latinorum
408 4208 597 4266 confusionem
608 4209 707 4265 acriter
716 4208 885 4279 defenditur,
897 4210 927 4266 iu
985 4226 1050 4266 eum
1065 4209 1094 4264 in
1109 4209 1195 4265 sacris
1213 4208 1314 4265 tabulis
1330 4211 1450 4281 primum
1466 4211 1614 4269 inienuus.
1632 4211 1723 4270 Breve
1740 4211 1786 4268 sed

130 4297 162 4338 ea
186 4280 322 4337 nimirum
334 4281 522 4362 suppositione
541 4296 594 4354 qua
610 4280 652 4336 illi
666 4280 735 4337 alios
750 4281 876 4339 Cosmam
900 4288 927 4337 et
982 4281 1143 4408 graeciarum
1164 4280 1307 4354 utriusque
1326 4281 1446 4354 elogium
1460 4290 1550 4339 exstat
1574 4283 1604 4339 in
1618 4283 1786 4351 Memoriali,

132 4351 295 4409 [lamiarum
308 4352 482 4420 alulir,ali0s
492 4369 553 4408 xvir
563 4351 700 4417 Octobris,
710 4352 780 4409 alios
791 4370 799 4409 1
810 4352 927 4409 Novem·
993 4352 1031 4407 ab.
1048 4369 1079 4420 u,
1095 4368 1155 4424 cap.
1170 4351 1283 4420 8,an
1299 4353 1430 4413 medium.
1443 4353 1491 4409 nbi
1501 4353 1636 4426 Eulogius
1650 4355 1786 4427 ipsorum,

132 4422 190 4479 bris
204 4430 251 4479 aut
265 4422 364 4479 diebus
378 4424 441 4480 aliis
456 4422 591 4480 recolunt.
614 4423 727 4479 Viderat
743 4423 801 4480 baec
820 4423 927 4495 pridem
982 4423 1073 4479 irratar
1084 4423 1201 4478 siderum
1214 4424 1283 4493 carli,
1295 4430 1367 4495 pecta
1382 4424 1519 4493 micantia,
1533 4425 1569 4481 cd
1583 4426 1788 4482 emolumenturn

130 4495 275 4562 baronius,
301 4494 348 4551 sed
364 4493 503 4566 rejecerat,
528 4510 578 4550 nec
592 4494 649 4550 seio
696 4494 787 4550 uidem
807 4511 842 4550 an
862 4495 927 4551 satis
982 4495 1106 4550 Ecclesiae
1122 4501 1218 4550 sancis
1232 4496 1415 4566 eleaempInm
1429 4496 1670 4571 debilium,aeene
1686 4504 1787 4554 etma-

131 4573 191 4622 tuto
202 4564 288 4638 digeri
301 4565 416 4638 possint,
425 4567 531 4621 tametsi
543 4565 680 4637 Papebroc
691 4565 746 4621 rius
757 4567 927 4638 inEplreme-
981 4565 1064 4637 pietro
1079 4582 1129 4623 suo
1143 4572 1222 4636 atque
1237 4567 1420 4623 illustrissimo
1434 4569 1572 4624 ductare...
1595 4569 1677 4625 beata
1691 4585 1787 4625 reeor-

131 4635 455 4693 ridibusGraecoMoscis
470 4652 502 4692 eo
518 4637 647 4693 inclinari
663 4636 799 4693 videatur.
811 4637 928 4710 Neqnid
982 4637 1098 4692 dationis
1109 4644 1133 4692 et
1148 4638 1280 4693 nrcrnorin
1298 4639 1470 4709 speraindeo,
1491 4640 1559 4710 sipla
1574 4639 1667 4696 latiori
1685 4656 1788 4712 cumpo·

130 4714 223 4762 tamen
238 4706 284 4763 hic
298 4707 453 4763 inconsulte
466 4706 606 4775 deliniam,
622 4707 670 4762 ubi
687 4708 767 4779 longo
782 4715 809 4763 et
821 4716 928 4764 maturo
983 4709 1033 4764 riter
1052 4708 1159 4765 asserit.
1176 4708 1241 4765 Maec
1254 4709 1397 4766 oca-ssione
1412 4708 1507 4767 matris
1521 4726 1617 4767 eornm
1632 4712 1785 4768 Artemius:

129 4776 257 4832 oramine
270 4793 339 4848 opus
355 4786 406 4844 est,
421 4777 480 4833 sola
495 4777 752 4857 Martyrologiorum
766 4785 925 4834 nostrornm
983 4795 1067 4851 porro
1084 4780 1157 4851 ipsos
1172 4780 1263 4836 denuo
1279 4781 1404 4837 nominat
1418 4781 1552 4853 Eulogius
1562 4781 1610 4838 lib.
1623 4783 1787 4854 rmeeptl,

99 4874 106 4889 ⁴
129 4850 292 4904 auctoritate
306 4862 363 4903 rem
377 4847 613 4904 circumscribam.
628 4848 674 4904 Sic
686 4848 840 4920 loquuntur
855 4850 926 4904 iiie-
983 4851 1049 4907 durn
1061 4851 1165 4907 sororis
1177 4852 1274 4908 Aureae
1285 4851 1629 4909 illustremconiessionem
1640 4853 1786 4912 describit.

130 4919 311 4992 rnnymiana:
328 4918 372 4974 ald
385 4918 452 4974 Aeta
467 4918 580 4986 ciuitate,
596 4919 696 4974 natalie
710 4925 863 4975 aancwrnm
879 4920 928 4976 Ca·
983 4923 1054 4978 Acta
1070 4922 1129 5002 ipsa
1145 4922 1257 4994 periisse
1269 4922 1421 4990 credimus,
1439 4939 1553 4997 eamque
1568 4923 1639 4981 lorea
1654 4923 1788 4997 irrepara-

130 5007 192 5046 enre
204 4996 228 5046 et
240 4989 365 5050 Damiani
379 4996 539 5071 nrartprnm.
552 4991 593 5045 dn
605 4997 678 5069 recte
690 4990 731 5046 loc
753 5006 781 5046 ru
794 4991 837 5047 lc
848 4992 927 5059 Acin,
983 4993 1067 5049 bilem
1079 5002 1217 5065 jacturam
1233 4993 1331 5050 merito
1355 4995 1389 5050 de
1411 4995 1481 5051 lorat
1494 5003 1589 5052 noster
1602 4995 1741 5052 Martinus
1754 4994 1789 5052 de

130 5063 175 5119 vel
199 5061 304 5118 Adarin
325 5060 384 5118 sive
403 5061 515 5117 divisim
534 5061 594 5117 sive
616 5061 787 5132 conjunctim
807 5063 929 5135 explicet
983 5064 1050 5132 Ros,
1068 5071 1142 5120 tomo
1156 5065 1190 5121 de
1206 5065 1373 5138 Martyrihus
1388 5011 1624 5133 Eordubensibun
1642 5082 1706 5139 pag.
1725 5065 1787 5124 15³.

130 5133 327 5200 Florentinius,
352 5141 383 5190 tu
396 5140 495 5200 statue,
518 5149 567 5205 ego
580 5132 710 5188 mendum
730 5133 862 5190 existimo
878 5150 928 5206 pro
983 5135 1012 5192 Si
1027 5135 1056 5191 in
1072 5135 1231 5208 hujusmodi
1255 5137 1444 5194 monumentis
1457 5137 1653 5210 perquirendis
1673 5152 1788 5210 operam

130 5205 265 5286 AEqcaeel
278 5206 382 5332 AEffiaea’
398 5211 432 5286 nt,
443 5203 568 5286 scribunt
582 5203 655 5260 Beda
665 5210 732 5261 etex
742 5220 774 5260 so
789 5206 927 5274 llabanus,
982 5205 1137 5334 floruissent
1153 5207 1300 5279 scriptores
1314 5207 1355 5264 illi
1369 5207 1417 5335 (gui
1431 5216 1473 5264 tat
1488 5207 1728 5281 pseudochronice
1741 5223 1788 5264 no·

131 5282 196 5331 imm
210 5284 305 5332 auctor
341 5275 623 5348 omanrparv1,Adn,
639 5274 855 5344 Notlterus,etc.
874 5277 929 5332 llos
1003 5294 1026 5333 rs
1040 5277 1231 5346 obtruseruut‚
1248 5295 1330 5352 quam
1345 5296 1376 5336 so
1389 5278 1463 5336 idam
1478 5280 1533 5337 toti
1547 5278 1731 5353 genti,quam
1744 5293 1788 5335 se·

132 5344 204 5401 inter
217 5348 370 5404 llomanum
385 5362 501 5420 parvum
517 5345 556 5402 ita
566 5346 650 5419 legit:
667 5349 698 5404 ln
711 5348 927 5419 AEqaaeiailule,
983 5364 1042 5404 ram
1060 5348 1113 5406 sibi
1129 5349 1237 5406 laudem
1289 5350 1436 5423 perissent.

133 5415 232 5472 Germa
254 5424 279 5472 et
301 5418 440 5487 fluminei,
462 5417 593 5484 Antlimi,
615 5418 718 5474 Leontii
738 5425 762 5474 et
784 5418 927 5490 Enprepii.
1019 5420 1234 5477 Florentinuein
1268 5421 1787 5495 ieronymiauissicultimoloconote·

131 5485 217 5565 Multa
228 5503 263 5568 ss
276 5487 354 5569 Actis
368 5489 560 5562 superaddidit
573 5489 739 5547 Viennensis
754 5506 815 5563 quae
829 5498 857 5546 et
870 5490 930 5561 ipsa
945 5502 970 5562 1)
984 5497 1045 5547 tur:
1058 5494 1091 5548 ln
1105 5492 1240 5549 limitatio
1255 5494 1332 5551 Edue
1344 5494 1448 5550 ciuitate
1461 5494 1562 5551 matta
1576 5494 1662 5551 mncli
1675 5494 1789 5552 Floren-

132 5562 307 5614 trtturatrone
321 5560 457 5633 indigent.
472 5561 570 5619 Noster
586 5561 705 5633 priorem
719 5561 804 5634 elogii
815 5561 857 5617 sui
871 5577 930 5632 par·
990 5562 1140 5635 tiniMuJ'ns
1150 5579 1251 5621 nomen
1260 5581 1277 5621 a
1286 5565 1505 5624 Mosandrocum
1514 5565 1647 5624 asterisco
1655 5566 1787 5636 refertur,

132 5627 607 5703 temerendadesertpsicelreram
623 5633 766 5690 subdens
782 5639 933 5689 mutuatus.
990 5635 1158 5716 llosweydus
1181 5636 1210 5692 in
1230 5637 1410 5710 appendicem
1426 5636 1528 5706 re'icit,
1554 5646 1584 5696 et
1597 5648 1684 5707 recte,
1714 5647 1747 5696 ut
1758 5639 1787 5697 in

131 5699 269 5756 Hactenus
292 5701 468 5757 consentiunt
488 5704 667 5830 Martlgrologi
690 5703 804 5777 antiqui
826 5718 932 5772 onrnes,
990 5705 1160 5776 praelatione,
1180 5724 1239 5781 cap.
1256 5709 1283 5776 3,
1299 5716 1394 5767 contra
1407 5654 1585 5766 Meililicnem
1600 5707 1789 5768 ostendimus.

130 5769 212 5828 etiam
223 5768 541 5847 wandalbertue,qui,ei
576 5775 933 5848 ieronymianosaxcipiae,
990 5775 1159 5850 ampliorem
1172 5779 1301 5839 alicunde
1320 5781 1448 5841 notitiam
1463 5787 1561 5841 nectas
1574 5780 1661 5843 luerit
1681 5781 1790 5843 licuer-
