3834 6136
76 189 131 248 aas
614 179 1112 266 summotonus-usus.
1133 209 1230 269 surr.
1689 221 1742 282 tes

77 313 135 370 filia
148 311 231 395 ducis
244 319 372 386 stuprum
379 315 531 398 commisit,
544 318 677 401 quodilla
687 339 750 406 cnm
766 323 922 408 fornica-A
936 328 1019 387 datus
1039 339 1090 389 est.
1107 333 1264 391 Secundum
1288 335 1397 410 aliquos
1411 338 1468 408 bic,
1494 342 1569 399 lonii
1584 346 1737 419 presbyteri

77 393 136 467 tore
152 385 207 441 sibi
221 385 348 468 confessa
362 393 413 469 est.
432 387 547 472 Quibus·
561 392 609 448 ille
627 401 818 464 penitentiam
832 415 881 454 iu·
936 409 963 458 et
975 410 1046 459 mart
1068 404 1115 473 ris,
1127 406 1195 463 socii
1205 406 1278 463 beati
1289 409 1408 466 Dionisii
1419 413 1581 477 ;secundum
1591 417 1660 474 alios
1670 435 1737 476 vero

74 472 206 530 iungens,
221 455 276 513 sibi
289 457 361 515 illud
375 476 481 531 imponi
496 459 572 532 fecit,
588 471 641 521 etc.
658 489 667 512 ι
813 541 819 552 .
935 473 1023 530 Nonis
1063 476 1166 547 agusti.
1182 477 1305 535 lliccum
1325 478 1355 536 iii
1365 481 1494 551 Galliam,
1509 500 1590 542 causa
1605 489 1735 559 praedica·

111 529 275 591 Aouiciiicr.
291 528 320 586 S.
335 529 561 614 Emmeramnum
576 549 632 592 iiou
647 539 765 618 appellat
777 557 881 623 epum·
935 545 1029 613 tionis,
1046 549 1165 604 venisset
1186 557 1279 606 tentus
1292 568 1324 607 ac
1346 552 1498 611 decollatus
1516 566 1568 625 est,
1588 560 1735 634 statimque

75 617 149 673 puni,
165 606 194 657 et
208 607 271 692 post
283 608 313 662 at
328 607 468 673 martyris,
479 620 520 662 sic
536 616 711 680 prosequitur
724 628 748 666 :·
764 613 815 669 llic
826 613 878 669 cri·
932 632 1032 688 corpus
1047 627 1186 688 truncum,
1211 629 1292 694 caput
1306 622 1335 679 iu
1360 640 1458 681 manus
1475 642 1598 697 sumens,
1612 630 1734 689 miliario

78 696 139 763 men
154 689 244 765 stupri
256 695 273 763 ⁸.
284 681 403 753 quodam
414 685 603 766 commissum,
616 687 669 744 sibi
682 705 763 746 causa
773 692 877 752 Christi
932 686 988 742 fere
1002 704 1059 745 uno
1073 689 1239 762 deportavit,
1257 692 1285 749 in
1312 695 1403 750 locum
1418 696 1465 752 ubi
1484 699 1623 770 quiescere
1638 703 1733 769 eleae-

77 761 206 824 ,mpuian
218 760 368 835 panium
376 754 492 825 proinde
503 758 601 815 monis
610 757 760 817 discrimen
772 766 877 835 patien-
932 766 982 815 rat.
999 759 1155 817 Secundum
1171 763 1351 838 Catbalogum
1363 767 1525 824 Sanctorum
1540 770 1596 838 bic,
1607 766 1731 830 Sanctini

76 832 116 882 iar
127 823 254 907 pereutit,
270 825 404 908 apr-iasar
417 842 450 882 sa
463 843 523 899 quas
536 830 668 910 'seperius
691 840 864 893 possessum
931 830 1052 910 episcopi
1075 833 1224 890 bieldensis
1250 845 1277 893 et
1301 836 1477 907 confessoris,
1503 840 1633 913 discipuli
1657 844 1729 902 beati

76 911 109 952 na
122 894 236 954 excidat
251 894 390 964 Corvinus,
413 898 500 954 mutia
515 898 662 973 diligenter
675 901 818 977 inquirens
841 881 875 965 ad
930 902 1068 983 Dionysii,
1079 903 1277 963 Parisiorum
1299 907 1383 981 iscopi
1399 912 1578 984 eimaiiyiis.
1595 915 1664 972 iiam
1675 915 1730 973 sit-

74 983 176 1023 mnum
191 966 255 1036 049,
271 983 287 1023 ι
302 984 366 1041 pag,
385 968 438 1026 243
452 969 487 1026 ad
505 970 568 1029 256,
930 973 1144 1057 vanuepiscopi
1161 923 1296 1034 Nazaretfl
1310 988 1336 1034 et
1351 980 1527 1051 confessoris,
1550 1001 1654 1057 magne
1668 1003 1730 1044 san·

88 1037 555 1122 ¹‘Marsicfcinrus'eUirusiiicu
573 1061 580 1100 :
609 1044 738 1104 ‹Murisii
762 1046 873 1176 &Mauri
929 1051 1032 1100 clitatis
1046 1062 1110 1114 viri,
1127 1045 1207 1103 beato
1220 1048 1390 1123 Hieronymo
1403 1052 1624 1124 familiarissimi,
1639 1067 1669 1114 ut
1684 1076 1729 1127 pa·

75 1108 118 1191 tii]
136 1118 164 1192 et
178 1126 318 1194 66666666]
335 1127 405 1184 cius.
421 1113 572 1186 Salaberpe
585 1117 740 1176 abbatissae,
786 1121 873 1177 intru-
929 1121 968 1169 tet
981 1131 1016 1171 ei
1030 1117 1113 1187 gestis
1128 1117 1260 1189 ejusdem.
1287 1123 1318 1177 lii
1333 1137 1425 1178 eremo
1442 1123 1551 1197 Scytbi,
1568 1128 1655 1185 sancti
1676 1129 1728 1187 Sil·

74 1181 258 1265 disvirgiuis.
278 1183 448 1266 ljlmmerami
461 1185 583 1267 episcopi
597 1197 625 1245 et
648 1190 788 1262 martyris.
804 1193 872 1248 Flo-
928 1185 998 1268 vani
1007 1187 1114 1244 abbatis
1137 1196 1165 1244 et
1179 1191 1354 1247 confessoris.
1373 1194 1404 1248 ln
1427 1210 1496 1277 papo
1511 1196 1726 1272 Tornodorensi,

76 1259 157 1310 motii
171 1269 294 1327 episcopi
308 1262 336 1312 et
349 1255 544 1313 confessoris.»
926 1255 998 1313 beati
1013 1259 1128 1314 loannis
1148 1260 1264 1318 abbatis.
1288 1263 1420 1319 Lutrudis
1442 1267 1569 1337 virginis.
1587 1271 1648 1341 ipso
1670 1271 1725 1342 die,

90 1323 206 1408 ¹Cousx
230 1325 264 1382 l).
280 1327 325 1384 Du
347 1326 568 1410 Curvamsigu.
589 1331 628 1388 B:
651 1333 707 1388 «lii
732 1333 871 1393 territorio
926 1337 1026 1385 sancte
1041 1330 1191 1403 Salabergas
1206 1332 1308 1402 viduae,
1335 1334 1486 1392 abbatissae.
1503 1337 1569 1404 Que
1584 1340 1612 1394 in
1627 1340 1726 1398 subur·

73 1403 195 1454 cumi„
210 1394 390 1467 commum,
405 1408 493 1455 sancii
507 1398 646 1459 baudonis
659 1403 751 1476 episco
771 1405 815 1462 i,.
925 1399 997 1456 bano
1022 1400 1205 1471 leuchorum,
1230 1404 1370 1461 nobilibus
1390 1414 1450 1462 orta
1467 1411 1636 1478 parentibus,
1661 1429 1724 1471 cuin

106 1467 139 1524 ιη
151 1467 287 1526 vfflm,
302 1469 452 1553 signatam
477 1470 548 1529 5929
563 1473 636 1530 nihil
651 1482 692 1531 esi
705 1475 739 1533 de
752 1421 870 1534 Ejusmo-
924 1473 1068 1528 oculorum
1085 1474 1178 1528 lumen
1193 1475 1323 1532 amissum
1341 1476 1411 1532 beati
1426 1479 1546 1535 Eustasii
1561 1480 1668 1538 abbatis
1683 1484 1724 1540 in·

74 1540 377 1608 rannemundus
392 1540 516 1599 Silvano.
924 1549 1051 1600 terveutu
1067 1556 1262 1617 recuperasset,
1280 1546 1411 1604 defuncto
1425 1550 1497 1616 viro,
1514 1552 1557 1607 cui
1570 1551 1650 1624 jussu
1665 1556 1724 1611 Da-

109 1609 283 1692 [yflmm
297 1619 370 1670 mai
387 1613 470 1669 etjam
489 1614 685 1673 ammei-amno
704 1628 731 1675 ee
744 1619 867 1679 silvano,
924 1615 1027 1685 goberti
1044 1615 1114 1686 regis
1130 1624 1267 1687 nupserat,
1280 1619 1399 1690 primum
1415 1619 1444 1675 iii
1459 1622 1593 1678 suburbio
1604 1624 1722 1696 Linpuc·

76 1679 187 1764 numan
199 1683 435 1768 :gtii'enitorio
447 1685 570 1744 civitatis
588 1686 868 1760 Constantianam
886 1684 910 1746 B
925 1686 1014 1754 nansi,
1037 1685 1194 1742 hereditate
1209 1689 1282 1745 vixit
1306 1697 1433 1762 paternali
1463 1692 1563 1749 deinde
1582 1695 1720 1768 siguum,

74 1752 159 1808 laudi
176 1769 328 1829 episcopi.»
924 1764 1083 1814 constructo
1112 1760 1302 1821 monasterio.
1325 1761 1455 1818 trecentis
1487 1764 1572 1820 ferme
1595 1766 1722 1824 adunatis

107 1827 248 1883 Asteles.
275 1843 326 1902 pre
352 1829 535 1887 Emmsremni
550 1873 558 1899 ,
586 1830 683 1889 scribit
709 1833 872 1892 Haueamni
925 1827 1080 1884 famulabus
1094 1828 1197 1887 Christi
1211 1832 1370 1902 presidens,
1386 1832 1444 1889 vita
1457 1835 1636 1894 etmiraculis
1649 1840 1722 1895 clara

81 1895 283 1968 «musenius,
297 1900 385 1958 sancti
400 1900 487 1958 bandi
502 1902 657 1974 episcopi.»
924 1901 1040 1974 quievit·
1057 1926 1066 1949 r

106 1967 280 2028 liberamur,
299 1996 309 2019 ι
326 1973 359 2028 ln
381 1972 522 2030 territorio
544 1974 666 2031 civitatis
691 1973 869 2048 Constantios,
960 1975 1068 2029 ΜοιΔΝ.
1088 1972 1298 2041 interimatis
1317 1973 1427 2044 littei-is,
1443 1979 1720 2048 poslcorottolt'sttttl,

73 2039 157 2097 „nesi
171 2038 316 2099 undoni,
330 2045 452 2117 syncopi
467 2052 495 2100 aa
509 2045 683 2102 oonfessoris.
700 2070 709 2094 2
924 2059 959 2099 ex
973 2043 1069 2100 Adone
1084 2044 1180 2100 miscet
1192 2063 1198 2100 :
1209 2069 1218 2093 ι
1228 2045 1326 2101 Victor
1338 2061 1403 2102 vero
1416 2056 1532 2129 martyr,
1546 2065 1596 2106 nec
1607 2051 1723 2121 legionis

103 2110 282 2194 prpvmg
300 2114 457 2189 ‹Lugdnuo
471 2115 595 2185 clavato,
606 2125 707 2174 sancta
720 2118 871 2195 Salabergae
924 2114 1046 2187 ejusdem
1061 2115 1124 2181 fuit,
1140 2132 1228 2188 neque
1244 2115 1332 2184 miles,
1348 2117 1395 2173 scd
1410 2127 1531 2176 emente
1542 2119 1599 2191 jairi
1616 2121 1722 2178 militiae

72 2180 382 2259 phw1f2mupae,quae
397 2196 484 2244 mater
497 2188 605 2244 emim
616 2196 799 2248 mmmmm
810 2210 870 2249 gan.
925 2195 1080 2241 veteranus.
1093 2186 1144 2243 liic
1157 2203 1221 2243 cum
1237 2187 1290 2243 iter
1304 2203 1386 2260 agens
1400 2188 1543 2246 incidisset
1559 2192 1587 2246 iu
1601 2191 1661 2261 lios,
1674 2193 1721 2265 qui

72 2253 286 2327 ctimouialium,
297 2257 418 2332 adcujus
430 2258 625 2333 polyandrium
642 2259 769 2334 [iiitelliye
781 2264 871 2337 sepul·
925 2257 1026 2383 ssffflm
1043 2256 1226 2329 epulabimur
1240 2258 1295 2339 Ιὸἶῑῑ
1311 2267 1401 2339 marty
1404 2277 1416 2314 Γ
1417 2277 1464 2315 11ῐῦ
1479 2261 1586 2332 ⁸P⁰ffi⁸i
1596 2271 1678 2335 atque
1687 2263 1721 2319 ab

71 2323 181 2402 citrum]
196 2327 279 2386 clare
293 2339 355 2403 post
367 2330 473 2388 obitum
490 2338 638 2403 patuerunt
658 2331 783 2390 virtutes¹
800 2359 809 2384 ,
946 2345 969 2383 is
983 2328 1017 2384 ad
1031 2328 1250 2386 convescendum
1266 2335 1409 2398 invitatus,
1426 2332 1558 2402 prolatam
1580 2333 1615 2389 ab
1630 2334 1721 2390 exsul·

103 2394 298 2479 Caunum:
320 2425 330 2449 ‹
344 2401 436 2459 Sancti
452 2401 568 2458 bautoni
581 2403 702 2475 episcopi
716 2412 743 2460 ei
758 2406 871 2463 confas-
925 2400 1048 2481 lantibus
1060 2415 1108 2472 per
1122 2398 1246 2480 ordinem
1258 2416 1366 2456 causam
1377 2403 1559 2528 coffinovisset,
1571 2403 1722 2462 detestatus

72 2484 176 2526 sons.»
197 2469 273 2529 idem
295 2474 406 2546 estqui
428 2474 728 2544 aliisimiidodmndo,
750 2477 870 2548 modos,
925 2486 1056 2528 convivas
1070 2469 1233 2541 refugiebat.
1252 2471 1303 2538 Qui
1320 2488 1412 2526 moia
1445 2473 1720 2548 eiscaptusetjngu·

71 2547 134 2608 Μ,
151 2539 259 2601 (5215oe
273 2544 321 2614 po,
336 2553 369 2602 up
381 2545 516 2603 diximus,
924 2542 996 2598 latus
1023 2550 1074 2609 est,
1103 2558 1135 2598 ac
1156 2541 1262 2599 ceteris
1283 2542 1452 2614 martyribus
1477 2544 1581 2601 bonore
1599 2545 1721 2618 conjun-

103 2612 228 2671 Rmiss,
250 2614 298 2673 ss,
315 2615 454 2674 Timothei
468 2627 496 2674 ei
505 2617 629 2690 Apollin,
641 2636 647 2675 :
658 2619 870 2689 ‹Aniimiodori‚
924 2621 985 2670 ctns
998 2620 1049 2669 est.
1066 2615 1102 2669 At
1116 2628 1182 2668 vero
1196 2613 1418 2669 beatissimorum
1431 2623 1582 2688 martyrum
1594 2632 1720 2687 corpora,

70 2682 246 2743 adveniunt
260 2687 387 2760 emptio
402 2689 525 2760 corporis
549 2688 585 2746 ab
599 2690 678 2747 ltalia
695 2691 783 2749 sancii
797 2691 870 2749 Ger.
925 2692 986 2755 post
1001 2684 1103 2740 multos
1117 2685 1251 2756 passionis
1274 2700 1361 2739 annos
1381 2684 1409 2740 S.
1430 2685 1575 2742 Theodoro
1593 2687 1722 2760 episcopo

70 2756 143 2811 marii
158 2755 285 2838 ejusdem
300 2758 425 2817 civitatis
436 2761 569 2834 episcopi.
585 2785 594 2810 ι
925 2755 1092 2824 revelantur,
1108 2763 1135 2810 et
1147 2755 1173 2810 iu
1186 2755 1512 2812 bonoreeorumbasilica
1522 2757 1636 2813 honeste
1645 2774 1721 2813 coin·

100 2826 202 2885 Editio
216 2829 417 2898 brusco-Coi...
434 2831 463 2887 iu
478 2833 567 2905 prima
580 2832 647 2889 satis
662 2849 739 2905 pura,
754 2833 868 2892 subdit:
924 2827 1103 2900 timim-¹1¹1
1118 2825 1173 2882 fine
1187 2826 1270 2884 babet
1283 2826 1317 2882 ‘¹⁰
1332 2827 1471 2896 baudone,
1487 2826 1581 2900 utjam
1591 2845 1661 2901 iiii)e
1671 2846 1722 2885 ⁸¹¹·

73 2899 168 2956 «item
185 2899 288 2959 ibidem
304 2902 366 2960 loco
377 2903 502 2974 Agauno,
519 2903 592 2961 beati
607 2904 728 2962 Victoris
736 2906 869 2975 veterani,
925 2900 1028 2972 petius·

24 2973 28 2980 ·
67 2969 112 3043 qui
136 2978 203 3043 post
224 2978 338 3045 ,mem
362 2972 505 3030 beatorum
523 2974 707 3042 Thebanum,
730 2976 870 3034 ibtdama
960 2971 1047 3025 lum:
1069 2968 1213 3027 ‹Civitate
1228 2968 1361 3026 Lauduno
1375 2971 1498 3038 Clavato,
1514 2969 1650 3043 depositio
1663 2987 1723 3027 sau·

98 3043 296 3100 rsecutoribus
308 3044 488 3118 iuteremptus
502 3054 553 3115 est,
570 3055 597 3103 et
614 3048 717 3104 sanctis
733 3048 868 3120 martyri·
883 3048 904 3106 G
920 3050 973 3121 cte¹
985 3040 1137 3113 Salabeigae
1147 3041 1301 3109 abbatissa,
1315 3058 1376 3123 qua.
1385 3043 1413 3098 iii
1426 3044 1482 3115 lege
1492 3042 1587 3098 divina
1601 3041 1721 3104 erudita.

82 3129 118 3170 us
133 3113 268 3173 sociatus.
280 3115 353 3173 listis
372 3133 432 3174 onai
445 3116 532 3174 sancti
544 3118 730 3175 Emmerainui
746 3119 865 3193 episcopi
922 3114 1026 3195 vigiliis
1039 3120 1067 3167 et
1088 3112 1261 3168 orationibus
1282 3113 1391 3169 assidue
1410 3130 1521 3182 vacans,
1544 3114 1679 3170 virtutum
1695 3121 1723 3169 et

66 3192 91 3240 ss
105 3185 253 3267 martyris,
268 3210 278 3233 i
292 3187 331 3244 ns
345 3133 498 3255 pploremm,
513 3188 592 3245 bane.
603 3189 703 3272 «Apud
722 3191 865 3247 Bai-ariam
923 3185 1117 3242 miraculorum
1130 3184 1216 3255 gratia
1230 3183 1365 3265 illustrem
1376 3184 1612 3241 conversationem
1628 3183 1720 3241 duxit.

66 3255 254 3328 provinciam,
277 3257 367 3316 natale
387 3260 475 3317 sancti
503 3261 668 3332 Haytramii,
696 3262 816 3334 episcopi
840 3269 867 3317 et
921 3259 951 3312 ln
969 3271 1036 3326 pago
1051 3253 1264 3322 Tornodorensi,
1284 3255 1355 3310 beati
1368 3256 1482 3311 loannis
1497 3255 1612 3312 abbatis.
1633 3280 1642 3302 ι
1663 3257 1723 3312 De-

66 3326 268 3387 confessoris.
289 3330 333 3387 An
353 3348 408 3388 non
428 3331 578 3403 repetitio?
599 3356 608 3379 i
625 3332 653 3388 in
670 3348 702 3404 pa
721 3349 738 3389 o
755 3333 867 3388 Toriio-
921 3329 1015 3400 niqne',
1028 3325 1103 3397 typis
1119 3324 1273 3380 minoribns
1286 3343 1291 3381 :
1303 3351 1311 3372 ·
1322 3324 1454 3398 Corbejae‚
1466 3326 1595 3383 Lutrudis
1604 3325 1722 3394 virginis

66 3396 189 3469 durensi,
213 3400 285 3458 beati
309 3402 442 3460 Joliannis
467 3402 585 3459 abbatis.
604 3427 613 3450 ι
635 3405 674 3459 De
698 3350 811 3460 §gibano
837 3412 867 3458 ut
921 3395 1148 3455 sanctimonialis.
1165 3395 1327 3451 »Editioncs
1339 3397 1400 3452 alia
1416 3398 1449 3452 de
1462 3399 1572 3453 Victore
1586 3397 1722 3453 nonnulla

66 3484 158 3597 sagra.
182 3471 312 3530 «Eodem
326 3473 381 3542 die,
397 3484 497 3531 sauctae
513 3473 657 3530 Luttrudis
672 3474 824 3546 virginis.»
920 3466 1099 3534 contrahunt,
1122 3467 1169 3521 sed
1195 3467 1229 3522 de
1253 3468 1448 3525 Emmeramno
1466 3469 1581 3535 addunt,
1605 3467 1678 3539 qnod
1695 3473 1722 3523 et

123 3557 199 3600 aim.
215 3543 245 3600 iu
255 3545 346 3618 prima
361 3546 427 3619 legit
437 3546 520 3602 etiam
531 3545 611 3613 6666,
627 3553 655 3601 et
669 3545 866 3602 habctclausu·
921 3542 1011 3668 prima
1024 3538 1125 3619 litteris
1138 3537 1243 3594 italicis
1254 3537 1390 3620 insertum
1405 3539 1504 3595 babet:
1528 3565 1537 3586 ‹
1553 3538 1608 3596 Cui
1622 3540 1722 3611 singu-

68 3611 120 3668 lam
136 3621 169 3670 ut
187 3631 280 3688 supra.
371 3616 428 3673 itur
444 3617 478 3673 de
493 3617 643 3682 Florentio,
661 3623 692 3672 ut
707 3619 865 3673 durusne·
933 3620 1017 3668 ariter
1033 3625 1127 3664 omnia
1144 3608 1264 3664 membra
1277 3609 1397 3666 abscissa
1411 3620 1486 3666 sunt.
1504 3635 1512 3656 ·
1530 3611 1663 3666 Preterea
1681 3610 1722 3665 lie

66 3682 141 3742 ltix.
152 3685 224 3743 'lviiii
235 3687 269 3744 de
280 3688 335 3744 bau
356 3704 418 3756 one,
430 3698 482 3746 etc.
496 3688 527 3744 lu
539 3687 653 3744 Silvano
661 3687 789 3745 nonnihil
799 3704 866 3743 niu·
920 3683 1056 3740 editiones
1069 3680 1309 3748 annuntiationem
1321 3689 1450 3738 truncant
1460 3689 1487 3737 et
1499 3681 1616 3746 variant,
1628 3697 1723 3737 rursus

64 3753 164 3812 tilatus
177 3764 229 3816 est.
249 3760 354 3832 «Apud
370 3759 544 3828 Beuvariam,
562 3759 649 3816 sancti
667 3758 796 3828 botrani,
812 3767 864 3816 etc.
921 3755 1021 3811 litteris
1049 3751 1152 3808 italicis
1174 3752 1215 3808 sic
1233 3752 1392 3825 legentes:‹
1407 3753 1477 3808 liuio
1496 3768 1600 3809 crimen
1633 3751 1721 3823 stupri

64 3824 141 3882 liuic
154 3828 258 3886 crimen
269 3831 357 3904 stupri
373 3830 540 3905 imputatum
552 3836 603 3899 est,
617 3831 775 3904 acproinde
791 3846 866 3886 mor·
920 3827 1087 3898 imputatum
1115 3829 1165 3879 cst.
1182 3847 1191 3870 i
1212 3824 1321 3904 Deinde.
1336 3824 1492 3905 charactere
1517 3824 1651 3890 Romano,
1675 3839 1723 3879 seu

65 3895 104 3953 tis
117 3896 277 3970 discrimen,
293 3926 302 3949 ι
324 3911 378 3960 etc.
921 3897 1032 3979 proprio
1060 3902 1162 3960 textus,
1188 3910 1244 3950 «ac
1263 3894 1379 4021 proinde
1401 3904 1508 3964 mortis,
1520 3904 1573 3951 etc.
1590 3895 1639 3950 ·ln
1651 3893 1720 3949 fine:

101 3967 253 4029 Cervam:
269 3999 277 4022 ι
295 3974 436 4042 baudone,
453 3973 591 4031 Romarici
608 3988 641 4027 ac
654 3973 792 4030 sociorum
807 3972 867 4044 ejus
929 3968 1071 4025 «civitate
1086 3965 1220 4022 lauduno
1238 3964 1259 4023 C
1272 3974 1362 4034 avalo,
1383 3965 1519 4038 depositio
1534 3965 1722 4022 6666666616-

82 4041 283 4114 ningeutorum
299 4044 438 4118 octoginta
448 4045 580 4119 quinque.
593 4043 715 4099 Platonis
724 4044 866 4115 martyris,
920 4040 1019 4110 bergas,
1035 4045 1157 4118 etc.,›ut
1169 4053 1261 4107 supra.
1272 4039 1310 4093 lle
1320 4037 1467 4118 Laudovel
1486 4038 1624 4118 baudone,
1639 4042 1723 4116 agunt

64 4054 188 4170 dictoris
213 4117 352 4190 martyris.
376 4117 429 4184 Qui
454 4133 516 4174 cuni
535 4117 712 4188 agaunenses
733 4123 867 4196 martyres
921 4110 964 4166 lie
977 4109 1114 4166 editiones
1128 4107 1173 4162 die
1184 4107 1359 4187 precedenti,
1379 4116 1419 4162 uti
1444 4116 1472 4164 et
1486 4107 1721 4181 pluresaiiicodi·

64 4181 247 4253 beatificaret,
262 4187 370 4246 felicem
385 4204 414 4244 se
427 4185 555 4256 dicendo,
571 4187 594 4243 si
617 4201 681 4243 cuin
697 4186 754 4242 illis
769 4186 866 4242 fuisset
922 4197 977 4239 ces.
997 4205 1006 4228 ι
1022 4182 1053 4236 ln
1069 4194 1137 4251 pago
1154 4176 1368 4246 Tornodorensi,
1383 4185 1461 4234 etc.-

63 4255 184 4325 eccisus,
200 4273 268 4315 uros
279 4258 314 4316 ab
325 4258 429 4317 eisdem
446 4258 560 4316 illomm
575 4256 753 4316 carnificibus
776 4257 867 4314 truci-

62 4423 103 4482 lX
120 4425 190 4484 sat.
1600 4421 1659 4478 tite.
1675 4421 1720 4479 23.

99 4525 131 4582 lii
146 4524 309 4599 campania,
325 4527 426 4585 natalis
439 4526 513 4584 beati
528 4524 719 4584 Sosiidiaconi
735 4524 893 4582 Messeuata
907 4523 1041 4581 civitatis.
1057 4523 1109 4579 Hic
1120 4538 1184 4580 cuni
1194 4517 1444 4594 temporequodam
1462 4519 1723 4593 Evangeliumlege·

62 4623 105 4671 ret
118 4613 150 4671 iu
163 4614 281 4672 ecclesia
294 4617 413 4690 praefatae
435 4617 569 4685 civitatis,
585 4623 719 4690 presente
742 4616 870 4690 episcopo
882 4615 1024 4684 laudario,
1048 4613 1119 4671 vidit
1143 4612 1235 4669 subito
1255 4611 1327 4670 idem
1343 4610 1488 4686 episcopus
1513 4611 1547 4669 de
1561 4610 1650 4684 capite
1664 4610 1724 4684 ejus

62 4703 206 4762 flaminem
224 4720 383 4780 exsurgere,
405 4714 432 4763 et
448 4705 643 4780 pronuntiavit
654 4722 717 4762 euni
732 4712 881 4778 martyrem
902 4704 1037 4761 futurum.
1049 4704 1154 4776 Etpost
1166 4718 1222 4758 non
1237 4702 1341 4758 multos
1353 4700 1493 4770 dies,cum
1505 4709 1575 4758 esset
1586 4716 1722 4757 annorum

63 4793 192 4865 triginta,
209 4795 376 4868 martyrium
397 4811 460 4852 cum
471 4795 567 4852 eodem
577 4795 707 4868 episcopo
725 4795 824 4869 capitis
840 4793 1051 4851 obtruncatione
1063 4793 1193 4866 suscepit.
1209 4791 1313 4849 Eodem
1329 4792 1384 4863 die,
1397 4800 1498 4850 sinete
1510 4792 1597 4850 'l'ecle
1605 4789 1723 4864 virginis

61 4881 98 4939 de
113 4883 210 4940 lcouio
224 4882 348 4954 civitate,
363 4903 425 4960 qua
441 4886 470 4942 iu
484 4884 658 4943 confessione
674 4884 778 4944 Christi
794 4885 886 4959 ignem
900 4900 932 4941 ac
955 4883 1058 4941 bestias
1072 4883 1186 4951 devicit,
1208 4892 1236 4940 et
1255 4891 1316 4956 post
1332 4884 1420 4940 multa
1435 4883 1586 4942 certamina
1602 4880 1637 4937 ad
1651 4879 1720 4935 doc·

61 4971 167 5029 triuaui
182 4973 336 5033 inultorum
353 4976 468 5055 veniens
480 4975 643 5045 Seleuciam,
661 4975 797 5050 requievit
817 4975 845 5031 iu
862 4989 937 5049 pace.
954 4974 984 5029 ln
1004 4975 1143 5033 territorio
1166 4972 1289 5032 civitatis
1304 4972 1484 5042 Constantia,
1509 4970 1595 5027 sancti
1612 4968 1720 5023 Paterni

61 5061 187 5138 episcopi
202 5071 231 5121 et
242 5064 419 5123 confessoris.

838 5181 955 5240 NOTAE.

97 5279 279 5338 Conveniunt
305 5232 427 5348 Proteo,
457 5280 607 5345 Herinicn,
631 5278 864 5351 intuere-liei,
920 5280 1108 5351 lump-lice,
1125 5278 1207 5349 Lepsia
1228 5274 1372 5333 6666666.
1391 5281 1418 5330 et
1432 5272 1572 5342 Atbsroen.

60 5351 214 5426 liosweyd,
230 5353 342 5410 Preces.
368 5359 396 5408 et
414 5353 516 5411 noui.
532 5350 639 5419 Quibus
653 5349 789 5408 accedunt
803 5350 866 5406 An-

679 5468 882 5528 lemannus
901 5465 1106 5526 merlonus

98 5565 192 5624 Sancti
207 5565 278 5647 dosii
311 5583 341 5624 ro
362 5567 441 5637 teas,
465 5569 575 5641 scripsit
596 5568 777 5625 Herinicnsis.
801 5568 904 5632 Au-1)
921 5565 1003 5622 modo
1017 5580 1072 5638 quo
1086 5563 1115 5619 iu
1132 5570 1210 5620 textu
1224 5557 1397 5644 reliquimus.
1417 5558 1563 5632 Rosvieyd.
1581 5574 1631 5631 pro
1645 5561 1720 5631 flnin‘

62 5636 271 5719 tuerp.·lfai.b
324 5638 626 5698 isauutmmsvarie
645 5640 786 5698 scribitur.
804 5638 865 5722 Qp-
920 5655 991 5694 mom
1012 5651 1165 5716 essurpere,
1187 5634 1253 5704 legit
1275 5631 1422 5715 ascoidsrs.
1443 5632 1475 5687 lu
1494 5631 1593 5714 Prateu
1616 5639 1646 5712 et
1658 5634 1722 5712 itii-

62 5708 614 5842 lii¹¹3C⁰i¹tiii³¹⁰¹iiii⁸³⁰iii
634 5712 865 5842 i²¹i¹¹²i⁰¹¹⁰i¹t
919 5703 1318 5851 ittittfutitit·
1332 5703 1539 5848 flatus.
1554 5701 1720 5830 istius

146 5797 162 5836 i·
216 5820 226 5849 ,
333 5799 374 5854 n.,
456 5799 650 5857 urp.·ay,e
715 5799 807 5844 revit.
944 5800 1013 5839 c.
1203 5821 1211 5848 ,
