3834 6136
155 205 209 261 795

816 196 970 253 USUARDl
989 194 1150 252 MONACHI

1759 195 1807 252 tas

829 296 1134 379 oiisunvxmonas.

191 423 324 489 DePoolo
334 418 502 479 Narbonensi
511 435 567 477 non
582 419 767 490 perfunctorie
782 436 860 493 agere
871 438 911 476 coe
933 420 953 476 i·
968 424 991 482 A
1008 420 1061 477 hoc
1082 419 1174 501 potius
1199 434 1279 493 quam
1303 417 1358 473 alio
1374 417 1419 476 die
1433 416 1462 473 bi
1487 413 1624 489 i'nartyres
1652 417 1687 473 ab
1704 428 1807 479 auctore

155 492 511 557 musindbseriatienibus
522 508 581 548 xxii
596 491 686 548 blartii
701 493 810 563 quodie
822 509 857 546 ex
872 438 951 548 corfd.

154 569 329 639 Hieronym„
340 565 397 621 imo
410 580 445 621 ex
459 562 583 619 omnium
593 563 873 638 lermeaiitiqnieruin
886 564 954 618 Mar·

154 639 356 712 tyrelogeruni,
369 635 505 693 sententia
515 634 692 692 collocandus
702 642 752 703 est,
769 651 856 707 neqne
866 636 954 691 bacte-

154 727 207 768 nus
221 726 291 783 queo
307 708 461 781 perspicere
474 723 524 763 cur
542 706 693 775 Usuardus‚
709 722 724 762 a
746 707 836 763 solitis
850 706 954 762 ducto-

153 782 230 839 ribus
252 780 390 847 recedens,
408 777 955 845 bucPaulurndistulerit.Atenim,licet

153 853 273 924 signatas
284 853 317 908 ab
328 851 423 907 Adone
435 849 571 907 Kalendas
581 850 697 917 deserat,
713 848 772 921 ejtis
782 849 952 975 opiniones,

154 941 214 997 quae
230 925 329 980 seculo
347 940 375 978 ix
390 922 542 991 obtinebat,
558 921 702 993 deprimis
717 921 746 976 in
762 921 801 977 Ga
813 921 851 976 lia
865 921 954 976 Eran-

153 997 218 1068 gelii
235 994 462 1067 praedicatoribus
476 993 509 1049 ad
523 995 708 1065 apostolerum
725 1000 849 1064 tempora
869 992 955 1050 redu-

152 1068 258 1134 cendis,
274 1066 389 1122 ernnine
403 1083 445 1120 ani
469 1066 546 1121 lexus
559 1072 609 1134 est,
621 1081 683 1121 cuin
697 1073 784 1121 totum
800 1080 882 1120 suum
893 1064 955 1119 ele-

153 1138 228 1209 giam
240 1154 274 1192 ex
287 1083 498 1192 FestiritatiDus
514 1138 701 1207 apostolorum
716 1135 912 1207 desumpserit,
927 1134 954 1191 id

152 1209 303 1281 prudenter
316 1208 457 1276 emittens,
495 1223 529 1262 uo
541 1207 708 1266 Viennensis
722 1208 837 1264 Paulum
853 1206 954 1262 Narbo·

152 1296 266 1335 nensein
282 1279 398 1348 indicat,
414 1297 471 1335 euin
507 1296 531 1334 m
551 1279 637 1351 ipsura
651 1278 734 1350 fuisse
748 1279 869 1350 Sergium
884 1279 955 1333 Pou-

154 1351 209 1406 lrrm
233 1352 427 1422 proconsulem.
444 1351 541 1414 Breve,
562 1350 609 1407 sed
624 1353 733 1424 elegans
747 1357 788 1409 est
810 1349 954 1407 Prudentii

153 1421 186 1478 de
203 1423 288 1479 Paulo
303 1431 399 1479 uestro
414 1421 584 1490 encomium,

245 1532 341 1592 Surget
358 1541 384 1580 et
399 1531 480 1580 Paulo
497 1531 616 1593 speciosa
628 1531 728 1581 Narbo.

152 1636 256 1694 Caetera
280 1637 385 1709 pridem
411 1637 498 1694 solide
527 1638 683 1694 enucleavit
703 1635 894 1692 Henscbenius
922 1651 954 1691 ex

151 1708 288 1781 Bosqueto
300 1709 427 1783 aliisque,
436 1710 521 1767 citata
534 1711 578 1767 die
589 1727 649 1765 xxii
667 1709 769 1776 llartii,
786 1716 816 1762 ut
827 1709 872 1764 bic
883 1708 954 1763 nibil

1011 493 1127 548 iloniani
1148 491 1222 563 parri
1248 491 1346 561 signati
1372 491 1438 557 sint,
1454 507 1515 546 cum
1537 498 1650 546 sanctos
1671 490 1807 565 plerosque

1011 581 1107 619 omnes
1121 579 1156 618 ex
1172 562 1269 620 Rufino
1285 562 1454 633 desumptus,
1471 578 1520 633 pro
1538 578 1614 617 incre
1628 579 1681 617 sue
1693 563 1773 620 libitu
1783 565 1806 623 in

1011 635 1113 703 uarios,
1129 651 1197 708 quos
1212 634 1282 690 forte
1297 634 1399 689 sanctis
1412 634 1474 689 aliis
1489 650 1591 689 uacuos
1611 633 1742 703 babebat,
1757 636 1805 693 desi

1011 706 1192 763 distribuerit.
1208 706 1270 763 Scio
1283 705 1500 777 Epimacbiuma
1513 704 1617 762 Graecis
1633 705 1731 761 referri
1747 723 1805 766 xxxi

1011 780 1149 846 Octobris,
1165 788 1195 834 ut
1209 778 1248 833 ibi
1264 777 1294 832 in
1310 777 1448 832 Auctariis
1463 776 1616 839 adnotari;
1633 784 1663 832 at
1682 794 1733 832 cur
1745 795 1760 834 a
1771 797 1805 835 so-

1010 850 1070 919 ciis,
1087 852 1131 907 rel
1144 851 1241 906 saltem
1255 866 1270 904 a
1286 849 1362 904 socio
1375 849 1497 916 auulsas,
1510 864 1559 904 cur
1575 848 1625 904 tali
1637 848 1684 904 die
1699 850 1734 905 ab
1748 850 1804 923 ipsis

1029 923 1185 978 ocissimum
1199 921 1316 987 colatur,
1332 920 1412 992 plane
1428 919 1564 976 incertum
1581 927 1634 987 est,
1651 920 1706 976 nisi
1722 929 1805 979 trans-

1010 939 1077 1051 fatie
1094 1003 1141 1049 ant
1156 992 1316 1049 hu'usmodi
1329 991 1436 1064 aliquid
1452 991 1627 1047 occasionem
1643 991 1760 1048 dederit.

1046 1065 1109 1120 Dixi
1135 1066 1162 1119 in
1187 1011 1367 1119 larianubns
1391 1064 1577 1133 Hermogenem
1597 1069 1621 1119 el
1644 1064 1804 1120 &boloma

1011 1136 1154 1192 codicibus
1169 1135 1310 1190 inferioris
1327 1143 1397 1189 notai
1413 1135 1514 1190 ascribi
1531 1135 1671 1203 Ermerium,
1689 1136 1762 1209 qnod
1777 1153 1802 1192 ex

1013 1207 1238 1279 Hieronyuiianis
1249 1207 1291 1262 iel
1302 1207 1392 1278 potius
1402 1222 1434 1261 ex
1447 1206 1607 1262 llribaniano
1617 1205 1710 1278 aliquo
1719 1207 1804 1264 codice

1012 1289 1153 1349 acceptum
1171 1277 1251 1333 focile
1265 1277 1493 1332 existimaverim.
1511 1280 1547 1332 At
1564 1276 1750 1348 praeferendus
1771 1289 1804 1336 est

1011 1350 1099 1407 codex
1122 1349 1342 1422 Epternacensis,
1365 1349 1392 1403 in
1414 1365 1468 1420 quo
1493 1365 1623 1421 expresse
1638 1349 1753 1420 legitur:
1772 1354 1805 1406 Et

1012 1422 1066 1476 olio
1083 1424 1148 1488 loeo,
1164 1420 1345 1488 Hermogenis,
1370 1420 1483 1475 Donato
1504 1427 1528 1474 et
1542 1420 1661 1474 oliorum
1679 1437 1748 1489 xxii,
1764 1423 1804 1478 cui

1012 1493 1093 1576 plane
1107 1499 1239 1549 consonat
1255 1491 1426 1559 Blumianns,
1448 1507 1499 1547 nec
1512 1491 1606 1546 differt
1622 1490 1803 1560 Cerbeiensis,

1013 1582 1041 1621 in
1057 1563 1295 1636 quibuseninibns
1307 1564 1417 1618 Donotoe
1429 1563 1571 1618 inuenitur
1602 1580 1633 1618 ro
1645 1563 1752 1631 Donati,
1767 1565 1803 1620 sed

1012 1636 1114 1717 absque
1130 1636 1277 1707 positione.
1296 1634 1450 1689 Galesinius
1464 1581 1666 1689 Aleaoiufriom
1680 1643 1802 1700 astruens,

1012 1706 1165 1764 audiendus
1199 1723 1255 1762 non
1278 1712 1328 1762 est.
1360 1705 1455 1761 Potius
1482 1706 1651 1761 crediderim
1680 1707 1802 1834 Hisqianes

151 1781 354 1837 observandum
372 1796 535 1906 magneqere
549 1780 677 1905 suqiersit.
693 1778 746 1846 Qui
768 1795 857 1833 reruni
874 1796 955 1835 coiu-
969 1784 991 1843 Β
1007 1780 1102 1846 luisse,
1119 1777 1314 1834 tametsialoci
1327 1792 1361 1832 ex
1383 1777 1502 1833 cessione
1516 1776 1687 1834 abstinuerit
1702 1781 1723 1833 A
1745 1797 1767 1847 o,
1781 1789 1801 1833 et

170 1851 260 1908 endiis
274 1852 437 1920 delectatur,
453 1869 468 1906 a
489 1860 533 1908 eat
548 1851 579 1906 Ti
594 1852 757 1909 lemontium
769 1859 844 1905 tomo
860 1850 908 1914 IV,
924 1849 954 1907 in

150 1867 279 2048 {igqiigsio
298 1923 458 1989 Porisiensi,
482 1923 632 1994 praesertim
659 1922 778 1979 articulo
795 1921 838 1989 ti,
861 1937 952 1993 apag.

187 2062 301 2119 llomani
320 2063 397 2135 parvi
413 2063 563 2121 hodiernus
574 2063 714 2121 indiculus
729 2064 802 2122 solos
819 2070 953 2136 martyres

149 2134 355 2192 Alexandrinos
366 2135 489 2203 exhibet,
506 2153 540 2193 ex
555 2135 639 2193 citato
649 2137 731 2193 toties
746 2137 838 2195 Rufini
855 2136 952 2204 libri,

149 2220 209 2278 cap.
226 2205 270 2273 3¹,
288 2222 335 2262 seu
350 2224 385 2262 ex
400 2206 502 2264 celebri
518 2206 646 2279 D‘unysii
662 2206 844 2264 Alexandrini
855 2205 889 2262 ad
904 2208 952 2263 Fa·

149 2276 226 2332 bium
236 2277 441 2334 Antiochenam
452 2279 568 2351 epistola
579 2280 657 2351 plane
672 2288 807 2351 acceptos,
824 2279 897 2334 unde
913 2294 953 2334 vii

149 2348 309 2405 Decembris
331 2349 515 2421 Agathonem,
539 2367 590 2406 rui
606 2351 756 2407 Macariuiii
771 2368 834 2408 runi
856 2350 952 2405 eodem

149 2419 274 2477 [lornano
295 2437 380 2492 parre
393 2422 558 2494 'nuperrime
573 2421 709 2478 dedimus.
736 2424 799 2478 llaec
821 2431 885 2477 sunt
901 2421 953 2477 bec

148 2490 195 2546 die
208 2491 266 2563 ejus
281 2493 365 2548 rerba
377 2512 383 2549 :
396 2493 581 2559 Aleaoiidiu're,
593 2495 743 2564 Epimocbii
758 2493 950 2549 etAleaoiirbi.

148 2563 185 2619 Et
198 2569 351 2618 saeclorum
365 2572 480 2634 qualeter
495 2566 635 2620 mulierum
656 2565 851 2633 Ammouorr'oe,
875 2565 951 2619 Mer-

148 2632 240 2699 curio,
262 2633 395 2704 Dloepsi're
414 2643 437 2690 et
451 2637 641 2690 Amineaerire.
663 2638 705 2691 Ex
728 2635 951 2708 praeterstante

147 2703 950 2828 quiitiiliberattusbausitvieiinensis,omnimncertamina

166 2772 337 2840 escribando‚
354 2791 388 2830 ex
404 2776 456 2833 boe
471 2784 563 2833 autern
575 2785 721 2850 utrumqne
736 2796 818 2834 suuni
828 2778 948 2849 elogium

147 2842 246 2896 Noster
268 2844 303 2898 de
319 2860 393 2899 inere
414 2849 546 2913 extraxit,
562 2858 713 2916 postremas
728 2849 796 2904 duas
821 2851 949 2905 mulieres

145 2928 298 2985 anonymus
315 2916 484 2986 relinquens.
502 2918 578 2971 Patet
598 2918 644 2974 bic
663 2935 767 2985 rursus,
785 2919 859 2991 quod
876 2936 949 2989 prae-

144 2983 209 3064 talis
222 2984 318 3040 diebus
333 3003 372 3042 vn
390 2996 416 3043 et
441 3004 490 3042 rrii
506 2988 665 3043 Decembris
679 2997 760 3060 atque
782 2989 849 3043 alibi
867 2990 949 3046 toties

145 3056 358 3126 inculcavimus,
382 3059 485 3114 frustra
503 3059 617 3114 omnino
638 3061 774 3115 rationein
797 3061 882 3132 quari
899 3078 949 3119 eur

1009 1851 1084 1907 hunc
1099 1850 1257 1906 describens
1269 1794 1416 1905 Usuartfns.
1433 1850 1474 1904 An
1497 1857 1569 1904 recte
1581 1849 1741 1906 Thesaurus
1750 1867 1801 1906 con-

1008 1922 1183 1978 cionatoruni
1194 1920 1266 1992 apud
1276 1920 1426 1975 Duronium
1437 1936 1484 1975 eos
1492 1920 1520 1973 iu
1532 1920 1664 1992 paludem
1674 1921 1801 1978 decursos.

1007 2010 1116 2064 agaraeni
1128 1992 1268 2064 per-fecisse
1282 1991 1383 2058 tradat,
1396 1992 1506 2063 proprio
1519 1993 1581 2048 loco
1595 1993 1801 2062 examinabitur,

1007 2065 1112 2121 Ambos
1122 2064 1172 2121 bos
1185 2071 1330 2134 martyres,
1346 2079 1408 2118 cum
1419 2063 1568 2119 sociissuis
1578 2063 1682 2134 uiginti
1696 2064 1801 2133 duobus,

1008 2137 1048 2194 sic
1062 2151 1118 2191 non
1134 2135 1301 2207 ineleganter
1318 2135 1441 2190 laudavit
1457 2134 1696 2192 wandalbertus:

1069 2244 1257 2299 Hermogenes,
1276 2244 1391 2292 Donatus
1405 2243 1444 2291 liis
1458 2241 1574 2305 denique
1591 2255 1740 2298 coruscant.

1069 2307 1136 2356 Turn
1150 2305 1240 2370 pridie,
1255 2316 1279 2354 et
1296 2307 1349 2355 bini
1364 2307 1500 2367 coniuncto
1513 2308 1646 2367 sanguine
1659 2310 1749 2360 sancti.

1045 2421 1191 2477 Wolericus
1217 2421 1262 2477 vel
1291 2420 1461 2488 Wolarirus,
1482 2419 1689 2476 Leuconaensis
1711 2418 1803 2486 abbas,

1006 2508 1057 2566 pro
1081 2493 1134 2548 boc
1157 2492 1202 2548 die
1226 2492 1386 2564 planissime
1403 2491 1575 2548 Usiiardiiius
1591 2499 1644 2558 est,
1661 2491 1696 2547 ab
1717 2491 1803 2547 Adone

1005 2572 1081 2620 certe
1092 2563 1216 2635 positnsi
1231 2564 1346 2636 Aprilis,
1362 2563 1427 2637 qnid
1450 2563 1498 2618 uid
1512 2562 1560 2619 liic
1574 2579 1674 2618 rursus
1689 2562 1803 2619 codicem

1005 2652 1086 2691 sunni
1099 2635 1275 2691 Adonianum
1291 2634 1421 2691 obtrudat
1468 2634 1566 2701 abilio,
1583 2635 1629 2693 cai
1647 2635 1754 2694 nullum
1774 2635 1803 2688 si·

1005 2707 1100 2763 tuilem
1115 2709 1186 2763 inter
1202 2714 1309 2761 nostres
1325 2723 1353 2760 re.
1373 2706 1487 2772 erimus,
1504 2714 1606 2778 prater
1623 2706 1739 2762 unicum
1754 2706 1803 2760 Lo-

1004 2777 1139 2835 bierisem.
1158 2779 1195 2834 lle
1211 2776 1321 2850 proprio
1336 2724 1428 2833 obitos
1443 2777 1488 2833 die
1508 2787 1585 2833 certo
1604 2778 1746 2845 decernat,
1761 2777 1803 2853 qui

1005 2849 1173 2904 llensclienii
1188 2857 1349 2920 argumenta
1372 2849 1534 2919 expenderit
1549 2849 1585 2904 ad
1607 2849 1723 2904 citatam
1737 2849 1801 2904 diem

1005 2939 1014 2976 i
1028 2922 1143 2992 Aprilis,
1160 2937 1215 2992 que
1238 2924 1353 2976 lectores
1378 2921 1564 2985 reniittinius;
1586 2921 1656 2976 satis
1671 2921 1718 2978 hic
1732 2919 1802 2975 nobis

1004 2991 1050 3058 sit,
1067 3008 1102 3046 ex
1128 2993 1238 3063 optimas
1254 2999 1325 3047 notae
1349 2992 1492 3049 codicibus
1507 2991 1687 3061 Usaardinis,
1713 3008 1800 3047 veram

1004 3062 1063 3133 ejus
1078 3070 1105 3118 et
1120 3063 1270 3133 genuinum
1288 3071 1396 3118 textum
1411 3064 1568 3119 asseruisse.

879 3187 1070 3245 AUCTARIA.

177 3278 335 3338 Tensacuri.
351 3282 427 3339 deest

141 3350 218 3409 mina
241 3353 393 3411 Usaardina
409 3301 501 3423 rebrt,
522 3358 669 3429 expunctis
691 3357 798 3428 elogiis.
814 3357 845 3412 ln
869 3357 944 3412 dna-

139 3419 191 3477 hus
206 3426 466 3484 annuntiationibus
482 3429 588 3485 ultimis
610 3445 695 3502 purus
714 3437 764 3485 est.

175 3492 329 3552 Prcsaxex.
349 3497 447 3568 incipit
461 3500 495 3553 ab
512 3501 679 3570 Herrnogene,
695 3509 760 3569 etc,
775 3515 851 3569 pure.
872 3499 941 3555 Tum

139 3563 178 3619 sic
194 3571 298 3637 pergit:
322 3567 428 3646 «Apud
442 3570 650 3637 Alexandriam,
668 3572 810 3627 beatorum
832 3579 942 3642 marty·-

139 3650 200 3689 rum
222 3637 243 3689 E
265 3638 376 3694 imaehii
393 3648 420 3693 et
443 3641 607 3697 Alexandri.
623 3643 706 3713 Apud
730 3640 940 3713 Septimaniam,

139 3704 206 3759 urbe
251 3706 364 3775 arbona,
392 3708 529 3780 depositio
551 3712 640 3768 sancti
664 3713 742 3769 Pauli
764 3710 889 3784 episcopi
914 3720 942 3767 et

139 3772 315 3833 confessoris.
332 3804 341 3825 ·
362 3779 468 3834 Desunt
483 3780 598 3852 reliqua.

175 3845 326 3904 Loviniun.
343 3866 428 3921 purus
442 3858 521 3905 esset.
541 3851 612 3908 sicut
628 3852 872 3924 Astraeae-Max,
886 3858 939 3913 nisi

137 3913 266 3973 deficeret
281 3919 309 3972 in
325 3919 421 3989 elogiis
434 3920 697 3978 Alexandrinorum.

173 3987 296 4044 Acerrae.
319 4000 346 4046 et
364 3994 461 4047 Dasio.
493 4000 587 4047 carent
601 3993 812 4052 annuntiatione
829 3998 937 4069 ultima,

135 4070 219 4182 quain
242 4059 332 4128 ambo,
358 4060 405 4117 sed
431 4063 506 4118 varia
520 4071 634 4191 uterque
655 4065 746 4136 phrasi
762 4076 789 4124 et
810 4079 939 4127 anostra

155 4143 244 4184 aversa
256 4132 411 4188 retulerunt
426 4152 434 4189 i
450 4135 564 4206 Aprilis.
594 4153 613 4191 n
628 4138 742 4210 reliquis
752 4140 857 4196 similes
872 4151 938 4201 sunt

136 4200 385 4273 Ammona-Max,
400 4214 451 4261 etc.

135 4339 141 4349 ι
170 4269 328 4353 Gaureion.
345 4275 378 4331 de
393 4276 478 4332 Paulo
491 4278 546 4348 egit
562 4296 621 4335 xxii
636 4280 727 4337 Martii
740 4299 746 4346 ;
764 4280 876 4338 hoodie
895 4284 936 4340 sic

133 4351 250 4425 incipit:
270 4346 387 4402 ‹Natale
401 4359 558 4405 sanctorum
575 4359 726 4423 martyrum
743 4354 933 4425 Hermogenis,

133 4412 233 4470 Donati
255 4424 282 4471 et
305 4419 422 4474 alioruin
452 4420 552 4492 viginti
576 4423 705 4480 duorum.
733 4426 933 4495 Alexandriae,

132 4480 275 4567 beatorum
299 4499 452 4563 martyrum
477 4493 623 4564 Epimacbi
650 4504 676 4550 et
699 4496 860 4565 Alexandri,
885 4498 933 4571 qui

132 4570 204 4626 ignis
226 4560 352 4628 passione
375 4563 553 4619 transierunt.
576 4567 611 4622 Et
636 4566 751 4634 ibidem,
776 4575 932 4624 sanctarum

462 3284 541 3340 rima.
555 3287 587 3341 In
601 3285 801 3342 Alexandrinis
815 3284 874 3341 sola
889 3301 945 3340 no-
961 3289 983 3349 G
997 3286 1149 3342 Emeritam
1171 3287 1324 3356 civitatem,
1351 3287 1442 3343 natale
1466 3295 1631 3345 sanctorum
1654 3297 1799 3362 martyrum

999 3358 1100 3415 Hermo
1120 3360 1189 3426 eriis,
1211 3360 1311 3416 Donati
1328 3368 1354 3417 et
1369 3361 1487 3415 aliorum
1510 3360 1611 3441 viginti
1629 3360 1757 3419 ducrum.
1772 3363 1798 3418 ln

1016 3447 1066 3501 age
1111 3431 1286 3496 iminacensi,
1304 3433 1392 3488 sancti
1416 3431 1546 3488 Walerici
1567 3431 1679 3487 abbatis
1695 3441 1721 3488 et
1735 3449 1798 3488 cen-

997 3447 1118 3558 Fessoris.
1137 3502 1240 3557 Eodem
1257 3502 1312 3571 die,
1329 3502 1474 3558 translatio
1489 3502 1562 3557 beati
1576 3502 1600 3557 N
1603 3504 1713 3574 ycbasii
1730 3501 1798 3577 [epi-

996 3574 1084 3645 scopii
1101 3583 1127 3629 et
1142 3573 1307 3644 martyris·
1330 3576 1372 3630 An
1390 3575 1460 3629 lorte
1475 3575 1623 3629 translatio
1648 3576 1796 3648 aliquarum

996 3644 1178 3716 reliquiarum
1195 3646 1339 3701 Bruxellas
1354 3646 1425 3701 lacta
1440 3645 1534 3713 luerit,
1551 3661 1617 3700 cum
1633 3646 1681 3703 alii
1698 3647 1797 3704 codices

995 3716 1029 3771 de
1044 3732 1075 3771 ea
1098 3715 1219 3773 sileant?
1236 3717 1305 3773 Vide
1328 3716 1402 3773 diem
1417 3717 1535 3773 natalem
1561 3733 1613 3772 xiv
1629 3718 1793 3775 Decembris.

1032 3787 1225 3853 llaceaeiirs,
1243 3788 1271 3842 in
1283 3787 1383 3913 qirima,
1396 3787 1516 3844 secunda
1526 3795 1553 3844 et
1565 3788 1650 3845 tertia
1662 3790 1745 3846 sollte
1756 3806 1795 3861 pii·

994 3857 1062 3924 rior,
1087 3858 1127 3912 sic
1141 3867 1266 3929 quartam
1295 3868 1402 3915 orniat:
1426 3859 1523 3931 «Apud
1542 3860 1716 3917 Hemeritam
1730 3862 1796 3917 ciri-

993 3934 1078 3983 tatem
1098 3929 1247 4001 Hispanias,
1273 3931 1364 3986 natale
1388 3939 1543 4002 martyrum
1565 3932 1715 3989 beatorum
1731 3932 1794 3990 ller-

992 4000 1116 4071 mogenis
1137 4009 1164 4055 et
1189 4002 1299 4069 Donati,
1315 4019 1378 4058 cum
1399 4002 1462 4057 aliis
1485 4002 1586 4073 viginti
1614 4003 1736 4069 duobus,
1751 4003 1793 4059 sub

992 4071 1111 4127 Deciano
1127 4073 1251 4143 preside.
1269 4099 1277 4119 ›
1301 4075 1365 4128 Plus
1384 4073 1461 4140 dicit,
1479 4074 1508 4127 ni
1522 4073 1617 4140 fallor,
1655 4092 1718 4132 narn
1733 4075 1791 4130 alibi

992 4144 1133 4270 reqqereqit.
1158 4146 1197 4200 De
1215 4144 1352 4201 Walerico
1379 4145 1444 4216 egit,
1461 4145 1544 4201 modo
1569 4153 1597 4202 et
1621 4091 1718 4218 piarem
1741 4163 1792 4213 iiia,

992 4230 1000 4268 i
1045 4231 1084 4285 pri
1102 4232 1134 4270 is.

1026 4287 1172 4341 Davanos.
1185 4304 1210 4341 :‹
1226 4287 1256 4341 ln
1273 4304 1340 4358 pago
1356 4287 1537 4355 Vimiacensi,
1558 4288 1650 4347 sancti
1669 4287 1791 4347 walarici

989 4359 1163 4413 contessoris.
1182 4383 1191 4404 »
1212 4358 1275 4412 Alia
1298 4358 1327 4411 in
1343 4359 1404 4415 leco
1418 4361 1547 4415 variatio.

1025 4430 1205 4485 Atiniarum:
1230 4431 1365 4502 «lapago
1390 4431 1559 4499 Vimacensi,
1583 4431 1687 4487 natalis
1709 4430 1788 4488 sancti

989 4498 1131 4568 Walerici,
1150 4500 1196 4572 qui
1211 4517 1291 4582 super
1304 4503 1451 4557 Sernonam
1469 4503 1586 4558 durium
1604 4502 1788 4560 heremiticam

988 4570 1074 4625 vitain
1089 4571 1203 4639 ducens,
1218 4581 1301 4628 etiam
1318 4573 1461 4629 miraculis
1475 4574 1577 4630 claruit
1602 4598 1611 4620 υ

132 4628 972 4710 mulierumAmmonarireirirginis,Dionysie,hlercurii;[J
1025 4642 1470 4700 Mariirc.·Canrus.-Uurnaracr.
1498 4664 1503 4701 :
1536 4645 1650 4703 «Pauli
1686 4643 1788 4701 Narbo-

131 4702 197 4753 item
213 4701 408 4770 Animonariae,
425 4721 485 4776 qnae
499 4707 617 4762 diversis
628 4717 829 4765 tormentorum
844 4727 931 4781 gene-
989 4715 1083 4768 nensis
1107 4715 1237 4839 equiscopi.
1266 4716 1457 4788 Hermogenis,
1483 4717 1597 4784 Donati,
1625 4724 1652 4773 et
1674 4716 1785 4772 alierum

130 4767 209 4822 ribus
231 4768 313 4824 sidem
335 4774 446 4829 Domini
476 4787 665 4837 seruauerunt.
692 4804 700 4824 ·
730 4782 781 4835 llic
807 4785 927 4852 repetit:

138 4837 304 4921 «Narbonae,
321 4845 407 4898 sancti
423 4846 499 4901 Pauli
520 4849 640 4918 episcopi
665 4859 691 4904 et
706 4852 880 4907 contessoris.
899 4855 928 4908 ln

128 4925 198 5038 gage
211 4911 379 4982 Vimacensi,
396 4916 484 4971 sancti
503 4919 629 4974 Walerici
646 4920 762 4989 abbatis,
787 4923 833 4993 qni
847 4922 929 4994 juxt-a

148 4999 276 5064 emonam
291 4984 408 5042 llurium
420 4989 606 5045 heremiticam
620 4991 705 5046 vitani
716 4993 829 5059 ducens,
843 4995 927 5052 etiam

129 5057 270 5135 miraculis
285 5059 394 5114 claruit.
412 5085 421 5107 ι
442 5058 503 5116 Non
522 5060 555 5117 de
571 5063 666 5127 natali,
684 5063 730 5119 sed
754 5064 788 5119 de
803 5068 928 5122 transla-

127 5131 204 5181 tione
218 5129 275 5199 agit
289 5145 297 5182 i
313 5128 427 5202 Aprilis.

162 5198 340 5255 Bnuxaunun.
358 5202 474 5273 incipit:
494 5203 568 5258 «Per
587 5205 813 5278 anticipationem
837 5212 925 5268 sancti

127 5266 251 5348 Autberti
263 5273 466 5330 Caineracensis
479 5277 609 5347 episcopi.
623 5278 769 5351 »Sequitur
779 5281 813 5336 de
828 5283 923 5351 Paulo,

126 5345 192 5393 satis
206 5356 281 5411 pure.
297 5346 420 5401 Deinde:
445 5348 499 5402 «ln
516 5348 694 5416 Alexandria,
712 5353 800 5407 natale
815 5363 924 5410 sancte-

126 5421 187 5460 rum
198 5422 356 5487 ¹martprum
371 5417 513 5474 Sanimeni
528 5428 554 5475 et
573 5420 700 5477 Emeriti.
716 5423 805 5478 ›Vide
821 5425 925 5480 lliero-

126 5491 257 5548 nyrniana
280 5485 323 5565 die
344 5490 518 5558 precedenti.
536 5492 566 5545 ln
582 5492 711 5548 omnibns
726 5494 924 5553 Alexandrinis

125 5561 220 5626 parum
233 5567 248 5604 a
263 5567 380 5624 paritate
396 5562 505 5618 recedit.
528 5562 675 5634 Sequitur:
700 5567 802 5638 «Apud
821 5567 924 5639 Hispa-

124 5632 210 5687 niam,
222 5627 324 5700 ·natale
338 5639 494 5687 sanctornm
521 5643 673 5706 martyrum
692 5634 833 5708 Carpolori
855 5654 923 5710 pre-

124 5686 239 5772 sbytero
256 5717 265 5739 ·
287 5703 351 5777 etc„
368 5699 453 5756 lerrne
467 5710 498 5758 ut
521 5704 659 5761 Usaardus
678 5723 761 5778 supra
780 5709 848 5766 adii
864 5713 923 5767 De-

122 5759 251 5820 cembris.
266 5764 337 5823 Vide
360 5782 420 5839 que
436 5772 474 5828 ibi
498 5773 660 5836 dictasunt.
684 5778 793 5849 Pergit:
817 5782 922 5856 «Apud

984 4784 1096 4866 viginti.
1151 4785 1269 4856 piniachi
1296 4795 1323 4842 et
1350 4787 1513 4843 Alexandri.
1544 4789 1615 4845 Item
1638 4794 1786 4845 metarum

984 4856 1134 4911 mulierum
1150 4858 1339 4914 Aninionaria
1353 4867 1380 4914 et
1396 4859 1513 4915 aliarum
1531 4859 1631 4917 trium.
1646 4883 1657 4907 ·

1019 4926 1154 4983 Variciu.
1181 4930 1231 4983 sub
1255 4946 1334 4985 num.
1358 4930 1428 4989 sate
1452 4931 1525 4989 nibil
1545 4928 1787 4989 haesitabant»

983 4997 1151 5054 Narbonensi
1168 5008 1214 5055 ant
1239 5001 1273 5056 de
1289 5003 1437 5060 Walerico.

1018 5069 1214 5126 Benacenses.
1230 5089 1255 5126 :‹
1272 5074 1301 5129 ln
1316 5089 1383 5146 pago
1406 5073 1679 5145 trasmisimus
1691 5072 1785 5133 Wale-

1226 5143 1382 5272 rirsi
1395 5153 1506 5271 ar.
1519 5216 1552 5273 1.
1579 5232 1653 5291 ...
1670 5216 1786 5279 a...

980 5286 1065 5351 censi,
1082 5288 1173 5342 natale
1188 5285 1275 5342 sancti
1295 5233 1426 5345 Ψεὶοτςοί
1443 5284 1642 5367 promptam·
1664 5296 1720 5349 ele.

981 5424 986 5434 1
1016 5354 1110 5410 Editio
1126 5357 1313 5415 huneco-Con.
1331 5358 1360 5414 in
1370 5358 1462 5431 prima
1473 5356 1626 5435 satisptira
1636 5366 1692 5431 αἱ,
1705 5358 1748 5418 uti
1758 5362 1784 5415 cl

979 5441 1008 5480 in
1032 5427 1160 5484 secanda.
1189 5429 1220 5485 ln
1243 5429 1325 5486 tertia
1348 5429 1481 5487 nonnihil
1503 5429 1675 5491 innotata:
1694 5430 1785 5489 «tun

978 5497 1166 5566 Alexandriae,
1182 5512 1340 5559 sanctarum
1354 5498 1505 5559 mulierum
1671 5504 1784 5561 Amne

978 5569 1073 5639 naria,
1090 5569 1244 5643 Mercurios,
1260 5572 1405 5631 ellurum
1420 5570 1475 5633 Atti
1613 5574 1785 5703 ‚U'Diffi

1772 5754 1782 5778 Ι

976 5638 1204 5773 {aarum
1219 5666 1230 5692 ·
1245 5640 1703 5778 rmum*

975 5782 1066 5877 sancti
1079 5782 1154 5844 wrtt
1230 5792 1290 5861 pfl
