3834 6136
123 223 192 287 titt
618 208 739 269 HElilCl
757 207 920 268 uouncffl
939 201 1269 265 Auvlsslooouuusls
1535 268 1538 275 .
1684 196 1773 260 tritt

123 376 232 442 Coram,
246 387 307 446 qna
321 369 416 438 vellet,
430 384 494 426 enm
508 366 580 424 facta
594 374 635 424 est
649 365 728 438 copia
743 363 832 434 fandi,
932 363 959 424 Α
973 359 1076 419 Ordine
1094 365 1190 432 pacato
1204 354 1309 413 divinis
1324 352 1470 411 admittere
1484 349 1583 418 teotis;

124 465 237 523 Talibus
251 461 427 535 adgreditur:
445 458 546 527 Nolim,
559 455 633 532 quod
646 455 786 524 venimus,
814 453 918 528 inquit,
974 451 1010 506 dt
1025 466 1093 524 quos
1108 448 1191 507 caedis
1208 463 1286 503 amor
1299 444 1422 530 bellique
1435 443 1533 498 insana
1548 440 1654 514 cupido

124 555 235 612 Eventu
249 552 317 609 reris
331 559 350 621 ¹,
366 551 410 606 vir
423 546 658 622 praetentissime,
674 546 778 603 factum
792 563 797 602 :
973 541 1141 608 Instimulat,
1167 537 1233 594 totis
1250 533 1456 609 quamprimum
1470 547 1564 588 arcere
1577 531 1707 589 sacellis:

124 643 200 701 Seria
214 659 257 699 res
267 648 431 713 tantumque
442 639 506 707 via,
520 644 683 710 tantumque
696 634 800 692 laboris
974 630 1096 689 Obteutu
1110 626 1240 704 quoniam
1255 626 1327 682 facta
1342 630 1384 680 est
1403 620 1502 679 domus
1518 620 1571 678 ista
1589 620 1724 696 precandi
1736 640 1744 691 ;

81 758 85 765 ·
125 735 237 793 Sumere
249 748 300 790 uos
315 730 433 788 monuit.
447 731 580 787 Decessus
592 734 717 799 tempora
729 723 817 781 nostri
973 722 1035 779 Non
1049 726 1080 776 ut
1093 718 1185 776 vesani
1200 723 1309 790 praestet
1322 712 1480 788 spectacula
1494 710 1601 770 ilartis.

126 825 262 885 Conditor
270 824 414 892 accelerat,
431 821 556 895 gravium
573 820 728 892 molemque
741 818 866 875 laborum
974 815 1047 885 Ergo
1059 819 1090 869 ut
1108 809 1261 882 magnificis
1274 806 1408 864 interfore
1422 803 1604 859 sacramentis

125 916 194 974 Fine
209 917 292 984 levat,
308 914 426 986 finisque
437 912 510 969 diem
526 911 688 985 praediscere
699 909 794 965 donat.
975 901 1060 974 Copia
1072 901 1171 974 cuique
1188 899 1236 954 frat
1259 895 1315 969 [D.,
1336 893 1406 967 freti,
1432 891 1496 948 telis
1515 891 1647 964 ferroque
1661 893 1779 967 maligno

125 1007 181 1064 Nec
197 1013 405 1083 tam-supremae
418 1019 477 1058 sors
487 1010 514 1058 et
528 1000 632 1057 vicinia
651 999 760 1067 mortis,
974 991 1129 1047 Exonerate
1149 1003 1255 1044 manus.
1275 983 1376 1050 Dixit;
1393 997 1445 1039 nec
1460 980 1552 1038 dicere
1568 987 1679 1053 tempus

125 1097 213 1163 Quam
228 1111 279 1151 „03
295 1110 360 1152 cura
375 1093 414 1164 pii
434 1097 495 1164 post
513 1107 564 1147 nos
579 1087 703 1162 percellit
724 1088 818 1145 ovilis,
974 1080 1057 1136 Plura
1069 1079 1135 1136 tulit
1151 1096 1156 1134 :
1177 1077 1267 1150 posito
1282 1091 1346 1131 nam
1361 1071 1457 1129 cuncti
1474 1070 1596 1144 pondere
1614 1070 1696 1140 ferri,

126 1185 163 1241 E,
177 1183 241 1256 quja
255 1182 461 1256 magnanimum
476 1196 532 1237 non
547 1187 587 1236 est
600 1195 747 1252 permagna
761 1179 885 1237 virorum
975 1170 1048 1226 Ense
1066 1170 1150 1236 latus,
1163 1167 1311 1239 jaculoque
1325 1180 1424 1220 manus
1438 1161 1610 1234 solvuntque
1625 1161 1778 1238 levantque.

127 1275 224 1348 Capria,
242 1272 303 1347 quis
317 1279 417 1330 sanctae
433 1271 571 1331 committi
586 1271 709 1344 regmina
727 1271 816 1344 plebis
977 1262 1081 1321 Collisu
1096 1276 1236 1318 antrorum
1251 1259 1334 1315 tellus
1348 1253 1621 1338 subjectaretinuit.

127 1367 191 1423 iure
205 1372 319 1439 queant,
334 1381 366 1421 ac
379 1362 467 1420 multe
480 1378 555 1434 seges
574 1362 694 1435 fortique
708 1361 836 1435 bonoque
976 1354 1021 1410 Sic
1033 1350 1231 1426 precedentem
1244 1349 1342 1421 templi
1357 1349 1385 1404 in
1400 1345 1553 1421 penetralia
1568 1354 1710 1417 sanctum,

129 1455 237 1529 indiget
251 1453 389 1528 agricola3
406 1468 449 1510 res
465 1460 506 1509 est
521 1467 583 1526 quae
597 1451 718 1508 maxime
734 1452 792 1523 (3.,
805 1451 922 1508 muller·
977 1444 1056 1500 Plebs
1071 1450 1111 1500 est
1125 1442 1186 1498 nisa
1202 1438 1290 1513 sequi.
1308 1438 1401 1494 Posita
1411 1435 1469 1509 jam
1485 1437 1579 1493 fronte
1597 1436 1712 1506 minaci,

649 1540 734 1615 [culel
751 1549 870 1599 vestram
976 1539 1090 1596 Nescius
1103 1535 1218 1610 ingenii,
1234 1533 1353 1611 provisae
1366 1534 1475 1591 nescius
1490 1533 1570 1601 artis,

128 1635 221 1692 Poscit
234 1649 330 1708 opem;
348 1632 458 1706 qnando
470 1631 578 1703 injussu
593 1647 650 1688 non
662 1632 796 1705 principis
811 1632 887 1688 illam
977 1630 1040 1686 Dux
1055 1627 1158 1696 aderat,
1170 1625 1329 1699 primusque
1344 1623 1439 1680 subit:
1456 1623 1496 1679 sic
1511 1623 1636 1696 postulat
1651 1623 1730 1680 ordo.

128 1719 221 1778 Moliri
235 1721 309 1793 potis
323 1728 384 1778 est:
401 1727 509 1777 tantum
525 1719 579 1776 fert
593 1728 683 1777 vestra
696 1719 804 1777 decoris
944 1726 965 1789 Β
980 1721 1080 1778 Prmsul
1096 1717 1223 1792 sepositis
1236 1716 1403 1774 Germanum
1418 1723 1450 1771 ut
1465 1715 1606 1787 conspicit
1618 1716 1713 1784 armis,

129 1807 265 1879 Majestas,
280 1808 394 1882 ipsoque
407 1825 458 1866 suo
476 1810 509 1866 fit
528 1808 650 1883 pondere
664 1807 762 1881 pluris.
982 1809 1111 1867 Fortibus
1124 1808 1224 1866 arctari
1238 1807 1336 1879 templi
1348 1804 1426 1878 jubet
1440 1805 1513 1863 ostia
1527 1805 1671 1862 claustris.

130 1897 243 1956 Summa
266 1898 307 1956 rei
332 1906 373 1957 est
394 1916 400 1957 :
419 1898 540 1973 petimus
563 1900 632 1972 (uon
655 1913 800 1972 aspernare
826 1905 926 1969 peten-
982 1901 1027 1956 Fit
1040 1898 1115 1956 dieto
1127 1898 1219 1966 citius,
1235 1896 1378 1952 mandarat
1393 1894 1466 1968 quod
1482 1894 1657 1953 faciendum.

792 1985 872 2060 [tami
982 1987 1049 2055 Quis
1062 1986 1126 2055 tibi,
1141 2001 1239 2057 magne
1255 1984 1320 2054 Leo,
1336 1982 1460 2041 cernenti
1475 1983 1544 2040 talia
1559 1983 1680 2042 vultus?

130 2076 266 2132 Germano
281 2074 362 2133 liceat
375 2075 440 2132 flavi
453 2075 598 2146 decerpere
608 2075 694 2131 erinis
982 2077 1047 2144 Qua
1060 2076 1113 2132 tibi
1127 2085 1186 2133 tum
1202 2083 1283 2148 capto
1297 2075 1416 2147 primum
1431 2074 1572 2145 sententia
1587 2075 1667 2130 renit

130 2166 292 2225 Caesariem:
310 2181 357 2222 vas
370 2165 418 2222 ille
432 2167 489 2223 Deo
504 2166 661 2238 lectumque
671 2181 837 2239 sacrumque
982 2166 1104 2222 Plurima
1118 2165 1267 2222 volventi?
1281 2164 1363 2223 Cesso
1378 2163 1514 2222 conabere
1528 2171 1644 2221 cuncta.

129 2257 229 2318 Usibus
253 2256 383 2315 Ecclesia
409 2254 467 2330 [B.,
494 2271 525 2313 ac
540 2254 654 2331 pariter]
677 2255 777 2313 studiis
791 2254 927 2315 conducet
982 2254 1010 2310 Si
1024 2255 1121 2312 saevire
1134 2255 1222 2324 voles,
1235 2270 1375 2310 armorum
1387 2253 1493 2326 spicula
1507 2253 1610 2310 desunt
1622 2271 1629 2321 ;

725 2346 871 2422 [honestis.
982 2345 1046 2401 Sive
1060 2345 1123 2418 fuga
1136 2344 1203 2415 labi,
1222 2352 1296 2418 patet
1311 2345 1357 2400 hic
1373 2361 1430 2400 non
1446 2343 1540 2400 exitus
1559 2359 1687 2416 usquam.

165 2441 208 2500 36.
227 2438 348 2514 Diripuit
362 2437 486 2496 novitate
501 2437 552 2508 rei,
568 2438 745 2512 multumque
760 2446 926 2510 retractans,
982 2437 1152 2493 llansuescas
1173 2434 1283 2509 potius;
1304 2434 1390 2505 magis
1403 2433 1463 2491 hac
1476 2434 1615 2490 sententia
1630 2441 1743 2507 praestat,

131 2532 293 2604 Quanquam
306 2528 390 2598 dixit,
404 2536 463 2585 erat
475 2543 559 2599 regno
580 2527 754 2601 gratissimus
769 2529 867 2598 omni;
982 2526 1062 2583 Disce
1076 2527 1187 2600 patique
1203 2541 1325 2593 manum,
1340 2524 1478 2581 humanos
1497 2539 1550 2580 nec
1564 2524 1655 2597 afflige
1674 2533 1770 2584 tactus:

130 2619 241 2678 Divinis
255 2618 376 2674 humana
391 2617 467 2674 nefas
483 2617 612 2688 praeferre
622 2625 764 2691 putamus.
982 2615 1096 2672 ilitibus
1112 2614 1219 2672 includi
1237 2615 1337 2691 pudeat
1356 2630 1413 2671 nou
1427 2614 1549 2688 denique
1562 2616 1662 2672 caulis.

130 2708 265 2779 Quocirca
282 2708 365 2781 quod,
380 2706 464 2765 fiante
475 2709 542 2775 Deo,
559 2709 707 2781 praenoscis
719 2708 867 2781 agendum,
983 2705 1035 2762 lies
1049 2704 1108 2762 haec
1121 2705 1271 2760 multorum
1287 2705 1426 2777 quondam
1441 2704 1631 2761 celebrabitur
1644 2721 1699 2774 ore,

132 2800 260 2857 decelera
272 2817 279 2855 :
291 2798 381 2853 officio
400 2814 456 2853 non
466 2797 663 2856 defraudabere
677 2809 781 2858 nostro.
983 2795 1011 2851 Si
1026 2797 1166 2868 contingat
1183 2811 1248 2852 oves
1260 2795 1334 2851 inter
1347 2797 1478 2853 recubare
1492 2796 1615 2854 leonem.

131 2885 203 2941 Voto
218 2886 379 2957 perfruitus,
394 2894 544 2957 notamque
563 2888 665 2943 relatus
682 2889 716 2944 ad
729 2889 836 2958 urbem,
1018 2886 1062 2942 38.
1083 2886 1217 2955 Antistes,
1234 2885 1304 2945 sacri
1323 2886 1493 2943 circumfuso
1510 2887 1622 2960 agmine
1639 2887 1712 2955 cleri,

131 2972 231 3045 dnrpla
245 2990 293 3046 per
308 2973 428 3032 ecclesiae
443 2972 605 3030 solemniter
627 2975 697 3031 atria
711 2977 819 3048 plebem
983 2977 1072 3049 Vique
1087 2991 1223 3048 manuque
1248 2975 1340 3032 virum
1358 2977 1465 3048 primus
1484 2976 1615 3048 pervadit
1641 2977 1771 3045 inermem,

132 3063 207 3119 Stare
219 3061 299 3135 jubet
312 3070 452 3131 cunctam,
469 3072 596 3136 coetuque
610 3080 645 3120 ex
660 3080 737 3121 more
747 3072 854 3134 coacto,
944 3094 966 3155 G
982 3067 1079 3138 Magno
1092 3081 1188 3121 ausum
1201 3064 1339 3138 prebente
1353 3067 1409 3122 Deo
1423 3084 1430 3134 ;
1444 3065 1579 3140 cujusque
1596 3074 1693 3123 vocato

130 3156 217 3228 Inque
231 3171 318 3212 unum
332 3155 441 3215 eunctis
455 3156 543 3214 aciem
553 3155 741 3226 tendentibus,
757 3157 820 3215 intit
838 3175 844 3214 :
979 3156 1107 3224 Nomine,
1124 3156 1237 3212 sublimi
1253 3155 1358 3213 crinem
1373 3155 1406 3212 de
1421 3156 1525 3213 vertice
1541 3172 1666 3228 carpens,

130 3245 240 3304 Fratres
252 3252 279 3302 et
292 3245 355 3315 filii,
377 3244 487 3303 sudoris
501 3244 614 3318 praemia
629 3245 727 3314 nostri,
980 3247 1169 3320 idutatumque
1183 3246 1277 3302 auimo
1292 3254 1402 3302 mutans
1417 3244 1583 3303 discrimine
1596 3248 1690 3312 vestis,

131 3334 236 3391 Sumite
253 3350 323 3404 rem,
338 3333 456 3392 modicis
471 3335 551 3392 liceat
567 3351 649 3408 quam
664 3351 791 3408 promere
810 3336 923 3396 verbis:
980 3337 1140 3393 Promotum
1158 3335 1236 3407 jubet
1249 3352 1307 3392 esse
1326 3335 1425 3409 gradus
1443 3336 1472 3393 in
1493 3336 1602 3394 horrore
1620 3337 1726 3396 secundi
1739 3338 1769 3402 b;

131 3424 195 3482 Post
209 3423 335 3484 infinitos
353 3425 469 3483 immani
483 3426 555 3481 mole
569 3424 677 3483 labores
981 3425 1136 3482 Sollicitum
1159 3425 1225 3482 satis
1243 3441 1302 3483 esse
1321 3441 1445 3494 monens,
1462 3427 1620 3501 pignusque
1645 3435 1770 3500 receptum

131 3515 220 3574 liebus
235 3516 264 3572 in
278 3514 411 3588 angustis,
435 3531 504 3588 quos
519 3514 574 3572 huc
589 3515 769 3575 toleravimus
783 3533 888 3594 usque;
980 3515 1069 3573 lilaesa
1087 3531 1196 3572 servare
1210 3516 1281 3584 lide;
1299 3516 1371 3589 qnod
1386 3517 1514 3588 protinus
1530 3518 1621 3592 ipsum

131 3606 195 3664 Post
205 3604 387 3666 inconstantis
401 3618 544 3676 permensa
558 3605 701 3662 volumina
715 3606 797 3676 vitae;
980 3606 1068 3663 Sciret
1083 3607 1113 3663 in
1128 3606 1249 3663 ecclesiae
1265 3613 1327 3679 post
1341 3621 1369 3662 se
1383 3605 1442 3662 fore
1458 3608 1582 3680 regmine
1598 3609 1723 3682 primum,

132 3697 196 3754 Post
206 3692 400 3768 gravisexsilii
415 3708 472 3749 non
494 3693 574 3750 mitia
593 3694 713 3767 pondera
728 3698 800 3755 fesso
981 3696 1175 3771 Heredemque
1191 3697 1255 3766 loci,
1272 3714 1511 3771 successoremque
1533 3700 1669 3772 magistri.

131 3786 231 3858 Optato
247 3785 362 3859 patriam
375 3783 494 3841 donatur
507 3799 619 3842 cernere
630 3802 734 3844 veram.
1015 3787 1128 3856 Discite,
1144 3786 1279 3855 doctores,
1296 3786 1525 3861 decretorumque
1543 3789 1665 3857 datores,

131 3876 167 3932 Et
182 3890 338 3948 quanquam
353 3873 444 3932 earnis
459 3882 598 3946 gratamur
611 3874 742 3947 compede
754 3877 837 3946 solvi,
981 3878 1158 3951 Pastoresque
1169 3877 1257 3950 gregis
1273 3876 1333 3945 (sed
1347 3878 1427 3934 multi
1444 3878 1557 3934 nomine
1573 3883 1693 3953 tantum)

132 3963 251 4038 Spiritus
269 3970 301 4018 ut
316 3961 426 4020 Christo
448 3970 586 4019 mereatur
597 3962 660 4036 jure
672 3979 782 4034 coesse;
980 3965 1097 4041 llystica
1112 3965 1159 4039 qui
1175 3964 1290 4022 rudibus
1305 3965 1442 4023 committi
1458 3982 1538 4040 posse
1553 3970 1661 4040 negatis

131 4053 224 4109 Auria
238 4067 304 4109 cura
317 4058 410 4108 tamen
425 4052 512 4109 nostri
526 4070 576 4109 nos
593 4055 670 4128 angit
690 4055 784 4115 ovilis.
981 4059 1156 4116 Sacramenta
1169 4057 1219 4113 Dei
1236 4057 1344 4128 (verum
1355 4050 1406 4112 ne'c
1419 4054 1449 4110 id
1464 4072 1522 4113 esso
1533 4059 1678 4131 negamus)

132 4144 204 4214 Ergo
219 4143 300 4216 agite,
315 4149 342 4200 ot
353 4143 422 4201 tanti
437 4145 622 4219 inspectantes
633 4148 723 4206 millia
742 4157 841 4221 coetus,
929 4173 932 4180 ·
981 4147 1084 4207 Discite
1098 4145 1213 4219 Spiritui
1226 4144 1274 4201 sed
1284 4161 1334 4201 vos
1349 4145 1512 4203 submittere
1527 4154 1642 4214 sancto;

132 4234 263 4292 Ecclesiae
278 4234 391 4309 dignum
410 4242 471 4308 post
487 4253 529 4292 me
543 4238 650 4308 signate
664 4239 836 4309 magistrum.
982 4239 1067 4311 Cujns
1081 4256 1149 4313 opus
1166 4240 1212 4296 lex
1231 4247 1283 4308 est,
1299 4246 1326 4295 et
1340 4237 1511 4312 dispensatio
1526 4256 1644 4296 norma:

132 4325 357 4400 Omnibusaeque
371 4325 439 4382 viris
454 4340 540 4380 unum
557 4325 708 4396 praeponite
720 4328 837 4398 cunctis,
982 4335 1072 4405 Atque
1085 4331 1134 4387 uhi
1148 4332 1218 4401 vuit,
1234 4331 1321 4404 spirat
1337 4350 1344 4399 ;
1367 4331 1499 4404 quoniam
1513 4333 1640 4405 Natoque
1658 4329 1775 4404 Patrique

131 4416 219 4486 Frupe
234 4414 369 4472 salutiferi
386 4421 461 4470 certo
476 4410 524 4486 qui
535 4420 657 4485 tempore
669 4414 747 4472 verbi
942 4419 1122 4519 DMaiestate
1140 4421 1199 4494 pari
1213 4421 1400 4478 communicat
1417 4439 1423 4477 :
1444 4421 1529 4494 inque
1545 4419 1672 4479 docendo

131 4504 254 4560 Sufficiat
268 4503 369 4560 vestris
386 4517 521 4576 propensa
534 4501 622 4559 diaria
636 4504 748 4562 mensis.
981 4511 1042 4567 Non
1057 4517 1116 4583 eget
1130 4510 1179 4568 ille
1193 4526 1271 4567 mora
1287 4529 1292 4567 :
1315 4511 1445 4585 quoniam
1462 4508 1598 4585 tetigisse,
1614 4512 1713 4571 docere
1725 4521 1776 4578 est;

131 4592 278 4650 Obticuere
291 4606 386 4647 omnes
403 4609 409 4647 :
425 4605 483 4647 rem
505 4599 614 4650 tantum
630 4600 738 4665 pectore
752 4604 873 4653 versant.
982 4600 1017 4657 Et
1031 4599 1161 4668 uoluisse,
1177 4615 1273 4672 agere:
1295 4607 1321 4655 et
1336 4607 1435 4669 mutat,
1451 4616 1516 4657 cum
1532 4601 1655 4676 deniqne
1673 4602 1775 4659 lustrat.

131 4685 191 4744 Ille.
212 4683 253 4738 rei
269 4683 368 4739 melius
382 4682 428 4740 cui
442 4681 505 4738 finis
520 4691 548 4739 et
563 4681 631 4739 ordo
647 4683 765 4756 patebat,
1018 4690 1061 4747 39.
1081 4690 1174 4763 Longa
1194 4689 1240 4746 via
1266 4697 1316 4759 est,
1333 4689 1388 4746 iter
1403 4691 1521 4747 arduum
1538 4709 1545 4758 3
1566 4689 1597 4747 id
1624 4699 1656 4749 ut
1680 4693 1737 4764 (B,
1754 4688 1778 4746 id

132 4771 242 4829 Limina
254 4771 288 4826 ad
302 4769 424 4829 ecclesia
438 4786 563 4844 gressum
577 4771 718 4848 flectitque
732 4774 863 4849 citatque.
1360 4777 1403 4852 [ut
1413 4779 1537 4851 tandem)
1548 4781 1730 4851 acceleretur,

168 4859 212 4917 37.
228 4858 406 4917 Prosecuitur
417 4859 495 4932 plebs
509 4866 568 4917 tota
584 4861 687 4930 virum,
704 4864 856 4937 templique
874 4881 928 4937 pa·
983 4867 1103 4926 infirmis
1116 4864 1256 4924 tardamur
1269 4868 1357 4941 equis,
1380 4868 1483 4941 quique
1498 4868 1606 4941 impetu
1626 4868 1717 4942 primo

784 4951 894 5026 [rabant
983 4959 1092 5016 Acriter
1110 4957 1251 5031 inceptum
1266 4966 1400 5031 peragunt
1414 4959 1465 5014 viu
1479 4958 1601 5033 denique
1617 4975 1749 5017 cursum:

133 5042 200 5100 Cum
214 5047 309 5098 sancto
323 5047 467 5114 penetrare
480 5039 572 5097 fores:
590 5039 759 5098 instantibus
773 5041 822 5099 ille
984 5048 1062 5105 Velle
1076 5047 1180 5103 bonum
1190 5048 1321 5121 quoniam
1337 5048 1468 5117 retinent,
1483 5047 1531 5104 sod
1545 5064 1628 5120 posse
1641 5047 1779 5120 pusillum.

133 5131 255 5200 Restitit,
272 5147 303 5188 ac
316 5130 424 5204 placido
437 5136 553 5188 cunctos
566 5127 694 5187 affamine
704 5130 836 5200 mulcens,
983 5137 1112 5206 Consule,
1127 5137 1209 5194 chare
1223 5154 1324 5206 comes,
1341 5136 1469 5211 quocirca
1482 5136 1595 5210 illisque
1604 5136 1714 5211 tibique
1726 5155 1734 5204 ;

137 5222 227 5282 Officii
244 5232 294 5293 est,
316 5214 400 5294 diruit,
419 5224 532 5298 touque
547 5223 692 5282 insaecula
706 5225 805 5296 nostri,
983 5227 1180 5300 Digressusque
1192 5225 1285 5295 dumo,
1300 5233 1387 5283 metas
1399 5225 1447 5282 hic
1462 5225 1540 5299 figito
1553 5227 1671 5298 primas.

136 5312 263 5370 Divinam
280 5330 377 5371 curare
390 5313 515 5383 donum,
531 5313 661 5387 pacisque
681 5314 824 5372 ministros
984 5317 1120 5388 incepisse
1133 5315 1238 5390 aliquid
1249 5315 1307 5389 jam
1323 5333 1385 5390 pars
1399 5325 1440 5373 est
1450 5315 1586 5389 quantula
1602 5316 1682 5373 facti.

171 5475 180 5496 ¹
198 5468 295 5527 ldodus
309 5469 478 5528 indicativus
490 5486 538 5543 pro
553 5467 694 5541 subjunct.
1021 5462 1033 5497 ¹³
1051 5465 1083 5521 ld
1098 5473 1139 5522 est
1152 5465 1321 5539 presbyterii.
1337 5465 1401 5523 Not.
1418 5480 1485 5521 mss.

825 5610 1003 5662 Ὰήέἣς
1008 5622 1033 5645 ”fl
1038 5623 1077 5653 a„
