<?xml version="1.0" encoding="UTF-8"?>
<!DOCTYPE html PUBLIC "-//W3C//DTD XHTML 1.0 Transitional//EN"
    "http://www.w3.org/TR/xhtml1/DTD/xhtml1-transitional.dtd">
<html xmlns="http://www.w3.org/1999/xhtml" xml:lang="en" lang="en">
 <head>
  <title>
</title>
<meta http-equiv="Content-Type" content="text/html;charset=utf-8" />
  <meta name='ocr-system' content='tesseract 3.04.00' />
  <meta name='ocr-capabilities' content='ocr_page ocr_carea ocr_par ocr_line ocrx_word'/>
</head>
<body>
  <div class='ocr_page' id='page_1' title='image "./patrologiaecurs76unkngoog_0318.png"; bbox 0 0 3834 6136; ppageno 0'>
   <div class='ocr_carea' id='block_1_1' title="bbox 552 225 1677 317">
    <p class='ocr_par' dir='ltr' id='par_1_1' title="bbox 552 225 1677 317">
     <span class='ocr_line' id='line_1_1' title="bbox 552 225 1677 317; baseline 0.031 -34"><span class='ocrx_word' id='word_1_1' title='bbox 552 225 871 293; x_wconf 74' lang='lat' dir='ltr'><strong>manileubotdlll.</strong></span> <span class='ocrx_word' id='word_1_2' title='bbox 891 263 927 278; x_wconf 95' lang='lat'><em>-</em></span> <span class='ocrx_word' id='word_1_3' title='bbox 942 235 1048 298; x_wconf 74' lang='lat' dir='ltr'><strong>llllllS.</strong></span> <span class='ocrx_word' id='word_1_4' title='bbox 1069 240 1148 300; x_wconf 85' lang='lat' dir='ltr'><strong>OCF.</strong></span> <span class='ocrx_word' id='word_1_5' title='bbox 1622 252 1677 317; x_wconf 76' lang='lat' dir='ltr'><strong>tlt</strong></span> 
     </span>
    </p>
   </div>
   <div class='ocr_carea' id='block_1_2' title="bbox 96 343 1672 2015">
    <p class='ocr_par' dir='ltr' id='par_1_2' title="bbox 96 343 1672 1090">
     <span class='ocr_line' id='line_1_2' title="bbox 96 343 1672 453; baseline 0.026 -53"><span class='ocrx_word' id='word_1_6' title='bbox 96 343 174 429; x_wconf 82' lang='lat' dir='ltr'><strong>edem</strong></span> <span class='ocrx_word' id='word_1_7' title='bbox 184 345 304 404; x_wconf 78' lang='lat' dir='ltr'><strong>feliciter</strong></span> <span class='ocrx_word' id='word_1_8' title='bbox 313 348 413 431; x_wconf 79' lang='lat' dir='ltr'><strong>obiit.»</strong></span> <span class='ocrx_word' id='word_1_9' title='bbox 430 350 632 433; x_wconf 77' lang='lat' dir='ltr'><strong>¹llidelliruvnii.</strong></span> <span class='ocrx_word' id='word_1_10' title='bbox 644 357 683 411; x_wconf 88' lang='lat' dir='ltr'><strong>De</strong></span> <span class='ocrx_word' id='word_1_11' title='bbox 693 358 817 428; x_wconf 83' lang='lat' dir='ltr'><strong>Rustico,</strong></span> <span class='ocrx_word' id='word_1_12' title='bbox 834 361 912 423; x_wconf 79' lang='lat' dir='ltr'><strong>Acti</strong></span> <span class='ocrx_word' id='word_1_13' title='bbox 940 363 1100 437; x_wconf 87' lang='lat' dir='ltr'><strong>superioris,</strong></span> <span class='ocrx_word' id='word_1_14' title='bbox 1126 367 1301 429; x_wconf 80' lang='lat' dir='ltr'><strong>confessoris.</strong></span> <span class='ocrx_word' id='word_1_15' title='bbox 1327 370 1444 431; x_wconf 85' lang='lat' dir='ltr'><strong>Colonia</strong></span> <span class='ocrx_word' id='word_1_16' title='bbox 1464 375 1615 453; x_wconf 81' lang='lat' dir='ltr'><strong>Agrippina</strong></span> <span class='ocrx_word' id='word_1_17' title='bbox 1636 381 1672 441; x_wconf 86' lang='lat' dir='ltr'><strong>ed</strong></span> 
     </span>
     <span class='ocr_line' id='line_1_3' title="bbox 96 418 1671 519; baseline 0.023 -44"><span class='ocrx_word' id='word_1_18' title='bbox 96 418 234 501; x_wconf 38' lang='lat' dir='ltr'><strong>.Dein:·‹</strong></span> <span class='ocrx_word' id='word_1_19' title='bbox 248 420 280 475; x_wconf 94' lang='lat' dir='ltr'><strong>ln</strong></span> <span class='ocrx_word' id='word_1_20' title='bbox 294 420 465 492; x_wconf 90' lang='lat' dir='ltr'><strong>Nicomedia,</strong></span> <span class='ocrx_word' id='word_1_21' title='bbox 478 426 568 506; x_wconf 79' lang='lat' dir='ltr'><strong>natale</strong></span> <span class='ocrx_word' id='word_1_22' title='bbox 582 435 740 509; x_wconf 81' lang='lat' dir='ltr'><strong>sanctorum</strong></span> <span class='ocrx_word' id='word_1_23' title='bbox 757 431 817 487; x_wconf 90' lang='lat' dir='ltr'><strong>Lu·</strong></span> <span class='ocrx_word' id='word_1_24' title='bbox 873 433 973 506; x_wconf 89' lang='lat' dir='ltr'><strong>gradus</strong></span> <span class='ocrx_word' id='word_1_25' title='bbox 993 436 1097 507; x_wconf 82' lang='lat' dir='ltr'><strong>Maria,</strong></span> <span class='ocrx_word' id='word_1_26' title='bbox 1121 438 1257 499; x_wconf 82' lang='lat' dir='ltr'><strong>adrentus</strong></span> <span class='ocrx_word' id='word_1_27' title='bbox 1277 458 1383 517; x_wconf 79' lang='lat' dir='ltr'><strong>magna</strong></span> <span class='ocrx_word' id='word_1_28' title='bbox 1408 447 1543 519; x_wconf 87' lang='lat' dir='ltr'><strong>portionis</strong></span> <span class='ocrx_word' id='word_1_29' title='bbox 1569 463 1671 513; x_wconf 79' lang='lat' dir='ltr'><strong>sanctas</strong></span> 
     </span>
     <span class='ocr_line' id='line_1_4' title="bbox 105 489 1671 590; baseline 0.025 -45"><span class='ocrx_word' id='word_1_30' title='bbox 105 489 223 574; x_wconf 75' lang='lat' dir='ltr'><strong>etFlori</strong></span> <span class='ocrx_word' id='word_1_31' title='bbox 239 496 521 575; x_wconf 82' lang='lat' dir='ltr'><strong>martyrumltemin</strong></span> <span class='ocrx_word' id='word_1_32' title='bbox 535 498 704 580; x_wconf 62' lang='lat' dir='ltr'><strong>Nicomedia,</strong></span> <span class='ocrx_word' id='word_1_33' title='bbox 718 510 818 560; x_wconf 86' lang='lat' dir='ltr'><strong>sanctae</strong></span> <span class='ocrx_word' id='word_1_34' title='bbox 872 505 1011 564; x_wconf 72' lang='lat' dir='ltr'><strong>cruciari</strong></span> <span class='ocrx_word' id='word_1_35' title='bbox 1032 507 1069 565; x_wconf 91' lang='lat' dir='ltr'><strong>ud</strong></span> <span class='ocrx_word' id='word_1_36' title='bbox 1083 509 1234 583; x_wconf 81' lang='lat' dir='ltr'><strong>Augustam</strong></span> <span class='ocrx_word' id='word_1_37' title='bbox 1256 514 1341 573; x_wconf 81' lang='lat' dir='ltr'><strong>Retia</strong></span> <span class='ocrx_word' id='word_1_38' title='bbox 1363 516 1494 590; x_wconf 91' lang='lat' dir='ltr'><strong>oppidum</strong></span> <span class='ocrx_word' id='word_1_39' title='bbox 1525 525 1671 583; x_wconf 77' lang='lat' dir='ltr'><strong>conversio</strong></span> 
     </span>
     <span class='ocr_line' id='line_1_5' title="bbox 101 524 1670 690; baseline 0.025 -75"><span class='ocrx_word' id='word_1_40' title='bbox 101 578 231 690; x_wconf 57' lang='lat' dir='ltr'><strong>virqmis.</strong></span> <span class='ocrx_word' id='word_1_41' title='bbox 242 563 347 645; x_wconf 80' lang='lat' dir='ltr'><strong>Eodem</strong></span> <span class='ocrx_word' id='word_1_42' title='bbox 364 565 418 632; x_wconf 88' lang='lat' dir='ltr'><strong>die,</strong></span> <span class='ocrx_word' id='word_1_43' title='bbox 433 569 578 649; x_wconf 80' lang='lat' dir='ltr'><strong>¹translatio</strong></span> <span class='ocrx_word' id='word_1_44' title='bbox 592 578 680 627; x_wconf 90' lang='lat' dir='ltr'><strong>sancti</strong></span> <span class='ocrx_word' id='word_1_45' title='bbox 695 573 815 631; x_wconf 86' lang='lat' dir='ltr'><strong>Amaiidi</strong></span> <span class='ocrx_word' id='word_1_46' title='bbox 871 574 959 633; x_wconf 81' lang='lat' dir='ltr'><strong>beata</strong></span> <span class='ocrx_word' id='word_1_47' title='bbox 973 524 1084 651; x_wconf 55' lang='lat' dir='ltr'><strong>spire.</strong></span> <span class='ocrx_word' id='word_1_48' title='bbox 1100 598 1160 655; x_wconf 76' lang='lat' dir='ltr'><strong>quar</strong></span> <span class='ocrx_word' id='word_1_49' title='bbox 1174 600 1237 641; x_wconf 91' lang='lat' dir='ltr'><strong>cum</strong></span> <span class='ocrx_word' id='word_1_50' title='bbox 1253 594 1323 643; x_wconf 86' lang='lat' dir='ltr'><strong>esset</strong></span> <span class='ocrx_word' id='word_1_51' title='bbox 1346 589 1479 647; x_wconf 81' lang='lat' dir='ltr'><strong>meretrix</strong></span> <span class='ocrx_word' id='word_1_52' title='bbox 1497 560 1534 647; x_wconf 68' lang='lat' dir='ltr'><strong>’ct</strong></span> <span class='ocrx_word' id='word_1_53' title='bbox 1558 591 1670 654; x_wconf 83' lang='lat' dir='ltr'><strong>beatum</strong></span> 
     </span>
     <span class='ocr_line' id='line_1_6' title="bbox 96 642 1671 730; baseline 0.023 -42"><span class='ocrx_word' id='word_1_54' title='bbox 96 650 140 709; x_wconf 83' lang='lat' dir='ltr'><strong>epi</strong></span> <span class='ocrx_word' id='word_1_55' title='bbox 175 642 498 710; x_wconf 69' lang='lat' dir='ltr'><strong>rejectensissuperroris</strong></span> <span class='ocrx_word' id='word_1_56' title='bbox 513 649 542 723; x_wconf 77' lang='lat' dir='ltr'><strong>et</strong></span> <span class='ocrx_word' id='word_1_57' title='bbox 553 642 726 726; x_wconf 80' lang='lat' dir='ltr'><strong>confessoris.</strong></span> <span class='ocrx_word' id='word_1_58' title='bbox 870 646 1027 707; x_wconf 81' lang='lat' dir='ltr'><strong>Narcissum</strong></span> <span class='ocrx_word' id='word_1_59' title='bbox 1042 654 1188 726; x_wconf 85' lang='lat' dir='ltr'><strong>recepisset</strong></span> <span class='ocrx_word' id='word_1_60' title='bbox 1202 654 1332 730; x_wconf 89' lang='lat' dir='ltr'><strong>hospitio,</strong></span> <span class='ocrx_word' id='word_1_61' title='bbox 1353 658 1388 716; x_wconf 89' lang='lat' dir='ltr'><strong>ab</strong></span> <span class='ocrx_word' id='word_1_62' title='bbox 1410 661 1508 719; x_wconf 89' lang='lat' dir='ltr'><strong>eodem</strong></span> <span class='ocrx_word' id='word_1_63' title='bbox 1535 679 1671 726; x_wconf 82' lang='lat' dir='ltr'><strong>conversa</strong></span> 
     </span>
     <span class='ocr_line' id='line_1_7' title="bbox 96 707 1670 799; baseline 0.019 -34"><span class='ocrx_word' id='word_1_64' title='bbox 96 722 162 775; x_wconf 71' lang='lat' dir='ltr'><strong>tire,</strong></span> <span class='ocrx_word' id='word_1_65' title='bbox 173 707 300 790; x_wconf 39' lang='lat' dir='ltr'><strong>&#39;secundo</strong></span> <span class='ocrx_word' id='word_1_66' title='bbox 316 710 395 790; x_wconf 80' lang='lat' dir='ltr'><strong>loco:</strong></span> <span class='ocrx_word' id='word_1_67' title='bbox 420 712 503 794; x_wconf 79' lang='lat' dir='ltr'><strong>‹lpso</strong></span> <span class='ocrx_word' id='word_1_68' title='bbox 515 712 570 782; x_wconf 88' lang='lat' dir='ltr'><strong>dic,</strong></span> <span class='ocrx_word' id='word_1_69' title='bbox 582 714 814 774; x_wconf 78' lang='lat' dir='ltr'><strong>diuendioonies·</strong></span> <span class='ocrx_word' id='word_1_70' title='bbox 870 726 920 776; x_wconf 88' lang='lat' dir='ltr'><strong>est.</strong></span> <span class='ocrx_word' id='word_1_71' title='bbox 937 745 946 769; x_wconf 73' lang='grc' dir='ltr'><strong>ι</strong></span> <span class='ocrx_word' id='word_1_72' title='bbox 964 720 1072 781; x_wconf 78' lang='lat' dir='ltr'><strong>Colitur</strong></span> <span class='ocrx_word' id='word_1_73' title='bbox 1085 742 1102 781; x_wconf 86' lang='lat' dir='ltr'>v</span> <span class='ocrx_word' id='word_1_74' title='bbox 1117 726 1244 798; x_wconf 78' lang='lat' dir='ltr'><strong>Augusti.</strong></span> <span class='ocrx_word' id='word_1_75' title='bbox 1264 730 1465 799; x_wconf 79' lang='lat' dir='ltr'><strong>«Nicomediae,</strong></span> <span class='ocrx_word' id='word_1_76' title='bbox 1479 742 1582 792; x_wconf 76' lang='lat' dir='ltr'><strong>sancta</strong></span> <span class='ocrx_word' id='word_1_77' title='bbox 1593 736 1670 797; x_wconf 77' lang='lat' dir='ltr'><strong>Ursae</strong></span> 
     </span>
     <span class='ocr_line' id='line_1_8' title="bbox 110 778 1667 874; baseline 0.019 -38"><span class='ocrx_word' id='word_1_78' title='bbox 110 778 228 861; x_wconf 80' lang='lat' dir='ltr'><strong>buniam</strong></span> <span class='ocrx_word' id='word_1_79' title='bbox 242 787 270 834; x_wconf 85' lang='lat' dir='ltr'><strong>et</strong></span> <span class='ocrx_word' id='word_1_80' title='bbox 280 780 401 837; x_wconf 80' lang='lat' dir='ltr'><strong>Florii.·</strong></span> <span class='ocrx_word' id='word_1_81' title='bbox 421 783 456 866; x_wconf 76' lang='lat' dir='ltr'><strong>El</strong></span> <span class='ocrx_word' id='word_1_82' title='bbox 470 801 500 840; x_wconf 93' lang='lat' dir='ltr'><strong>in</strong></span> <span class='ocrx_word' id='word_1_83' title='bbox 515 784 570 841; x_wconf 86' lang='lat' dir='ltr'><strong>line</strong></span> <span class='ocrx_word' id='word_1_84' title='bbox 587 803 592 843; x_wconf 93' lang='lat'>:</span> <span class='ocrx_word' id='word_1_85' title='bbox 616 811 626 834; x_wconf 74' lang='grc' dir='ltr'>ι</span> <span class='ocrx_word' id='word_1_86' title='bbox 642 786 815 862; x_wconf 65' lang='lat' dir='ltr'><strong>Reiumsan-</strong></span> <span class='ocrx_word' id='word_1_87' title='bbox 870 790 996 874; x_wconf 87' lang='lat' dir='ltr'><strong>uirginis.</strong></span> <span class='ocrx_word' id='word_1_88' title='bbox 1014 795 1084 851; x_wconf 87' lang='lat' dir='ltr'><strong>item</strong></span> <span class='ocrx_word' id='word_1_89' title='bbox 1096 799 1247 856; x_wconf 74' lang='lat' dir='ltr'><strong>secundum</strong></span> <span class='ocrx_word' id='word_1_90' title='bbox 1262 800 1370 874; x_wconf 91' lang='lat' dir='ltr'><strong>aliquos</strong></span> <span class='ocrx_word' id='word_1_91' title='bbox 1387 802 1433 860; x_wconf 92' lang='lat' dir='ltr'><strong>hic</strong></span> <span class='ocrx_word' id='word_1_92' title='bbox 1445 805 1504 862; x_wconf 87' lang='lat' dir='ltr'><strong>liar</strong></span> <span class='ocrx_word' id='word_1_93' title='bbox 1521 807 1598 864; x_wconf 81' lang='lat' dir='ltr'><strong>arira</strong></span> <span class='ocrx_word' id='word_1_94' title='bbox 1609 809 1667 865; x_wconf 83' lang='lat' dir='ltr'><strong>uir·</strong></span> 
     </span>
     <span class='ocr_line' id='line_1_9' title="bbox 96 847 1668 990; baseline 0.02 -84"><span class='ocrx_word' id='word_1_95' title='bbox 96 858 191 907; x_wconf 82' lang='lat' dir='ltr'><strong>rsristi</strong></span> <span class='ocrx_word' id='word_1_96' title='bbox 206 867 282 978; x_wconf 52' lang='lat' dir='ltr'><strong>papae</strong></span> <span class='ocrx_word' id='word_1_97' title='bbox 295 860 322 907; x_wconf 89' lang='lat' dir='ltr'><strong>et</strong></span> <span class='ocrx_word' id='word_1_98' title='bbox 338 861 478 935; x_wconf 79' lang='lat' dir='ltr'><strong>martyns.</strong></span> <span class='ocrx_word' id='word_1_99' title='bbox 495 882 504 906; x_wconf 80' lang='grc'><strong>»</strong></span> <span class='ocrx_word' id='word_1_100' title='bbox 787 934 792 945; x_wconf 36' lang='grc' dir='ltr'>Ι</span> <span class='ocrx_word' id='word_1_101' title='bbox 868 862 951 990; x_wconf 43' lang='lat' dir='ltr'><strong>{mm</strong></span> <span class='ocrx_word' id='word_1_102' title='bbox 1006 882 1028 921; x_wconf 79' lang='lat' dir='ltr'><strong>aa</strong></span> <span class='ocrx_word' id='word_1_103' title='bbox 1041 874 1068 922; x_wconf 89' lang='lat' dir='ltr'><strong>et</strong></span> <span class='ocrx_word' id='word_1_104' title='bbox 1083 868 1201 941; x_wconf 78' lang='lat' dir='ltr'><strong>Pelagio.</strong></span> <span class='ocrx_word' id='word_1_105' title='bbox 1217 871 1274 928; x_wconf 86' lang='lat' dir='ltr'><strong>Alii</strong></span> <span class='ocrx_word' id='word_1_106' title='bbox 1290 871 1392 932; x_wconf 86' lang='lat' dir='ltr'><strong>habent</strong></span> <span class='ocrx_word' id='word_1_107' title='bbox 1405 847 1466 933; x_wconf 65' lang='lat' dir='ltr'><strong>eam</strong></span> <span class='ocrx_word' id='word_1_108' title='bbox 1480 876 1575 934; x_wconf 91' lang='lat' dir='ltr'><strong>idibus</strong></span> <span class='ocrx_word' id='word_1_109' title='bbox 1583 878 1668 939; x_wconf 90' lang='lat' dir='ltr'><strong>Octo·</strong></span> 
     </span>
     <span class='ocr_line' id='line_1_10' title="bbox 96 924 1668 1026; baseline 0.02 -48"><span class='ocrx_word' id='word_1_110' title='bbox 96 938 195 1005; x_wconf 69' lang='lat' dir='ltr'><strong>aqum:</strong></span> <span class='ocrx_word' id='word_1_111' title='bbox 212 944 222 969; x_wconf 78' lang='grc' dir='ltr'>ι</span> <span class='ocrx_word' id='word_1_112' title='bbox 249 924 492 1005; x_wconf 78' lang='lat' dir='ltr'><strong>acobpatriarehm.</strong></span> <span class='ocrx_word' id='word_1_113' title='bbox 504 929 572 983; x_wconf 87' lang='lat' dir='ltr'><strong>ilem</strong></span> <span class='ocrx_word' id='word_1_114' title='bbox 589 931 740 988; x_wconf 87' lang='lat' dir='ltr'><strong>secundum</strong></span> <span class='ocrx_word' id='word_1_115' title='bbox 757 933 815 989; x_wconf 91' lang='lat' dir='ltr'><strong>ali-</strong></span> <span class='ocrx_word' id='word_1_116' title='bbox 888 951 935 990; x_wconf 89' lang='lat' dir='ltr'><strong>ris.</strong></span> <span class='ocrx_word' id='word_1_117' title='bbox 952 958 961 983; x_wconf 83' lang='lat'><strong>›</strong></span> <span class='ocrx_word' id='word_1_118' title='bbox 995 938 1136 1010; x_wconf 87' lang='lat' dir='ltr'><strong>mpleimm</strong></span> <span class='ocrx_word' id='word_1_119' title='bbox 1148 942 1300 1014; x_wconf 90' lang='lat' dir='ltr'><strong>negotium.</strong></span> <span class='ocrx_word' id='word_1_120' title='bbox 1309 945 1412 1003; x_wconf 86' lang='lat' dir='ltr'><strong>Eadem</strong></span> <span class='ocrx_word' id='word_1_121' title='bbox 1422 955 1464 1003; x_wconf 89' lang='lat' dir='ltr'><strong>est</strong></span> <span class='ocrx_word' id='word_1_122' title='bbox 1486 949 1584 1021; x_wconf 88' lang='lat' dir='ltr'><strong>opinor</strong></span> <span class='ocrx_word' id='word_1_123' title='bbox 1607 967 1668 1026; x_wconf 84' lang='lat' dir='ltr'><strong>qnia</strong></span> 
     </span>
     <span class='ocr_line' id='line_1_11' title="bbox 97 992 1593 1090; baseline 0.019 -39"><span class='ocrx_word' id='word_1_124' title='bbox 97 992 145 1052; x_wconf 90' lang='lat' dir='ltr'><strong>iiic</strong></span> <span class='ocrx_word' id='word_1_125' title='bbox 162 994 295 1075; x_wconf 36' lang='lat' dir='ltr'><strong>,Evarisli</strong></span> <span class='ocrx_word' id='word_1_126' title='bbox 317 1013 353 1076; x_wconf 86' lang='lat' dir='ltr'><strong>pa</strong></span> <span class='ocrx_word' id='word_1_127' title='bbox 374 1014 406 1078; x_wconf 71' lang='lat' dir='ltr'><strong>m,</strong></span> <span class='ocrx_word' id='word_1_128' title='bbox 423 1000 572 1079; x_wconf 85' lang='lat' dir='ltr'><strong>secundum</strong></span> <span class='ocrx_word' id='word_1_129' title='bbox 601 1002 724 1059; x_wconf 79' lang='lat' dir='ltr'><strong>Adonem</strong></span> <span class='ocrx_word' id='word_1_130' title='bbox 748 1021 814 1062; x_wconf 78' lang='lat' dir='ltr'><strong>reio</strong></span> <span class='ocrx_word' id='word_1_131' title='bbox 868 1005 897 1060; x_wconf 94' lang='lat' dir='ltr'><strong>iii</strong></span> <span class='ocrx_word' id='word_1_132' title='bbox 912 1006 1047 1065; x_wconf 80' lang='lat' dir='ltr'><strong>Euirionii</strong></span> <span class='ocrx_word' id='word_1_133' title='bbox 1063 1010 1263 1072; x_wconf 81' lang='lat' dir='ltr'><strong>busaeo-Ceu.</strong></span> <span class='ocrx_word' id='word_1_134' title='bbox 1279 1026 1395 1073; x_wconf 88' lang='lat' dir='ltr'><strong>vocatur</strong></span> <span class='ocrx_word' id='word_1_135' title='bbox 1409 992 1530 1090; x_wconf 62' lang='lat' dir='ltr'><strong>Pelopia.</strong></span> <span class='ocrx_word' id='word_1_136' title='bbox 1585 992 1593 1020; x_wconf 60' lang='lat'><strong>¹</strong></span> 
     </span>
    </p>

    <p class='ocr_par' dir='ltr' id='par_1_3' title="bbox 96 1012 1667 2015">
     <span class='ocr_line' id='line_1_12' title="bbox 96 1012 1656 1157; baseline 0.019 -34"><span class='ocrx_word' id='word_1_137' title='bbox 96 1080 125 1123; x_wconf 81' lang='lat' dir='ltr'><strong>us</strong></span> <span class='ocrx_word' id='word_1_138' title='bbox 139 1038 185 1122; x_wconf 73' lang='lat' dir='ltr'><strong>die</strong></span> <span class='ocrx_word' id='word_1_139' title='bbox 197 1074 334 1149; x_wconf 83' lang='lat' dir='ltr'><strong>sequenti.</strong></span> <span class='ocrx_word' id='word_1_140' title='bbox 351 1012 404 1134; x_wconf 58' lang='lat' dir='ltr'><strong>gui</strong></span> <span class='ocrx_word' id='word_1_141' title='bbox 420 1071 490 1125; x_wconf 89' lang='lat' dir='ltr'><strong>sedit</strong></span> <span class='ocrx_word' id='word_1_142' title='bbox 504 1087 591 1127; x_wconf 85' lang='lat' dir='ltr'><strong>annos</strong></span> <span class='ocrx_word' id='word_1_143' title='bbox 605 1090 704 1157; x_wconf 78' lang='lat' dir='ltr'><strong>nouem</strong></span> <span class='ocrx_word' id='word_1_144' title='bbox 721 1085 747 1131; x_wconf 88' lang='lat' dir='ltr'><strong>el</strong></span> <span class='ocrx_word' id='word_1_145' title='bbox 761 1076 813 1133; x_wconf 89' lang='lat' dir='ltr'><strong>snb</strong></span> <span class='ocrx_word' id='word_1_146' title='bbox 903 1078 1011 1134; x_wconf 83' lang='lat' dir='ltr'><strong>bloiin.</strong></span> <span class='ocrx_word' id='word_1_147' title='bbox 1030 1099 1036 1136; x_wconf 89' lang='lat'>:</span> <span class='ocrx_word' id='word_1_148' title='bbox 1057 1083 1142 1153; x_wconf 80' lang='lat' dir='ltr'><strong>«Ipso</strong></span> <span class='ocrx_word' id='word_1_149' title='bbox 1165 1083 1220 1153; x_wconf 92' lang='lat' dir='ltr'><strong>die,</strong></span> <span class='ocrx_word' id='word_1_150' title='bbox 1245 1086 1359 1143; x_wconf 89' lang='lat' dir='ltr'><strong>Luciani</strong></span> <span class='ocrx_word' id='word_1_151' title='bbox 1388 1097 1415 1145; x_wconf 90' lang='lat' dir='ltr'><strong>et</strong></span> <span class='ocrx_word' id='word_1_152' title='bbox 1443 1091 1541 1147; x_wconf 91' lang='lat' dir='ltr'><strong>Floiii.</strong></span> <span class='ocrx_word' id='word_1_153' title='bbox 1562 1094 1656 1153; x_wconf 81' lang='lat' dir='ltr'><strong>Romae</strong></span> 
     </span>
     <span class='ocr_line' id='line_1_13' title="bbox 96 1140 1667 1230; baseline 0.018 -35"><span class='ocrx_word' id='word_1_154' title='bbox 96 1152 142 1207; x_wconf 81' lang='lat' dir='ltr'><strong>llo,</strong></span> <span class='ocrx_word' id='word_1_155' title='bbox 152 1147 225 1219; x_wconf 78' lang='lat' dir='ltr'><strong>mart</strong></span> <span class='ocrx_word' id='word_1_156' title='bbox 247 1155 291 1221; x_wconf 83' lang='lat' dir='ltr'><strong>rio</strong></span> <span class='ocrx_word' id='word_1_157' title='bbox 311 1147 467 1209; x_wconf 86' lang='lat' dir='ltr'><strong>coronatus,</strong></span> <span class='ocrx_word' id='word_1_158' title='bbox 484 1146 607 1223; x_wconf 77' lang='lat' dir='ltr'><strong>sepultus</strong></span> <span class='ocrx_word' id='word_1_159' title='bbox 618 1156 658 1201; x_wconf 82' lang='lat' dir='ltr'><strong>est</strong></span> <span class='ocrx_word' id='word_1_160' title='bbox 678 1164 706 1201; x_wconf 93' lang='lat' dir='ltr'><strong>iii</strong></span> <span class='ocrx_word' id='word_1_161' title='bbox 735 1148 811 1204; x_wconf 79' lang='lat' dir='ltr'><strong>Vali—</strong></span> <span class='ocrx_word' id='word_1_162' title='bbox 866 1150 953 1205; x_wconf 85' lang='lat' dir='ltr'><strong>sancti</strong></span> <span class='ocrx_word' id='word_1_163' title='bbox 968 1150 1137 1226; x_wconf 84' lang='lat' dir='ltr'><strong>Erarislipa</strong></span> <span class='ocrx_word' id='word_1_164' title='bbox 1157 1171 1179 1210; x_wconf 79' lang='lat' dir='ltr'><strong>m</strong></span> <span class='ocrx_word' id='word_1_165' title='bbox 1208 1164 1235 1211; x_wconf 88' lang='lat' dir='ltr'><strong>et</strong></span> <span class='ocrx_word' id='word_1_166' title='bbox 1262 1159 1401 1230; x_wconf 87' lang='lat' dir='ltr'><strong>martyris.</strong></span> <span class='ocrx_word' id='word_1_167' title='bbox 1433 1140 1667 1224; x_wconf 70' lang='lat' dir='ltr'><strong>Commemoratio</strong></span> 
     </span>
     <span class='ocr_line' id='line_1_14' title="bbox 97 1155 1666 1311; baseline 0.018 -46"><span class='ocrx_word' id='word_1_168' title='bbox 97 1208 167 1291; x_wconf 41' lang='lat' dir='ltr'><strong>&#39;Ipse</strong></span> <span class='ocrx_word' id='word_1_169' title='bbox 176 1155 276 1292; x_wconf 52' lang='lat' dir='ltr'><strong>tituios¹</strong></span> <span class='ocrx_word' id='word_1_170' title='bbox 283 1227 313 1265; x_wconf 95' lang='lat' dir='ltr'><strong>iii</strong></span> <span class='ocrx_word' id='word_1_171' title='bbox 324 1211 390 1291; x_wconf 80' lang='lat' dir='ltr'><strong>urbe</strong></span> <span class='ocrx_word' id='word_1_172' title='bbox 402 1213 560 1296; x_wconf 80' lang='lat' dir='ltr'><strong>presbiteris</strong></span> <span class='ocrx_word' id='word_1_173' title='bbox 573 1215 669 1272; x_wconf 78' lang='lat' dir='ltr'><strong>diuisit</strong></span> <span class='ocrx_word' id='word_1_174' title='bbox 687 1226 813 1289; x_wconf 86' lang='lat' dir='ltr'><strong>septem·</strong></span> <span class='ocrx_word' id='word_1_175' title='bbox 866 1221 952 1300; x_wconf 77' lang='lat' dir='ltr'><strong>sancti</strong></span> <span class='ocrx_word' id='word_1_176' title='bbox 967 1222 1080 1279; x_wconf 87' lang='lat' dir='ltr'><strong>Vedasti</strong></span> <span class='ocrx_word' id='word_1_177' title='bbox 1095 1231 1122 1280; x_wconf 85' lang='lat' dir='ltr'><strong>et</strong></span> <span class='ocrx_word' id='word_1_178' title='bbox 1132 1170 1262 1296; x_wconf 63' lang='lat' dir='ltr'><strong>Kmandi,</strong></span> <span class='ocrx_word' id='word_1_179' title='bbox 1278 1244 1397 1311; x_wconf 89' lang='lat' dir='ltr'><strong>quorum</strong></span> <span class='ocrx_word' id='word_1_180' title='bbox 1410 1232 1469 1287; x_wconf 84' lang='lat' dir='ltr'><strong>vita</strong></span> <span class='ocrx_word' id='word_1_181' title='bbox 1482 1241 1510 1290; x_wconf 89' lang='lat' dir='ltr'><strong>et</strong></span> <span class='ocrx_word' id='word_1_182' title='bbox 1521 1250 1594 1290; x_wconf 88' lang='lat' dir='ltr'><strong>mors</strong></span> <span class='ocrx_word' id='word_1_183' title='bbox 1605 1239 1666 1307; x_wconf 88' lang='lat' dir='ltr'><strong>plu·</strong></span> 
     </span>
     <span class='ocr_line' id='line_1_15' title="bbox 96 1287 1663 1370; baseline 0.021 -36"><span class='ocrx_word' id='word_1_184' title='bbox 96 1294 277 1363; x_wconf 31' lang='lat' dir='ltr'><strong>meones-qui</strong></span> <span class='ocrx_word' id='word_1_185' title='bbox 299 1297 459 1365; x_wconf 81' lang='lat' dir='ltr'><strong>episcopum</strong></span> <span class='ocrx_word' id='word_1_186' title='bbox 476 1287 669 1367; x_wconf 71' lang='lat' dir='ltr'><strong>praedicantem</strong></span> <span class='ocrx_word' id='word_1_187' title='bbox 685 1290 795 1346; x_wconf 88' lang='lat' dir='ltr'><strong>custodi</strong></span> <span class='ocrx_word' id='word_1_188' title='bbox 866 1293 944 1348; x_wconf 87' lang='lat' dir='ltr'><strong>rimis</strong></span> <span class='ocrx_word' id='word_1_189' title='bbox 961 1292 1112 1352; x_wconf 86' lang='lat' dir='ltr'><strong>virtutibus</strong></span> <span class='ocrx_word' id='word_1_190' title='bbox 1121 1297 1216 1355; x_wconf 82' lang='lat' dir='ltr'><strong>extitit</strong></span> <span class='ocrx_word' id='word_1_191' title='bbox 1225 1299 1366 1370; x_wconf 77' lang='lat' dir='ltr'><strong>gloriosa.»</strong></span> <span class='ocrx_word' id='word_1_192' title='bbox 1389 1302 1412 1357; x_wconf 87' lang='lat' dir='ltr'><strong>F</strong></span> <span class='ocrx_word' id='word_1_193' title='bbox 1453 1303 1475 1359; x_wconf 90' lang='lat' dir='ltr'><strong>ie</strong></span> <span class='ocrx_word' id='word_1_194' title='bbox 1490 1304 1663 1367; x_wconf 89' lang='lat' dir='ltr'><strong>minoribus:</strong></span> 
     </span>
     <span class='ocr_line' id='line_1_16' title="bbox 96 1319 1664 1440; baseline 0.017 -31"><span class='ocrx_word' id='word_1_195' title='bbox 96 1352 252 1434; x_wconf 64' lang='lat' dir='ltr'><strong>ordinarit</strong></span> <span class='ocrx_word' id='word_1_196' title='bbox 271 1355 405 1408; x_wconf 87' lang='lat' dir='ltr'><strong>Demetrii</strong></span> <span class='ocrx_word' id='word_1_197' title='bbox 418 1365 557 1439; x_wconf 75' lang='lat' dir='ltr'><strong>martyris.</strong></span> <span class='ocrx_word' id='word_1_198' title='bbox 590 1360 692 1428; x_wconf 79' lang='lat' dir='ltr'><strong>liene,</strong></span> <span class='ocrx_word' id='word_1_199' title='bbox 719 1362 810 1418; x_wconf 85' lang='lat' dir='ltr'><strong>natale</strong></span> <span class='ocrx_word' id='word_1_200' title='bbox 872 1363 927 1418; x_wconf 79' lang='lat' dir='ltr'><strong>«ln</strong></span> <span class='ocrx_word' id='word_1_201' title='bbox 938 1363 1093 1435; x_wconf 88' lang='lat' dir='ltr'><strong>Glasconia,</strong></span> <span class='ocrx_word' id='word_1_202' title='bbox 1104 1367 1240 1440; x_wconf 87' lang='lat' dir='ltr'><strong>depositio</strong></span> <span class='ocrx_word' id='word_1_203' title='bbox 1255 1369 1388 1429; x_wconf 87' lang='lat' dir='ltr'><strong>Ceolliidi</strong></span> <span class='ocrx_word' id='word_1_204' title='bbox 1402 1319 1437 1430; x_wconf 65' lang='lat' dir='ltr'><strong>sil</strong></span> <span class='ocrx_word' id='word_1_205' title='bbox 1472 1375 1664 1436; x_wconf 70' lang='lat' dir='ltr'><strong>tisetoonIes·</strong></span> 
     </span>
     <span class='ocr_line' id='line_1_17' title="bbox 96 1424 1661 1519; baseline 0.017 -40"><span class='ocrx_word' id='word_1_206' title='bbox 96 1438 170 1505; x_wconf 76' lang='lat' dir='ltr'><strong>trum</strong></span> <span class='ocrx_word' id='word_1_207' title='bbox 184 1424 345 1493; x_wconf 84' lang='lat' dir='ltr'><strong>biariandri,</strong></span> <span class='ocrx_word' id='word_1_208' title='bbox 358 1425 439 1509; x_wconf 68' lang='lat' dir='ltr'><strong>buci,</strong></span> <span class='ocrx_word' id='word_1_209' title='bbox 464 1428 544 1485; x_wconf 83' lang='lat' dir='ltr'><strong>Vietr.</strong></span> <span class='ocrx_word' id='word_1_210' title='bbox 561 1430 623 1511; x_wconf 79' lang='lat' dir='ltr'><strong>Ipso</strong></span> <span class='ocrx_word' id='word_1_211' title='bbox 637 1431 691 1499; x_wconf 92' lang='lat' dir='ltr'><strong>die,</strong></span> <span class='ocrx_word' id='word_1_212' title='bbox 705 1448 810 1489; x_wconf 89' lang='lat' dir='ltr'><strong>seonn-</strong></span> <span class='ocrx_word' id='word_1_213' title='bbox 864 1434 943 1490; x_wconf 88' lang='lat' dir='ltr'><strong>soris.</strong></span> <span class='ocrx_word' id='word_1_214' title='bbox 958 1436 1055 1492; x_wconf 81' lang='lat' dir='ltr'><strong>»Edit¹</strong></span> <span class='ocrx_word' id='word_1_215' title='bbox 1067 1437 1139 1508; x_wconf 76' lang='lat' dir='ltr'><strong>alia,</strong></span> <span class='ocrx_word' id='word_1_216' title='bbox 1152 1440 1185 1496; x_wconf 88' lang='lat' dir='ltr'><strong>de</strong></span> <span class='ocrx_word' id='word_1_217' title='bbox 1195 1440 1327 1511; x_wconf 86' lang='lat' dir='ltr'><strong>Lucieno,</strong></span> <span class='ocrx_word' id='word_1_218' title='bbox 1337 1451 1390 1501; x_wconf 91' lang='lat' dir='ltr'><strong>etc.</strong></span> <span class='ocrx_word' id='word_1_219' title='bbox 1399 1446 1468 1501; x_wconf 88' lang='lat' dir='ltr'><strong>item</strong></span> <span class='ocrx_word' id='word_1_220' title='bbox 1478 1445 1513 1502; x_wconf 86' lang='lat' dir='ltr'><strong>do</strong></span> <span class='ocrx_word' id='word_1_221' title='bbox 1523 1446 1661 1519; x_wconf 80' lang='lat' dir='ltr'><strong>Eraristo,</strong></span> 
     </span>
     <span class='ocr_line' id='line_1_18' title="bbox 99 1494 1663 1593; baseline 0.019 -45"><span class='ocrx_word' id='word_1_222' title='bbox 99 1494 170 1579; x_wconf 50' lang='lat' dir='ltr'><strong>plius</strong></span> <span class='ocrx_word' id='word_1_223' title='bbox 182 1503 277 1579; x_wconf 73' lang='lat' dir='ltr'><strong>autem</strong></span> <span class='ocrx_word' id='word_1_224' title='bbox 302 1515 320 1551; x_wconf 81' lang='lat' dir='ltr'>v</span> <span class='ocrx_word' id='word_1_225' title='bbox 334 1498 406 1578; x_wconf 71' lang='lat' dir='ltr'><strong>¹dial.</strong></span> <span class='ocrx_word' id='word_1_226' title='bbox 432 1515 461 1553; x_wconf 89' lang='lat' dir='ltr'><strong>iii</strong></span> <span class='ocrx_word' id='word_1_227' title='bbox 481 1500 620 1581; x_wconf 64' lang='lat' dir='ltr'><strong>Phrygio,</strong></span> <span class='ocrx_word' id='word_1_228' title='bbox 650 1512 808 1560; x_wconf 86' lang='lat' dir='ltr'><strong>sanctornm</strong></span> <span class='ocrx_word' id='word_1_229' title='bbox 864 1512 895 1561; x_wconf 93' lang='lat' dir='ltr'><strong>ut</strong></span> <span class='ocrx_word' id='word_1_230' title='bbox 908 1505 937 1560; x_wconf 93' lang='lat' dir='ltr'><strong>iii</strong></span> <span class='ocrx_word' id='word_1_231' title='bbox 953 1506 1050 1578; x_wconf 93' lang='lat' dir='ltr'><strong>prima.</strong></span> <span class='ocrx_word' id='word_1_232' title='bbox 1064 1509 1153 1567; x_wconf 84' lang='lat' dir='ltr'><strong>Tum:</strong></span> <span class='ocrx_word' id='word_1_233' title='bbox 1177 1535 1187 1558; x_wconf 77' lang='grc' dir='ltr'>ι</span> <span class='ocrx_word' id='word_1_234' title='bbox 1202 1512 1479 1584; x_wconf 68' lang='lat' dir='ltr'><strong>Traiectiordinatio</strong></span> <span class='ocrx_word' id='word_1_235' title='bbox 1488 1518 1663 1593; x_wconf 87' lang='lat' dir='ltr'><strong>episcopatus</strong></span> 
     </span>
     <span class='ocr_line' id='line_1_19' title="bbox 96 1564 1662 1656; baseline 0.016 -34"><span class='ocrx_word' id='word_1_236' title='bbox 96 1564 275 1650; x_wconf 74' lang='lat' dir='ltr'><strong>n,Policaipi,</strong></span> <span class='ocrx_word' id='word_1_237' title='bbox 292 1567 498 1638; x_wconf 71' lang='lat' dir='ltr'><strong>Gamllenoln,</strong></span> <span class='ocrx_word' id='word_1_238' title='bbox 509 1572 662 1640; x_wconf 81' lang='lat' dir='ltr'><strong>Euineniie,</strong></span> <span class='ocrx_word' id='word_1_239' title='bbox 674 1575 808 1642; x_wconf 80' lang='lat' dir='ltr'><strong>tannarii,</strong></span> <span class='ocrx_word' id='word_1_240' title='bbox 862 1577 950 1634; x_wconf 90' lang='lat' dir='ltr'><strong>sancti</strong></span> <span class='ocrx_word' id='word_1_241' title='bbox 965 1577 1085 1636; x_wconf 75' lang='lat' dir='ltr'><strong>rimandi</strong></span> <span class='ocrx_word' id='word_1_242' title='bbox 1102 1598 1108 1636; x_wconf 93' lang='lat'>:</span> <span class='ocrx_word' id='word_1_243' title='bbox 1125 1590 1151 1638; x_wconf 88' lang='lat' dir='ltr'><strong>et</strong></span> <span class='ocrx_word' id='word_1_244' title='bbox 1165 1583 1417 1656; x_wconf 84' lang='lat' dir='ltr'><strong>Eluoueooeuobio,</strong></span> <span class='ocrx_word' id='word_1_245' title='bbox 1434 1590 1581 1646; x_wconf 80' lang='lat' dir='ltr'><strong>translatio</strong></span> <span class='ocrx_word' id='word_1_246' title='bbox 1594 1608 1662 1649; x_wconf 90' lang='lat' dir='ltr'><strong>coi-</strong></span> 
     </span>
     <span class='ocr_line' id='line_1_20' title="bbox 96 1634 1659 1765; baseline 0.018 -73"><span class='ocrx_word' id='word_1_247' title='bbox 96 1634 676 1765; x_wconf 48' lang='lat' dir='ltr'><strong>hConumiimipiidEphesum,Policarpi</strong></span> <span class='ocrx_word' id='word_1_248' title='bbox 686 1646 806 1727; x_wconf 89' lang='lat' dir='ltr'><strong>episcopi</strong></span> <span class='ocrx_word' id='word_1_249' title='bbox 861 1649 937 1720; x_wconf 86' lang='lat' dir='ltr'><strong>poris</strong></span> <span class='ocrx_word' id='word_1_250' title='bbox 952 1649 1040 1721; x_wconf 91' lang='lat' dir='ltr'><strong>ipsius</strong></span> <span class='ocrx_word' id='word_1_251' title='bbox 1057 1651 1092 1708; x_wconf 92' lang='lat' dir='ltr'><strong>ab</strong></span> <span class='ocrx_word' id='word_1_252' title='bbox 1105 1655 1221 1711; x_wconf 87' lang='lat' dir='ltr'><strong>ecclesia</strong></span> <span class='ocrx_word' id='word_1_253' title='bbox 1238 1656 1326 1714; x_wconf 88' lang='lat' dir='ltr'><strong>sancti</strong></span> <span class='ocrx_word' id='word_1_254' title='bbox 1340 1658 1414 1715; x_wconf 91' lang='lat' dir='ltr'><strong>Petri</strong></span> <span class='ocrx_word' id='word_1_255' title='bbox 1432 1668 1461 1717; x_wconf 90' lang='lat' dir='ltr'><strong>ot</strong></span> <span class='ocrx_word' id='word_1_256' title='bbox 1474 1661 1552 1718; x_wconf 85' lang='lat' dir='ltr'><strong>Pauli</strong></span> <span class='ocrx_word' id='word_1_257' title='bbox 1568 1662 1597 1718; x_wconf 93' lang='lat' dir='ltr'><strong>in</strong></span> <span class='ocrx_word' id='word_1_258' title='bbox 1612 1663 1659 1721; x_wconf 87' lang='lat' dir='ltr'><strong>ba·</strong></span> 
     </span>
     <span class='ocr_line' id='line_1_21' title="bbox 121 1711 1660 1806; baseline 0.019 -42"><span class='ocrx_word' id='word_1_259' title='bbox 121 1722 225 1792; x_wconf 78' lang='lat' dir='ltr'><strong>essens.</strong></span> <span class='ocrx_word' id='word_1_260' title='bbox 252 1734 262 1759; x_wconf 82' lang='lat'>›</span> <span class='ocrx_word' id='word_1_261' title='bbox 283 1711 310 1766; x_wconf 91' lang='lat' dir='ltr'><strong>Si</strong></span> <span class='ocrx_word' id='word_1_262' title='bbox 328 1727 396 1794; x_wconf 35' lang='lat' dir='ltr'><strong>quis·</strong></span> <span class='ocrx_word' id='word_1_263' title='bbox 415 1722 496 1795; x_wconf 80' lang='lat' dir='ltr'><strong>istrus</strong></span> <span class='ocrx_word' id='word_1_264' title='bbox 520 1731 642 1770; x_wconf 91' lang='lat' dir='ltr'><strong>nominis</strong></span> <span class='ocrx_word' id='word_1_265' title='bbox 664 1733 755 1788; x_wconf 90' lang='lat' dir='ltr'><strong>episco</strong></span> <span class='ocrx_word' id='word_1_266' title='bbox 775 1736 807 1775; x_wconf 90' lang='lat' dir='ltr'><strong>us</strong></span> <span class='ocrx_word' id='word_1_267' title='bbox 821 1722 844 1781; x_wconf 90' lang='lat' dir='ltr'><strong>B</strong></span> <span class='ocrx_word' id='word_1_268' title='bbox 860 1720 966 1776; x_wconf 89' lang='lat' dir='ltr'><strong>silicam</strong></span> <span class='ocrx_word' id='word_1_269' title='bbox 980 1723 1068 1779; x_wconf 88' lang='lat' dir='ltr'><strong>sancti</strong></span> <span class='ocrx_word' id='word_1_270' title='bbox 1084 1722 1215 1797; x_wconf 87' lang='lat' dir='ltr'><strong>Stephani</strong></span> <span class='ocrx_word' id='word_1_271' title='bbox 1250 1731 1444 1803; x_wconf 89' lang='lat' dir='ltr'><strong>rotomartyris</strong></span> <span class='ocrx_word' id='word_1_272' title='bbox 1469 1741 1565 1806; x_wconf 89' lang='lat' dir='ltr'><strong>agente</strong></span> <span class='ocrx_word' id='word_1_273' title='bbox 1579 1734 1660 1792; x_wconf 88' lang='lat' dir='ltr'><strong>beato</strong></span> 
     </span>
     <span class='ocr_line' id='line_1_22' title="bbox 96 1735 1660 1884; baseline 0.018 -49"><span class='ocrx_word' id='word_1_274' title='bbox 96 1776 164 1837; x_wconf 84' lang='lat' dir='ltr'><strong>dnus</strong></span> <span class='ocrx_word' id='word_1_275' title='bbox 177 1780 240 1848; x_wconf 81' lang='lat' dir='ltr'><strong>luit,</strong></span> <span class='ocrx_word' id='word_1_276' title='bbox 257 1798 313 1838; x_wconf 91' lang='lat' dir='ltr'><strong>non</strong></span> <span class='ocrx_word' id='word_1_277' title='bbox 324 1800 411 1855; x_wconf 88' lang='lat' dir='ltr'><strong>magis</strong></span> <span class='ocrx_word' id='word_1_278' title='bbox 427 1801 455 1839; x_wconf 95' lang='lat' dir='ltr'><strong>iii</strong></span> <span class='ocrx_word' id='word_1_279' title='bbox 471 1785 596 1868; x_wconf 73' lang='lat' dir='ltr'><strong>Ecclesia</strong></span> <span class='ocrx_word' id='word_1_280' title='bbox 605 1788 712 1843; x_wconf 91' lang='lat' dir='ltr'><strong>cultum</strong></span> <span class='ocrx_word' id='word_1_281' title='bbox 723 1735 804 1846; x_wconf 52' lang='lat' dir='ltr'><strong>basiet</strong></span> <span class='ocrx_word' id='word_1_282' title='bbox 859 1790 950 1862; x_wconf 85' lang='lat' dir='ltr'><strong>Eligio</strong></span> <span class='ocrx_word' id='word_1_283' title='bbox 964 1793 1114 1865; x_wconf 85' lang='lat' dir='ltr'><strong>pontilice;</strong></span> <span class='ocrx_word' id='word_1_284' title='bbox 1134 1803 1216 1870; x_wconf 86' lang='lat' dir='ltr'><strong>atque</strong></span> <span class='ocrx_word' id='word_1_285' title='bbox 1230 1745 1367 1856; x_wconf 59' lang='lat' dir='ltr'><strong>genimen</strong></span> <span class='ocrx_word' id='word_1_286' title='bbox 1381 1775 1503 1884; x_wconf 72' lang='lat' dir='ltr'><strong>ejusdem</strong></span> <span class='ocrx_word' id='word_1_287' title='bbox 1525 1804 1660 1865; x_wconf 72' lang='lat' dir='ltr'><strong>basilica.</strong></span> 
     </span>
     <span class='ocr_line' id='line_1_23' title="bbox 96 1848 1660 1981; baseline 0.017 -75"><span class='ocrx_word' id='word_1_288' title='bbox 96 1848 266 1981; x_wconf 47' lang='lat' dir='ltr'><strong>Ppiqeratas,</strong></span> <span class='ocrx_word' id='word_1_289' title='bbox 279 1853 316 1935; x_wconf 81' lang='lat' dir='ltr'><strong>de</strong></span> <span class='ocrx_word' id='word_1_290' title='bbox 331 1871 386 1928; x_wconf 90' lang='lat' dir='ltr'><strong>quo</strong></span> <span class='ocrx_word' id='word_1_291' title='bbox 401 1872 501 1936; x_wconf 78' lang='lat' dir='ltr'><strong>supra.</strong></span> <span class='ocrx_word' id='word_1_292' title='bbox 515 1856 646 1938; x_wconf 79' lang='lat' dir='ltr'><strong>Sequitur</strong></span> <span class='ocrx_word' id='word_1_293' title='bbox 663 1877 669 1914; x_wconf 91' lang='lat'>:</span> <span class='ocrx_word' id='word_1_294' title='bbox 692 1859 803 1917; x_wconf 85' lang='lat' dir='ltr'><strong>‹Benni</strong></span> <span class='ocrx_word' id='word_1_295' title='bbox 857 1862 982 1932; x_wconf 85' lang='lat' dir='ltr'><strong>Daubiis,</strong></span> <span class='ocrx_word' id='word_1_296' title='bbox 998 1865 1117 1921; x_wconf 87' lang='lat' dir='ltr'><strong>elevatio</strong></span> <span class='ocrx_word' id='word_1_297' title='bbox 1131 1870 1219 1926; x_wconf 90' lang='lat' dir='ltr'><strong>sancti</strong></span> <span class='ocrx_word' id='word_1_298' title='bbox 1234 1872 1343 1927; x_wconf 84' lang='lat' dir='ltr'><strong>Ermini</strong></span> <span class='ocrx_word' id='word_1_299' title='bbox 1359 1874 1490 1946; x_wconf 82' lang='lat' dir='ltr'><strong>episcopi.</strong></span> <span class='ocrx_word' id='word_1_300' title='bbox 1506 1876 1558 1931; x_wconf 87' lang='lat' dir='ltr'><strong>Die</strong></span> <span class='ocrx_word' id='word_1_301' title='bbox 1576 1877 1660 1950; x_wconf 85' lang='lat' dir='ltr'><strong>viga-</strong></span> 
     </span>
     <span class='ocr_line' id='line_1_24' title="bbox 96 1925 1617 2015; baseline 0.016 -35"><span class='ocrx_word' id='word_1_302' title='bbox 96 1936 134 2009; x_wconf 80' lang='lat' dir='ltr'><strong>pl.</strong></span> <span class='ocrx_word' id='word_1_303' title='bbox 171 1925 304 1983; x_wconf 75' lang='lat' dir='ltr'><strong>tanslatio</strong></span> <span class='ocrx_word' id='word_1_304' title='bbox 318 1934 408 1985; x_wconf 87' lang='lat' dir='ltr'><strong>sancti</strong></span> <span class='ocrx_word' id='word_1_305' title='bbox 423 1927 543 1985; x_wconf 86' lang='lat' dir='ltr'><strong>Amandi</strong></span> <span class='ocrx_word' id='word_1_306' title='bbox 558 1930 680 2003; x_wconf 87' lang='lat' dir='ltr'><strong>episcopi</strong></span> <span class='ocrx_word' id='word_1_307' title='bbox 701 1931 802 2006; x_wconf 84' lang='lat' dir='ltr'><strong>Fraje-</strong></span> <span class='ocrx_word' id='word_1_308' title='bbox 856 1933 926 1989; x_wconf 90' lang='lat' dir='ltr'><strong>sima</strong></span> <span class='ocrx_word' id='word_1_309' title='bbox 939 1942 1027 2004; x_wconf 81' lang='lat' dir='ltr'><strong>senta,</strong></span> <span class='ocrx_word' id='word_1_310' title='bbox 1043 1942 1269 1999; x_wconf 88' lang='lat' dir='ltr'><strong>commemoratio</strong></span> <span class='ocrx_word' id='word_1_311' title='bbox 1286 1944 1378 2015; x_wconf 86' lang='lat' dir='ltr'><strong>magni</strong></span> <span class='ocrx_word' id='word_1_312' title='bbox 1394 1951 1474 2001; x_wconf 82' lang='lat' dir='ltr'><strong>terra</strong></span> <span class='ocrx_word' id='word_1_313' title='bbox 1487 1953 1617 2004; x_wconf 77' lang='lat' dir='ltr'><strong>motus·</strong></span> 
     </span>
    </p>
   </div>
   <div class='ocr_carea' id='block_1_3' title="bbox 96 2168 1659 2622">
    <p class='ocr_par' dir='ltr' id='par_1_4' title="bbox 96 2168 1659 2622">
     <span class='ocr_line' id='line_1_25' title="bbox 96 2168 1659 2267; baseline 0.015 -39"><span class='ocrx_word' id='word_1_314' title='bbox 96 2168 236 2245; x_wconf 75' lang='lat' dir='ltr'><strong>liupaniis,</strong></span> <span class='ocrx_word' id='word_1_315' title='bbox 247 2175 365 2235; x_wconf 86' lang='lat' dir='ltr'><strong>civitate</strong></span> <span class='ocrx_word' id='word_1_316' title='bbox 378 2177 479 2248; x_wconf 83' lang='lat' dir='ltr'><strong>Abula,</strong></span> <span class='ocrx_word' id='word_1_317' title='bbox 495 2180 586 2252; x_wconf 90' lang='lat' dir='ltr'><strong>passio</strong></span> <span class='ocrx_word' id='word_1_318' title='bbox 601 2187 759 2237; x_wconf 91' lang='lat' dir='ltr'><strong>sanctorum</strong></span> <span class='ocrx_word' id='word_1_319' title='bbox 774 2180 927 2252; x_wconf 74' lang='lat' dir='ltr'><strong>vincentii,</strong></span> <span class='ocrx_word' id='word_1_320' title='bbox 941 2182 1049 2241; x_wconf 84' lang='lat' dir='ltr'><strong>Sabinae</strong></span> <span class='ocrx_word' id='word_1_321' title='bbox 1063 2191 1090 2240; x_wconf 88' lang='lat' dir='ltr'><strong>et</strong></span> <span class='ocrx_word' id='word_1_322' title='bbox 1101 2184 1236 2256; x_wconf 77' lang='lat' dir='ltr'><strong>Cristelm,</strong></span> <span class='ocrx_word' id='word_1_323' title='bbox 1252 2188 1300 2262; x_wconf 90' lang='lat' dir='ltr'><strong>qui</strong></span> <span class='ocrx_word' id='word_1_324' title='bbox 1311 2190 1402 2263; x_wconf 93' lang='lat' dir='ltr'><strong>primo</strong></span> <span class='ocrx_word' id='word_1_325' title='bbox 1421 2191 1489 2250; x_wconf 89' lang='lat' dir='ltr'><strong>adeo</strong></span> <span class='ocrx_word' id='word_1_326' title='bbox 1503 2192 1659 2267; x_wconf 89' lang='lat' dir='ltr'><strong>inequuleo</strong></span> 
     </span>
     <span class='ocr_line' id='line_1_26' title="bbox 96 2261 1658 2358; baseline 0.015 -40"><span class='ocrx_word' id='word_1_327' title='bbox 96 2261 201 2332; x_wconf 71' lang='lat' dir='ltr'><strong>nenti,</strong></span> <span class='ocrx_word' id='word_1_328' title='bbox 211 2271 244 2321; x_wconf 90' lang='lat' dir='ltr'><strong>ut</strong></span> <span class='ocrx_word' id='word_1_329' title='bbox 253 2280 350 2324; x_wconf 91' lang='lat' dir='ltr'><strong>omnes</strong></span> <span class='ocrx_word' id='word_1_330' title='bbox 368 2284 512 2344; x_wconf 79' lang='lat' dir='ltr'><strong>compages</strong></span> <span class='ocrx_word' id='word_1_331' title='bbox 527 2286 623 2327; x_wconf 91' lang='lat' dir='ltr'><strong>eorum</strong></span> <span class='ocrx_word' id='word_1_332' title='bbox 635 2269 821 2326; x_wconf 90' lang='lat' dir='ltr'><strong>membrorum</strong></span> <span class='ocrx_word' id='word_1_333' title='bbox 839 2273 1007 2342; x_wconf 82' lang='lat' dir='ltr'><strong>laxarentur,</strong></span> <span class='ocrx_word' id='word_1_334' title='bbox 1021 2274 1121 2332; x_wconf 89' lang='lat' dir='ltr'><strong>deinde</strong></span> <span class='ocrx_word' id='word_1_335' title='bbox 1133 2278 1224 2351; x_wconf 90' lang='lat' dir='ltr'><strong>capita</strong></span> <span class='ocrx_word' id='word_1_336' title='bbox 1235 2293 1342 2349; x_wconf 88' lang='lat' dir='ltr'><strong>eorum,</strong></span> <span class='ocrx_word' id='word_1_337' title='bbox 1359 2281 1499 2355; x_wconf 88' lang='lat' dir='ltr'><strong>lapidibus</strong></span> <span class='ocrx_word' id='word_1_338' title='bbox 1519 2300 1658 2358; x_wconf 87' lang='lat' dir='ltr'><strong>superpu-</strong></span> 
     </span>
     <span class='ocr_line' id='line_1_27' title="bbox 96 2352 1656 2443; baseline 0.012 -32"><span class='ocrx_word' id='word_1_339' title='bbox 96 2366 172 2429; x_wconf 77' lang='lat' dir='ltr'><strong>lequc</strong></span> <span class='ocrx_word' id='word_1_340' title='bbox 187 2352 224 2411; x_wconf 85' lang='lat' dir='ltr'><strong>ad</strong></span> <span class='ocrx_word' id='word_1_341' title='bbox 237 2358 434 2417; x_wconf 71' lang='lat' dir='ltr'><strong>excussionem</strong></span> <span class='ocrx_word' id='word_1_342' title='bbox 447 2360 552 2418; x_wconf 89' lang='lat' dir='ltr'><strong>cerebri</strong></span> <span class='ocrx_word' id='word_1_343' title='bbox 569 2361 669 2417; x_wconf 85' lang='lat' dir='ltr'><strong>validis</strong></span> <span class='ocrx_word' id='word_1_344' title='bbox 687 2360 813 2418; x_wconf 84' lang='lat' dir='ltr'><strong>vectibus</strong></span> <span class='ocrx_word' id='word_1_345' title='bbox 836 2370 901 2419; x_wconf 91' lang='lat' dir='ltr'><strong>sunt</strong></span> <span class='ocrx_word' id='word_1_346' title='bbox 927 2370 1052 2431; x_wconf 88' lang='lat' dir='ltr'><strong>contusa,</strong></span> <span class='ocrx_word' id='word_1_347' title='bbox 1074 2372 1155 2439; x_wconf 87' lang='lat' dir='ltr'><strong>alque</strong></span> <span class='ocrx_word' id='word_1_348' title='bbox 1178 2366 1218 2422; x_wconf 93' lang='lat' dir='ltr'><strong>ila</strong></span> <span class='ocrx_word' id='word_1_349' title='bbox 1244 2370 1411 2442; x_wconf 83' lang='lat' dir='ltr'><strong>martyrium</strong></span> <span class='ocrx_word' id='word_1_350' title='bbox 1435 2373 1656 2443; x_wconf 82' lang='lat' dir='ltr'><strong>compleverunt,</strong></span> 
     </span>
     <span class='ocr_line' id='line_1_28' title="bbox 96 2442 1656 2532; baseline 0.012 -35"><span class='ocrx_word' id='word_1_351' title='bbox 96 2456 105 2497; x_wconf 81' lang='lat' dir='ltr'><strong>e</strong></span> <span class='ocrx_word' id='word_1_352' title='bbox 124 2442 241 2516; x_wconf 84' lang='lat' dir='ltr'><strong>praeside</strong></span> <span class='ocrx_word' id='word_1_353' title='bbox 254 2446 387 2505; x_wconf 83' lang='lat' dir='ltr'><strong>Deciano.</strong></span> <span class='ocrx_word' id='word_1_354' title='bbox 403 2450 508 2508; x_wconf 85' lang='lat' dir='ltr'><strong>Eodem</strong></span> <span class='ocrx_word' id='word_1_355' title='bbox 533 2450 578 2508; x_wconf 90' lang='lat' dir='ltr'><strong>die</strong></span> <span class='ocrx_word' id='word_1_356' title='bbox 591 2450 665 2523; x_wconf 90' lang='lat' dir='ltr'><strong>apud</strong></span> <span class='ocrx_word' id='word_1_357' title='bbox 679 2450 737 2507; x_wconf 84' lang='lat' dir='ltr'><strong>Tile</strong></span> <span class='ocrx_word' id='word_1_358' title='bbox 751 2458 883 2522; x_wconf 88' lang='lat' dir='ltr'><strong>castrum,</strong></span> <span class='ocrx_word' id='word_1_359' title='bbox 897 2453 985 2510; x_wconf 90' lang='lat' dir='ltr'><strong>sancti</strong></span> <span class='ocrx_word' id='word_1_360' title='bbox 999 2454 1134 2512; x_wconf 87' lang='lat' dir='ltr'><strong>Florentii</strong></span> <span class='ocrx_word' id='word_1_361' title='bbox 1159 2457 1300 2529; x_wconf 80' lang='lat' dir='ltr'><strong>martyris.</strong></span> <span class='ocrx_word' id='word_1_362' title='bbox 1330 2454 1429 2532; x_wconf 79' lang='lat' dir='ltr'><strong>[Addit</strong></span> <span class='ocrx_word' id='word_1_363' title='bbox 1453 2460 1601 2519; x_wconf 83' lang='lat' dir='ltr'><strong>Bouillurt.</strong></span> <span class='ocrx_word' id='word_1_364' title='bbox 1626 2461 1656 2516; x_wconf 84' lang='lat' dir='ltr'><strong>in</strong></span> 
     </span>
     <span class='ocr_line' id='line_1_29' title="bbox 96 2534 1263 2622; baseline 0.009 -30"><span class='ocrx_word' id='word_1_365' title='bbox 96 2548 117 2591; x_wconf 79' lang='lat' dir='ltr'><strong>is</strong></span> <span class='ocrx_word' id='word_1_366' title='bbox 131 2534 256 2593; x_wconf 83' lang='lat' dir='ltr'><strong>:liudem</strong></span> <span class='ocrx_word' id='word_1_367' title='bbox 271 2537 318 2595; x_wconf 89' lang='lat' dir='ltr'><strong>die</strong></span> <span class='ocrx_word' id='word_1_368' title='bbox 328 2538 454 2597; x_wconf 85' lang='lat' dir='ltr'><strong>inventio</strong></span> <span class='ocrx_word' id='word_1_369' title='bbox 468 2557 519 2599; x_wconf 89' lang='lat' dir='ltr'><strong>seu</strong></span> <span class='ocrx_word' id='word_1_370' title='bbox 533 2542 679 2599; x_wconf 85' lang='lat' dir='ltr'><strong>translatio</strong></span> <span class='ocrx_word' id='word_1_371' title='bbox 690 2541 779 2598; x_wconf 87' lang='lat' dir='ltr'><strong>sancti</strong></span> <span class='ocrx_word' id='word_1_372' title='bbox 794 2541 935 2599; x_wconf 78' lang='lat' dir='ltr'><strong>vincentii</strong></span> <span class='ocrx_word' id='word_1_373' title='bbox 950 2542 1053 2602; x_wconf 79' lang='lat' dir='ltr'><strong>Levita</strong></span> <span class='ocrx_word' id='word_1_374' title='bbox 1068 2553 1095 2602; x_wconf 91' lang='lat' dir='ltr'><strong>el</strong></span> <span class='ocrx_word' id='word_1_375' title='bbox 1108 2545 1263 2622; x_wconf 79' lang='lat' dir='ltr'><strong>martyris]</strong></span> 
     </span>
    </p>
   </div>
   <div class='ocr_carea' id='block_1_4' title="bbox 96 2649 886 2816">
    <p class='ocr_par' dir='ltr' id='par_1_5' title="bbox 96 2649 886 2816">
     <span class='ocr_line' id='line_1_30' title="bbox 767 2649 886 2707; baseline -0.008 0"><span class='ocrx_word' id='word_1_376' title='bbox 767 2649 886 2707; x_wconf 83' lang='lat' dir='ltr'><strong>NOTAE.</strong></span> 
     </span>
     <span class='ocr_line' id='line_1_31' title="bbox 96 2740 792 2816; baseline 0.007 -17"><span class='ocrx_word' id='word_1_377' title='bbox 96 2740 158 2799; x_wconf 71' lang='lat' dir='ltr'><strong>itur</strong></span> <span class='ocrx_word' id='word_1_378' title='bbox 168 2758 208 2801; x_wconf 74' lang='lat' dir='ltr'><strong>ex</strong></span> <span class='ocrx_word' id='word_1_379' title='bbox 218 2743 343 2814; x_wconf 71' lang='lat' dir='ltr'><strong>Prolem,</strong></span> <span class='ocrx_word' id='word_1_380' title='bbox 357 2746 504 2816; x_wconf 75' lang='lat' dir='ltr'><strong>Munerat,</strong></span> <span class='ocrx_word' id='word_1_381' title='bbox 524 2749 635 2805; x_wconf 71' lang='lat' dir='ltr'><strong>urerer.</strong></span> <span class='ocrx_word' id='word_1_382' title='bbox 648 2755 676 2804; x_wconf 92' lang='lat' dir='ltr'><strong>et</strong></span> <span class='ocrx_word' id='word_1_383' title='bbox 688 2748 792 2804; x_wconf 80' lang='lat' dir='ltr'><strong>Melon.</strong></span> 
     </span>
    </p>
   </div>
   <div class='ocr_carea' id='block_1_5' title="bbox 612 2854 1038 2916">
    <p class='ocr_par' dir='ltr' id='par_1_6' title="bbox 612 2854 1038 2916">
     <span class='ocr_line' id='line_1_32' title="bbox 612 2854 1038 2916; baseline -0.002 -1"><span class='ocrx_word' id='word_1_384' title='bbox 612 2854 814 2916; x_wconf 71' lang='lat' dir='ltr'><strong>diuidimus</strong></span> <span class='ocrx_word' id='word_1_385' title='bbox 832 2855 1038 2915; x_wconf 83' lang='lat' dir='ltr'><strong>LECTIONES.</strong></span> 
     </span>
    </p>
   </div>
   <div class='ocr_carea' id='block_1_6' title="bbox 96 2950 1651 3748">
    <p class='ocr_par' dir='ltr' id='par_1_7' title="bbox 96 2950 1651 3675">
     <span class='ocr_line' id='line_1_33' title="bbox 96 2950 1651 3037; baseline 0.005 -26"><span class='ocrx_word' id='word_1_386' title='bbox 96 2950 170 3037; x_wconf 75' lang='lat' dir='ltr'><strong>ripun</strong></span> <span class='ocrx_word' id='word_1_387' title='bbox 181 2954 328 3014; x_wconf 80' lang='lat' dir='ltr'><strong>diversitas</strong></span> <span class='ocrx_word' id='word_1_388' title='bbox 344 2957 373 3013; x_wconf 90' lang='lat' dir='ltr'><strong>iii</strong></span> <span class='ocrx_word' id='word_1_389' title='bbox 387 2973 419 3015; x_wconf 89' lang='lat' dir='ltr'><strong>eo</strong></span> <span class='ocrx_word' id='word_1_390' title='bbox 436 2959 557 3015; x_wconf 90' lang='lat' dir='ltr'><strong>occurrit</strong></span> <span class='ocrx_word' id='word_1_391' title='bbox 572 2957 647 3031; x_wconf 89' lang='lat' dir='ltr'><strong>quod</strong></span> <span class='ocrx_word' id='word_1_392' title='bbox 662 2957 792 3015; x_wconf 87' lang='lat' dir='ltr'><strong>multico·</strong></span> <span class='ocrx_word' id='word_1_393' title='bbox 809 2959 831 3018; x_wconf 86' lang='lat' dir='ltr'><strong>G</strong></span> <span class='ocrx_word' id='word_1_394' title='bbox 882 2959 1037 3015; x_wconf 85' lang='lat' dir='ltr'><strong>Romanum</strong></span> <span class='ocrx_word' id='word_1_395' title='bbox 1053 2973 1170 3030; x_wconf 90' lang='lat' dir='ltr'><strong>parvum</strong></span> <span class='ocrx_word' id='word_1_396' title='bbox 1184 2964 1212 3015; x_wconf 90' lang='lat' dir='ltr'><strong>et</strong></span> <span class='ocrx_word' id='word_1_397' title='bbox 1222 2956 1283 3014; x_wconf 82' lang='lat' dir='ltr'><strong>Ado</strong></span> <span class='ocrx_word' id='word_1_398' title='bbox 1292 2957 1346 3014; x_wconf 89' lang='lat' dir='ltr'><strong>scri</strong></span> <span class='ocrx_word' id='word_1_399' title='bbox 1367 2957 1556 3016; x_wconf 83' lang='lat' dir='ltr'><strong>scriutiibelo.</strong></span> <span class='ocrx_word' id='word_1_400' title='bbox 1568 2960 1651 3018; x_wconf 89' lang='lat' dir='ltr'><strong>Forte</strong></span> 
     </span>
     <span class='ocr_line' id='line_1_34' title="bbox 96 3028 1650 3099; baseline 0.004 -17"><span class='ocrx_word' id='word_1_401' title='bbox 96 3032 178 3083; x_wconf 74' lang='lat' dir='ltr'><strong>mium</strong></span> <span class='ocrx_word' id='word_1_402' title='bbox 195 3028 390 3099; x_wconf 74' lang='lat' dir='ltr'><strong>probatissimi,</strong></span> <span class='ocrx_word' id='word_1_403' title='bbox 406 3038 436 3085; x_wconf 92' lang='lat' dir='ltr'><strong>nt</strong></span> <span class='ocrx_word' id='word_1_404' title='bbox 451 3031 606 3098; x_wconf 88' lang='lat' dir='ltr'><strong>llerinien.,</strong></span> <span class='ocrx_word' id='word_1_405' title='bbox 625 3030 789 3097; x_wconf 78' lang='lat' dir='ltr'><strong>Turnacum,</strong></span> <span class='ocrx_word' id='word_1_406' title='bbox 846 3028 947 3086; x_wconf 89' lang='lat' dir='ltr'><strong>melius</strong></span> <span class='ocrx_word' id='word_1_407' title='bbox 961 3029 1129 3087; x_wconf 88' lang='lat' dir='ltr'><strong>scriberetur</strong></span> <span class='ocrx_word' id='word_1_408' title='bbox 1149 3029 1325 3098; x_wconf 46' lang='lat' dir='ltr'><strong>censerem</strong></span> <span class='ocrx_word' id='word_1_409' title='bbox 1374 3030 1650 3088; x_wconf 86' lang='lat' dir='ltr'><strong>codicesnostiosse·</strong></span> 
     </span>
     <span class='ocr_line' id='line_1_35' title="bbox 96 3096 1651 3174; baseline 0 -15"><span class='ocrx_word' id='word_1_410' title='bbox 96 3096 223 3173; x_wconf 50' lang='grc' dir='ltr'><strong>ψη,</strong></span> <span class='ocrx_word' id='word_1_411' title='bbox 237 3100 378 3172; x_wconf 71' lang='lat' dir='ltr'><strong>saveyr.</strong></span> <span class='ocrx_word' id='word_1_412' title='bbox 395 3111 422 3157; x_wconf 91' lang='lat' dir='ltr'><strong>et</strong></span> <span class='ocrx_word' id='word_1_413' title='bbox 444 3102 554 3174; x_wconf 90' lang='lat' dir='ltr'><strong>reliqui,</strong></span> <span class='ocrx_word' id='word_1_414' title='bbox 566 3101 656 3158; x_wconf 81' lang='lat' dir='ltr'><strong>textui</strong></span> <span class='ocrx_word' id='word_1_415' title='bbox 671 3108 790 3174; x_wconf 86' lang='lat' dir='ltr'><strong>autprm·</strong></span> <span class='ocrx_word' id='word_1_416' title='bbox 844 3100 903 3158; x_wconf 88' lang='lat' dir='ltr'><strong>cuti</strong></span> <span class='ocrx_word' id='word_1_417' title='bbox 923 3117 1029 3157; x_wconf 89' lang='lat' dir='ltr'><strong>sumus.</strong></span> <span class='ocrx_word' id='word_1_418' title='bbox 1048 3101 1151 3158; x_wconf 85' lang='lat' dir='ltr'><strong>Melan.</strong></span> <span class='ocrx_word' id='word_1_419' title='bbox 1176 3100 1347 3173; x_wconf 87' lang='lat' dir='ltr'><strong>transposuit</strong></span> <span class='ocrx_word' id='word_1_420' title='bbox 1366 3117 1447 3158; x_wconf 88' lang='lat' dir='ltr'><strong>voces</strong></span> <span class='ocrx_word' id='word_1_421' title='bbox 1471 3102 1651 3159; x_wconf 84' lang='lat' dir='ltr'><strong>niembrorum</strong></span> 
     </span>
     <span class='ocr_line' id='line_1_36' title="bbox 96 3168 1647 3254; baseline 0.003 -29"><span class='ocrx_word' id='word_1_422' title='bbox 96 3174 145 3226; x_wconf 80' lang='lat' dir='ltr'><strong>mit</strong></span> <span class='ocrx_word' id='word_1_423' title='bbox 167 3168 337 3242; x_wconf 80' lang='lat' dir='ltr'><strong>subjiciant:</strong></span> <span class='ocrx_word' id='word_1_424' title='bbox 359 3173 647 3254; x_wconf 80' lang='lat' dir='ltr'><strong>Vigiliacposlolorem</strong></span> <span class='ocrx_word' id='word_1_425' title='bbox 664 3170 789 3240; x_wconf 83' lang='lat' dir='ltr'><strong>Simonis,</strong></span> <span class='ocrx_word' id='word_1_426' title='bbox 844 3188 945 3228; x_wconf 82' lang='lat' dir='ltr'><strong>corum.</strong></span> <span class='ocrx_word' id='word_1_427' title='bbox 965 3171 1074 3228; x_wconf 89' lang='lat' dir='ltr'><strong>Pialeii.</strong></span> <span class='ocrx_word' id='word_1_428' title='bbox 1088 3172 1154 3245; x_wconf 89' lang='lat' dir='ltr'><strong>legit</strong></span> <span class='ocrx_word' id='word_1_429' title='bbox 1163 3173 1291 3241; x_wconf 82' lang='lat' dir='ltr'><strong>Datiano,</strong></span> <span class='ocrx_word' id='word_1_430' title='bbox 1311 3171 1420 3241; x_wconf 88' lang='lat' dir='ltr'><strong>melius,</strong></span> <span class='ocrx_word' id='word_1_431' title='bbox 1436 3186 1500 3229; x_wconf 93' lang='lat' dir='ltr'><strong>cum</strong></span> <span class='ocrx_word' id='word_1_432' title='bbox 1520 3189 1647 3230; x_wconf 88' lang='lat' dir='ltr'><strong>commn-</strong></span> 
     </span>
     <span class='ocr_line' id='line_1_37' title="bbox 96 3240 1646 3314; baseline 0.003 -18"><span class='ocrx_word' id='word_1_433' title='bbox 96 3240 179 3297; x_wconf 62' lang='grc' dir='ltr'><strong>ποιῶ</strong></span> <span class='ocrx_word' id='word_1_434' title='bbox 191 3248 216 3297; x_wconf 82' lang='lat' dir='ltr'><strong>st</strong></span> <span class='ocrx_word' id='word_1_435' title='bbox 227 3242 312 3299; x_wconf 72' lang='lat' dir='ltr'><strong>leda.</strong></span> <span class='ocrx_word' id='word_1_436' title='bbox 327 3244 441 3302; x_wconf 83' lang='lat' dir='ltr'><strong>llubnes</strong></span> <span class='ocrx_word' id='word_1_437' title='bbox 451 3253 544 3301; x_wconf 90' lang='lat' dir='ltr'><strong>utrum</strong></span> <span class='ocrx_word' id='word_1_438' title='bbox 560 3261 593 3302; x_wconf 91' lang='lat' dir='ltr'><strong>ea</strong></span> <span class='ocrx_word' id='word_1_439' title='bbox 615 3243 790 3300; x_wconf 89' lang='lat' dir='ltr'><strong>annuntiatio</strong></span> <span class='ocrx_word' id='word_1_440' title='bbox 844 3242 874 3299; x_wconf 88' lang='lat' dir='ltr'><strong>ni</strong></span> <span class='ocrx_word' id='word_1_441' title='bbox 886 3242 1033 3310; x_wconf 78' lang='lat' dir='ltr'><strong>Munerat,</strong></span> <span class='ocrx_word' id='word_1_442' title='bbox 1047 3243 1184 3309; x_wconf 64' lang='lat' dir='ltr'><strong>Dacicum</strong></span> <span class='ocrx_word' id='word_1_443' title='bbox 1200 3244 1271 3300; x_wconf 88' lang='lat' dir='ltr'><strong>male</strong></span> <span class='ocrx_word' id='word_1_444' title='bbox 1285 3242 1402 3300; x_wconf 81' lang='lat' dir='ltr'><strong>Greven.</strong></span> <span class='ocrx_word' id='word_1_445' title='bbox 1419 3251 1448 3300; x_wconf 90' lang='lat' dir='ltr'><strong>ot</strong></span> <span class='ocrx_word' id='word_1_446' title='bbox 1458 3243 1573 3314; x_wconf 80' lang='lat' dir='ltr'><strong>liciam,</strong></span> <span class='ocrx_word' id='word_1_447' title='bbox 1588 3245 1646 3301; x_wconf 85' lang='lat' dir='ltr'><strong>De-</strong></span> 
     </span>
     <span class='ocr_line' id='line_1_38' title="bbox 96 3309 1644 3388; baseline 0.003 -20"><span class='ocrx_word' id='word_1_448' title='bbox 96 3309 148 3369; x_wconf 78' lang='lat' dir='ltr'><strong>&#39;m</strong></span> <span class='ocrx_word' id='word_1_449' title='bbox 163 3326 221 3369; x_wconf 89' lang='lat' dir='ltr'><strong>iiou</strong></span> <span class='ocrx_word' id='word_1_450' title='bbox 234 3315 280 3383; x_wconf 87' lang='lat' dir='ltr'><strong>sit,</strong></span> <span class='ocrx_word' id='word_1_451' title='bbox 296 3317 448 3388; x_wconf 77' lang='lat' dir='ltr'><strong>prasertim</strong></span> <span class='ocrx_word' id='word_1_452' title='bbox 463 3333 526 3373; x_wconf 92' lang='lat' dir='ltr'><strong>cum</strong></span> <span class='ocrx_word' id='word_1_453' title='bbox 541 3317 571 3373; x_wconf 93' lang='lat' dir='ltr'><strong>iii</strong></span> <span class='ocrx_word' id='word_1_454' title='bbox 584 3315 682 3373; x_wconf 84' lang='lat' dir='ltr'><strong>Adone</strong></span> <span class='ocrx_word' id='word_1_455' title='bbox 691 3314 790 3371; x_wconf 90' lang='lat' dir='ltr'><strong>dissei·</strong></span> <span class='ocrx_word' id='word_1_456' title='bbox 843 3313 931 3370; x_wconf 83' lang='lat' dir='ltr'><strong>eioco.</strong></span> <span class='ocrx_word' id='word_1_457' title='bbox 947 3314 979 3370; x_wconf 93' lang='lat' dir='ltr'><strong>ln</strong></span> <span class='ocrx_word' id='word_1_458' title='bbox 988 3314 1145 3387; x_wconf 90' lang='lat' dir='ltr'><strong>apographo</strong></span> <span class='ocrx_word' id='word_1_459' title='bbox 1156 3322 1251 3371; x_wconf 91' lang='lat' dir='ltr'><strong>nostro</strong></span> <span class='ocrx_word' id='word_1_460' title='bbox 1266 3314 1389 3371; x_wconf 87' lang='lat' dir='ltr'><strong>Pratensi</strong></span> <span class='ocrx_word' id='word_1_461' title='bbox 1405 3312 1456 3371; x_wconf 91' lang='lat' dir='ltr'><strong>sub</strong></span> <span class='ocrx_word' id='word_1_462' title='bbox 1469 3314 1553 3371; x_wconf 89' lang='lat' dir='ltr'><strong>linem</strong></span> <span class='ocrx_word' id='word_1_463' title='bbox 1566 3314 1644 3373; x_wconf 91' lang='lat' dir='ltr'><strong>addi·</strong></span> 
     </span>
     <span class='ocr_line' id='line_1_39' title="bbox 103 3384 1645 3465; baseline 0 -23"><span class='ocrx_word' id='word_1_464' title='bbox 103 3392 244 3465; x_wconf 48' lang='lat' dir='ltr'><strong>‚matun</strong></span> <span class='ocrx_word' id='word_1_465' title='bbox 271 3386 330 3459; x_wconf 79' lang='lat' dir='ltr'><strong>Ege</strong></span> <span class='ocrx_word' id='word_1_466' title='bbox 352 3396 424 3445; x_wconf 84' lang='lat' dir='ltr'><strong>certe</strong></span> <span class='ocrx_word' id='word_1_467' title='bbox 448 3387 572 3445; x_wconf 90' lang='lat' dir='ltr'><strong>Usnardo</strong></span> <span class='ocrx_word' id='word_1_468' title='bbox 599 3384 789 3445; x_wconf 79' lang='lat' dir='ltr'><strong>ascribentium</strong></span> <span class='ocrx_word' id='word_1_469' title='bbox 844 3391 890 3440; x_wconf 92' lang='lat' dir='ltr'><strong>tur</strong></span> <span class='ocrx_word' id='word_1_470' title='bbox 910 3385 996 3457; x_wconf 84' lang='lat' dir='ltr'><strong>:ipso</strong></span> <span class='ocrx_word' id='word_1_471' title='bbox 1008 3385 1059 3452; x_wconf 86' lang='lat' dir='ltr'><strong>dle,</strong></span> <span class='ocrx_word' id='word_1_472' title='bbox 1075 3385 1189 3441; x_wconf 81' lang='lat' dir='ltr'><strong>inventio</strong></span> <span class='ocrx_word' id='word_1_473' title='bbox 1204 3401 1250 3441; x_wconf 85' lang='lat' dir='ltr'><strong>seu</strong></span> <span class='ocrx_word' id='word_1_474' title='bbox 1265 3385 1407 3442; x_wconf 80' lang='lat' dir='ltr'><strong>translatio</strong></span> <span class='ocrx_word' id='word_1_475' title='bbox 1417 3385 1502 3441; x_wconf 83' lang='lat' dir='ltr'><strong>suncti</strong></span> <span class='ocrx_word' id='word_1_476' title='bbox 1516 3386 1645 3445; x_wconf 81' lang='lat' dir='ltr'><strong>Vincentir</strong></span> 
     </span>
     <span class='ocr_line' id='line_1_40' title="bbox 96 3453 1646 3528; baseline -0.002 -11"><span class='ocrx_word' id='word_1_477' title='bbox 96 3453 228 3517; x_wconf 68' lang='lat' dir='ltr'><strong>utinum</strong></span> <span class='ocrx_word' id='word_1_478' title='bbox 244 3455 383 3528; x_wconf 82' lang='lat' dir='ltr'><strong>haberem,</strong></span> <span class='ocrx_word' id='word_1_479' title='bbox 395 3461 417 3517; x_wconf 91' lang='lat' dir='ltr'><strong>si</strong></span> <span class='ocrx_word' id='word_1_480' title='bbox 433 3460 460 3515; x_wconf 92' lang='lat' dir='ltr'><strong>iii</strong></span> <span class='ocrx_word' id='word_1_481' title='bbox 472 3459 566 3517; x_wconf 89' lang='lat' dir='ltr'><strong>citatis</strong></span> <span class='ocrx_word' id='word_1_482' title='bbox 576 3457 718 3516; x_wconf 88' lang='lat' dir='ltr'><strong>codicibus</strong></span> <span class='ocrx_word' id='word_1_483' title='bbox 729 3455 790 3512; x_wconf 92' lang='lat' dir='ltr'><strong>uni·</strong></span> <span class='ocrx_word' id='word_1_484' title='bbox 844 3454 1123 3526; x_wconf 81' lang='lat' dir='ltr'><strong>Leoltuetmortgria.</strong></span> <span class='ocrx_word' id='word_1_485' title='bbox 1150 3456 1256 3513; x_wconf 88' lang='lat' dir='ltr'><strong>Verum</strong></span> <span class='ocrx_word' id='word_1_486' title='bbox 1278 3470 1395 3514; x_wconf 87' lang='lat' dir='ltr'><strong>cumea</strong></span> <span class='ocrx_word' id='word_1_487' title='bbox 1420 3455 1505 3513; x_wconf 85' lang='lat' dir='ltr'><strong>uerba</strong></span> <span class='ocrx_word' id='word_1_488' title='bbox 1534 3456 1646 3514; x_wconf 91' lang='lat' dir='ltr'><strong>lineolis</strong></span> 
     </span>
     <span class='ocr_line' id='line_1_41' title="bbox 96 3525 1645 3657; baseline 0.002 -74"><span class='ocrx_word' id='word_1_489' title='bbox 96 3536 291 3596; x_wconf 66' lang='lat' dir='ltr'><strong>mutaretur,</strong></span> <span class='ocrx_word' id='word_1_490' title='bbox 301 3526 790 3657; x_wconf 64' lang='lat' dir='ltr'><strong>quadebcientemliospraeferendos</strong></span> <span class='ocrx_word' id='word_1_491' title='bbox 843 3525 980 3609; x_wconf 76' lang='lat' dir='ltr'><strong>subelecta</strong></span> <span class='ocrx_word' id='word_1_492' title='bbox 992 3526 1059 3596; x_wconf 90' lang='lat' dir='ltr'><strong>sint,</strong></span> <span class='ocrx_word' id='word_1_493' title='bbox 1075 3542 1110 3583; x_wconf 86' lang='lat' dir='ltr'><strong>ex</strong></span> <span class='ocrx_word' id='word_1_494' title='bbox 1131 3526 1272 3584; x_wconf 88' lang='lat' dir='ltr'><strong>Siimondi</strong></span> <span class='ocrx_word' id='word_1_495' title='bbox 1292 3525 1502 3609; x_wconf 78' lang='lat' dir='ltr'><strong>praemonitione</strong></span> <span class='ocrx_word' id='word_1_496' title='bbox 1514 3535 1589 3603; x_wconf 84' lang='lat' dir='ltr'><strong>patet</strong></span> <span class='ocrx_word' id='word_1_497' title='bbox 1611 3544 1645 3586; x_wconf 84' lang='lat' dir='ltr'><strong>aa</strong></span> 
     </span>
     <span class='ocr_line' id='line_1_42' title="bbox 96 3596 1403 3675; baseline -0.001 -18"><span class='ocrx_word' id='word_1_498' title='bbox 96 3596 286 3675; x_wconf 75' lang='lat' dir='ltr'><strong>i=utitomm</strong></span> <span class='ocrx_word' id='word_1_499' title='bbox 320 3601 390 3658; x_wconf 81' lang='lat' dir='ltr'><strong>icam</strong></span> <span class='ocrx_word' id='word_1_500' title='bbox 406 3618 475 3659; x_wconf 82' lang='lat' dir='ltr'><strong>xxxi</strong></span> <span class='ocrx_word' id='word_1_501' title='bbox 489 3601 627 3661; x_wconf 87' lang='lat' dir='ltr'><strong>Octobris.</strong></span> <span class='ocrx_word' id='word_1_502' title='bbox 643 3599 790 3657; x_wconf 89' lang='lat' dir='ltr'><strong>lnblune-</strong></span> <span class='ocrx_word' id='word_1_503' title='bbox 844 3597 879 3655; x_wconf 87' lang='lat' dir='ltr'><strong>ad</strong></span> <span class='ocrx_word' id='word_1_504' title='bbox 891 3614 1042 3673; x_wconf 70' lang='lat' dir='ltr'><strong>morguam</strong></span> <span class='ocrx_word' id='word_1_505' title='bbox 1058 3598 1269 3657; x_wconf 80' lang='lat' dir='ltr'><strong>recentiusssse</strong></span> <span class='ocrx_word' id='word_1_506' title='bbox 1285 3598 1403 3672; x_wconf 72' lang='lat' dir='ltr'><strong>adiecta.</strong></span> 
     </span>
    </p>

    <p class='ocr_par' dir='ltr' id='par_1_8' title="bbox 96 3638 788 3748">
     <span class='ocr_line' id='line_1_43' title="bbox 96 3638 788 3748; baseline -0.001 -21"><span class='ocrx_word' id='word_1_507' title='bbox 96 3638 315 3743; x_wconf 66' lang='lat' dir='ltr'><strong>licestdbullc,</strong></span> <span class='ocrx_word' id='word_1_508' title='bbox 329 3675 419 3733; x_wconf 81' lang='lat' dir='ltr'><strong>caeteri</strong></span> <span class='ocrx_word' id='word_1_509' title='bbox 433 3674 533 3748; x_wconf 86' lang='lat' dir='ltr'><strong>passim</strong></span> <span class='ocrx_word' id='word_1_510' title='bbox 553 3673 654 3742; x_wconf 80' lang='lat' dir='ltr'><strong>dieto,</strong></span> <span class='ocrx_word' id='word_1_511' title='bbox 678 3669 788 3729; x_wconf 87' lang='lat' dir='ltr'><strong>tametsi</strong></span> 
     </span>
    </p>
   </div>
   <div class='ocr_carea' id='block_1_7' title="bbox 664 3778 1141 3866">
    <p class='ocr_par' dir='ltr' id='par_1_9' title="bbox 664 3778 1141 3866">
     <span class='ocr_line' id='line_1_44' title="bbox 664 3778 1141 3866; baseline 0.004 -29"><span class='ocrx_word' id='word_1_512' title='bbox 664 3778 969 3841; x_wconf 79' lang='lat' dir='ltr'><strong>ossenvirioitus.</strong></span> <span class='ocrx_word' id='word_1_513' title='bbox 1137 3858 1141 3866; x_wconf 27' lang='grc' dir='ltr'>Ι</span> 
     </span>
    </p>
   </div>
   <div class='ocr_carea' id='block_1_8' title="bbox 96 3875 1645 4579">
    <p class='ocr_par' dir='ltr' id='par_1_10' title="bbox 96 3875 1645 4579">
     <span class='ocr_line' id='line_1_45' title="bbox 96 3875 1645 3953; baseline 0.001 -18"><span class='ocrx_word' id='word_1_514' title='bbox 96 3875 266 3949; x_wconf 64' lang='lat' dir='ltr'><strong>mapinius</strong></span> <span class='ocrx_word' id='word_1_515' title='bbox 284 3878 412 3936; x_wconf 80' lang='lat' dir='ltr'><strong>Vincenlil</strong></span> <span class='ocrx_word' id='word_1_516' title='bbox 426 3880 539 3937; x_wconf 87' lang='lat' dir='ltr'><strong>nomine</strong></span> <span class='ocrx_word' id='word_1_517' title='bbox 552 3880 676 3937; x_wconf 88' lang='lat' dir='ltr'><strong>illustres</strong></span> <span class='ocrx_word' id='word_1_518' title='bbox 685 3879 788 3953; x_wconf 89' lang='lat' dir='ltr'><strong>passim</strong></span> <span class='ocrx_word' id='word_1_519' title='bbox 842 3878 932 3946; x_wconf 71' lang='lat' dir='ltr'><strong>mlole,</strong></span> <span class='ocrx_word' id='word_1_520' title='bbox 952 3880 1087 3951; x_wconf 65' lang='lat' dir='ltr'><strong>liumatii,</strong></span> <span class='ocrx_word' id='word_1_521' title='bbox 1104 3878 1241 3938; x_wconf 81' lang='lat' dir='ltr'><strong>Sobiuoeet</strong></span> <span class='ocrx_word' id='word_1_522' title='bbox 1252 3878 1391 3937; x_wconf 83' lang='lat' dir='ltr'><strong>Glristetei</strong></span> <span class='ocrx_word' id='word_1_523' title='bbox 1408 3883 1570 3952; x_wconf 74' lang='lat' dir='ltr'><strong>martyrum.</strong></span> <span class='ocrx_word' id='word_1_524' title='bbox 1582 3879 1645 3937; x_wconf 89' lang='lat' dir='ltr'><strong>Flo·</strong></span> 
     </span>
     <span class='ocr_line' id='line_1_46' title="bbox 96 3949 1644 4025; baseline 0.001 -20"><span class='ocrx_word' id='word_1_525' title='bbox 96 3955 290 4018; x_wconf 69' lang='lat' dir='ltr'><strong>manutenet</strong></span> <span class='ocrx_word' id='word_1_526' title='bbox 304 3950 573 4020; x_wconf 80' lang='lat' dir='ltr'><strong>iorlevinullus,de</strong></span> <span class='ocrx_word' id='word_1_527' title='bbox 587 3967 642 4025; x_wconf 92' lang='lat' dir='ltr'><strong>quo</strong></span> <span class='ocrx_word' id='word_1_528' title='bbox 659 3952 788 4024; x_wconf 84' lang='lat' dir='ltr'><strong>pauciora</strong></span> <span class='ocrx_word' id='word_1_529' title='bbox 842 3966 890 4008; x_wconf 88' lang='lat' dir='ltr'><strong>rus</strong></span> <span class='ocrx_word' id='word_1_530' title='bbox 903 3951 986 4009; x_wconf 88' lang='lat' dir='ltr'><strong>etiarn</strong></span> <span class='ocrx_word' id='word_1_531' title='bbox 1011 3968 1057 4009; x_wconf 88' lang='lat' dir='ltr'><strong>eos</strong></span> <span class='ocrx_word' id='word_1_532' title='bbox 1079 3951 1181 4009; x_wconf 88' lang='lat' dir='ltr'><strong>diserte</strong></span> <span class='ocrx_word' id='word_1_533' title='bbox 1202 3952 1346 4024; x_wconf 80' lang='lat' dir='ltr'><strong>consignat</strong></span> <span class='ocrx_word' id='word_1_534' title='bbox 1373 3950 1418 4008; x_wconf 90' lang='lat' dir='ltr'><strong>die</strong></span> <span class='ocrx_word' id='word_1_535' title='bbox 1443 3950 1569 4025; x_wconf 85' lang='lat' dir='ltr'><strong>sequenti</strong></span> <span class='ocrx_word' id='word_1_536' title='bbox 1599 3949 1644 4007; x_wconf 86' lang='lat' dir='ltr'><strong>liis</strong></span> 
     </span>
     <span class='ocr_line' id='line_1_47' title="bbox 96 4020 1644 4095; baseline 0.003 -20"><span class='ocrx_word' id='word_1_537' title='bbox 96 4032 125 4075; x_wconf 76' lang='lat' dir='ltr'><strong>us</strong></span> <span class='ocrx_word' id='word_1_538' title='bbox 165 4020 251 4077; x_wconf 90' lang='lat' dir='ltr'><strong>uuina</strong></span> <span class='ocrx_word' id='word_1_539' title='bbox 265 4029 373 4078; x_wconf 86' lang='lat' dir='ltr'><strong>exstent</strong></span> <span class='ocrx_word' id='word_1_540' title='bbox 389 4031 566 4079; x_wconf 89' lang='lat' dir='ltr'><strong>monumenta</strong></span> <span class='ocrx_word' id='word_1_541' title='bbox 579 4021 693 4095; x_wconf 90' lang='lat' dir='ltr'><strong>antiqua</strong></span> <span class='ocrx_word' id='word_1_542' title='bbox 704 4038 787 4095; x_wconf 88' lang='lat' dir='ltr'><strong>quam</strong></span> <span class='ocrx_word' id='word_1_543' title='bbox 842 4021 934 4079; x_wconf 82' lang='lat' dir='ltr'><strong>verbis</strong></span> <span class='ocrx_word' id='word_1_544' title='bbox 950 4040 956 4079; x_wconf 89' lang='lat'><strong>:</strong></span> <span class='ocrx_word' id='word_1_545' title='bbox 974 4024 1036 4095; x_wconf 87' lang='lat' dir='ltr'><strong>ipso</strong></span> <span class='ocrx_word' id='word_1_546' title='bbox 1045 4024 1096 4091; x_wconf 88' lang='lat' dir='ltr'><strong>dle,</strong></span> <span class='ocrx_word' id='word_1_547' title='bbox 1107 4023 1197 4094; x_wconf 83' lang='lat' dir='ltr'><strong>passio</strong></span> <span class='ocrx_word' id='word_1_548' title='bbox 1216 4028 1368 4079; x_wconf 79' lang='lat' dir='ltr'><strong>saeclorum</strong></span> <span class='ocrx_word' id='word_1_549' title='bbox 1387 4022 1525 4091; x_wconf 83' lang='lat' dir='ltr'><strong>Vincentli,</strong></span> <span class='ocrx_word' id='word_1_550' title='bbox 1537 4023 1644 4080; x_wconf 78' lang='lat' dir='ltr'><strong>smine</strong></span> 
     </span>
     <span class='ocr_line' id='line_1_48' title="bbox 157 4092 1639 4176; baseline 0.002 -29"><span class='ocrx_word' id='word_1_551' title='bbox 157 4092 246 4149; x_wconf 84' lang='lat' dir='ltr'><strong>utensi</strong></span> <span class='ocrx_word' id='word_1_552' title='bbox 261 4093 422 4175; x_wconf 88' lang='lat' dir='ltr'><strong>duabusque</strong></span> <span class='ocrx_word' id='word_1_553' title='bbox 443 4093 503 4176; x_wconf 82' lang='lat' dir='ltr'><strong>ejus</strong></span> <span class='ocrx_word' id='word_1_554' title='bbox 520 4094 662 4150; x_wconf 86' lang='lat' dir='ltr'><strong>sororibus</strong></span> <span class='ocrx_word' id='word_1_555' title='bbox 686 4093 788 4150; x_wconf 82' lang='lat' dir='ltr'><strong>Sabinu</strong></span> <span class='ocrx_word' id='word_1_556' title='bbox 839 4099 864 4148; x_wconf 85' lang='lat' dir='ltr'><strong>et</strong></span> <span class='ocrx_word' id='word_1_557' title='bbox 877 4093 1082 4175; x_wconf 64' lang='lat' dir='ltr'><strong>Christumque</strong></span> <span class='ocrx_word' id='word_1_558' title='bbox 1096 4095 1169 4160; x_wconf 80' lang='lat' dir='ltr'><strong>passi</strong></span> <span class='ocrx_word' id='word_1_559' title='bbox 1184 4101 1246 4148; x_wconf 82' lang='lat' dir='ltr'><strong>sunl</strong></span> <span class='ocrx_word' id='word_1_560' title='bbox 1260 4095 1289 4148; x_wconf 80' lang='lat' dir='ltr'><strong>ln</strong></span> <span class='ocrx_word' id='word_1_561' title='bbox 1303 4095 1367 4149; x_wconf 86' lang='lat' dir='ltr'><strong>urbe</strong></span> <span class='ocrx_word' id='word_1_562' title='bbox 1381 4093 1472 4150; x_wconf 82' lang='lat' dir='ltr'><strong>Anile.</strong></span> <span class='ocrx_word' id='word_1_563' title='bbox 1483 4094 1574 4166; x_wconf 83' lang='lat' dir='ltr'><strong>Flogli</strong></span> <span class='ocrx_word' id='word_1_564' title='bbox 1590 4109 1639 4150; x_wconf 89' lang='lat' dir='ltr'><strong>re-</strong></span> 
     </span>
     <span class='ocr_line' id='line_1_49' title="bbox 96 4158 1641 4247; baseline 0.002 -28"><span class='ocrx_word' id='word_1_565' title='bbox 96 4158 183 4243; x_wconf 61' lang='lat' dir='ltr'><strong>ipoet</strong></span> <span class='ocrx_word' id='word_1_566' title='bbox 198 4163 347 4232; x_wconf 69' lang='lat' dir='ltr'><strong>christete,</strong></span> <span class='ocrx_word' id='word_1_567' title='bbox 366 4182 407 4222; x_wconf 86' lang='lat' dir='ltr'><strong>sic</strong></span> <span class='ocrx_word' id='word_1_568' title='bbox 418 4182 493 4221; x_wconf 89' lang='lat' dir='ltr'><strong>enim</strong></span> <span class='ocrx_word' id='word_1_569' title='bbox 506 4164 615 4237; x_wconf 90' lang='lat' dir='ltr'><strong>etipsas</strong></span> <span class='ocrx_word' id='word_1_570' title='bbox 625 4164 785 4223; x_wconf 79' lang='lat' dir='ltr'><strong>vocatiiui-</strong></span> <span class='ocrx_word' id='word_1_571' title='bbox 839 4163 916 4247; x_wconf 84' lang='lat' dir='ltr'><strong>lique</strong></span> <span class='ocrx_word' id='word_1_572' title='bbox 934 4180 970 4222; x_wconf 83' lang='lat' dir='ltr'><strong>ex</strong></span> <span class='ocrx_word' id='word_1_573' title='bbox 991 4166 1074 4221; x_wconf 87' lang='lat' dir='ltr'><strong>solito</strong></span> <span class='ocrx_word' id='word_1_574' title='bbox 1087 4164 1233 4219; x_wconf 82' lang='lat' dir='ltr'><strong>Adoniano</strong></span> <span class='ocrx_word' id='word_1_575' title='bbox 1244 4164 1330 4231; x_wconf 90' lang='lat' dir='ltr'><strong>ionte,</strong></span> <span class='ocrx_word' id='word_1_576' title='bbox 1346 4164 1394 4220; x_wconf 88' lang='lat' dir='ltr'><strong>sed</strong></span> <span class='ocrx_word' id='word_1_577' title='bbox 1408 4165 1463 4243; x_wconf 79' lang='lat' dir='ltr'><strong>alia</strong></span> <span class='ocrx_word' id='word_1_578' title='bbox 1477 4164 1570 4236; x_wconf 84' lang='lat' dir='ltr'><strong>phrasi</strong></span> <span class='ocrx_word' id='word_1_579' title='bbox 1585 4181 1641 4221; x_wconf 85' lang='lat' dir='ltr'><strong>ox-</strong></span> 
     </span>
     <span class='ocr_line' id='line_1_50' title="bbox 105 4232 1639 4310; baseline 0.002 -20"><span class='ocrx_word' id='word_1_580' title='bbox 105 4240 182 4293; x_wconf 88' lang='lat' dir='ltr'><strong>inter</strong></span> <span class='ocrx_word' id='word_1_581' title='bbox 194 4234 306 4293; x_wconf 82' lang='lat' dir='ltr'><strong>Sincera</strong></span> <span class='ocrx_word' id='word_1_582' title='bbox 319 4244 346 4292; x_wconf 90' lang='lat' dir='ltr'><strong>et</strong></span> <span class='ocrx_word' id='word_1_583' title='bbox 359 4236 463 4293; x_wconf 88' lang='lat' dir='ltr'><strong>Selecta</strong></span> <span class='ocrx_word' id='word_1_584' title='bbox 477 4253 537 4309; x_wconf 89' lang='lat' dir='ltr'><strong>pag.</strong></span> <span class='ocrx_word' id='word_1_585' title='bbox 558 4236 621 4303; x_wconf 74' lang='lat' dir='ltr'><strong>aab,</strong></span> <span class='ocrx_word' id='word_1_586' title='bbox 642 4236 689 4310; x_wconf 91' lang='lat' dir='ltr'><strong>qui</strong></span> <span class='ocrx_word' id='word_1_587' title='bbox 714 4236 784 4294; x_wconf 80' lang='lat' dir='ltr'><strong>forte</strong></span> <span class='ocrx_word' id='word_1_588' title='bbox 839 4244 1007 4306; x_wconf 83' lang='lat' dir='ltr'><strong>primuntur.</strong></span> <span class='ocrx_word' id='word_1_589' title='bbox 1026 4233 1105 4290; x_wconf 82' lang='lat' dir='ltr'><strong>Adde</strong></span> <span class='ocrx_word' id='word_1_590' title='bbox 1121 4232 1372 4300; x_wconf 69' lang='lat' dir='ltr'><strong>wandalbertum,</strong></span> <span class='ocrx_word' id='word_1_591' title='bbox 1388 4250 1470 4304; x_wconf 73' lang='lat' dir='ltr'><strong>cujus</strong></span> <span class='ocrx_word' id='word_1_592' title='bbox 1492 4235 1639 4294; x_wconf 88' lang='lat' dir='ltr'><strong>metricum</strong></span> 
     </span>
     <span class='ocr_line' id='line_1_51' title="bbox 96 4302 1189 4380; baseline -0.005 -17"><span class='ocrx_word' id='word_1_593' title='bbox 96 4302 151 4375; x_wconf 86' lang='lat' dir='ltr'><strong>dil,</strong></span> <span class='ocrx_word' id='word_1_594' title='bbox 165 4307 259 4379; x_wconf 81' lang='lat' dir='ltr'><strong>qualia</strong></span> <span class='ocrx_word' id='word_1_595' title='bbox 274 4324 355 4379; x_wconf 87' lang='lat' dir='ltr'><strong>peiies</strong></span> <span class='ocrx_word' id='word_1_596' title='bbox 368 4325 419 4364; x_wconf 89' lang='lat' dir='ltr'><strong>nos</strong></span> <span class='ocrx_word' id='word_1_597' title='bbox 433 4317 498 4365; x_wconf 90' lang='lat' dir='ltr'><strong>suut</strong></span> <span class='ocrx_word' id='word_1_598' title='bbox 516 4306 728 4380; x_wconf 87' lang='lat' dir='ltr'><strong>aPapebruchio</strong></span> <span class='ocrx_word' id='word_1_599' title='bbox 738 4307 783 4364; x_wconf 92' lang='lat' dir='ltr'><strong>de·</strong></span> <span class='ocrx_word' id='word_1_600' title='bbox 838 4307 959 4378; x_wconf 91' lang='lat' dir='ltr'><strong>elogium</strong></span> <span class='ocrx_word' id='word_1_601' title='bbox 973 4305 1027 4378; x_wconf 92' lang='lat' dir='ltr'><strong>legi</strong></span> <span class='ocrx_word' id='word_1_602' title='bbox 1042 4312 1164 4361; x_wconf 87' lang='lat' dir='ltr'><strong>meretur</strong></span> <span class='ocrx_word' id='word_1_603' title='bbox 1183 4321 1189 4359; x_wconf 92' lang='lat'>:</span> 
     </span>
     <span class='ocr_line' id='line_1_52' title="bbox 96 4378 782 4579; baseline -0.001 -144"><span class='ocrx_word' id='word_1_604' title='bbox 96 4385 306 4579; x_wconf 44' lang='lat' dir='ltr'><strong>womaro</strong></span> <span class='ocrx_word' id='word_1_605' title='bbox 318 4380 413 4438; x_wconf 86' lang='lat' dir='ltr'><strong>codice</strong></span> <span class='ocrx_word' id='word_1_606' title='bbox 427 4382 461 4437; x_wconf 80' lang='lat' dir='ltr'><strong>ll.</strong></span> <span class='ocrx_word' id='word_1_607' title='bbox 478 4379 611 4438; x_wconf 86' lang='lat' dir='ltr'><strong>Canonici</strong></span> <span class='ocrx_word' id='word_1_608' title='bbox 627 4378 691 4451; x_wconf 84' lang='lat' dir='ltr'><strong>loly</strong></span> <span class='ocrx_word' id='word_1_609' title='bbox 709 4378 782 4434; x_wconf 90' lang='lat' dir='ltr'><strong>Pari-</strong></span> 
     </span>
    </p>
   </div>
   <div class='ocr_carea' id='block_1_9' title="bbox 140 4414 1607 4596">
    <p class='ocr_par' dir='ltr' id='par_1_11' title="bbox 140 4414 1607 4596">
     <span class='ocr_line' id='line_1_53' title="bbox 140 4414 1607 4596; baseline -0.031 -27"><span class='ocrx_word' id='word_1_610' title='bbox 140 4448 819 4596; x_wconf 61' lang='lat' dir='ltr'><strong>&#39;,melpgqugpgggggg,</strong></span> <span class='ocrx_word' id='word_1_611' title='bbox 897 4420 1246 4546; x_wconf 64' lang='lat' dir='ltr'><strong>lateranense</strong></span> <span class='ocrx_word' id='word_1_612' title='bbox 1266 4414 1607 4543; x_wconf 68' lang='lat' dir='ltr'><strong>nieles-mima,</strong></span> 
     </span>
    </p>
   </div>
   <div class='ocr_carea' id='block_1_10' title="bbox 96 4582 1638 5248">
    <p class='ocr_par' dir='ltr' id='par_1_12' title="bbox 96 4582 1638 5248">
     <span class='ocr_line' id='line_1_54' title="bbox 96 4582 1635 4670; baseline -0.004 -21"><span class='ocrx_word' id='word_1_613' title='bbox 96 4590 185 4651; x_wconf 65' lang='lat' dir='ltr'><strong>dubio</strong></span> <span class='ocrx_word' id='word_1_614' title='bbox 200 4610 256 4650; x_wconf 89' lang='lat' dir='ltr'><strong>non</strong></span> <span class='ocrx_word' id='word_1_615' title='bbox 267 4594 494 4666; x_wconf 78' lang='lat' dir='ltr'><strong>praetermisisset.</strong></span> <span class='ocrx_word' id='word_1_616' title='bbox 511 4592 646 4653; x_wconf 77' lang='lat' dir='ltr'><strong>Craterum</strong></span> <span class='ocrx_word' id='word_1_617' title='bbox 661 4591 720 4649; x_wconf 78' lang='lat' dir='ltr'><strong>baec</strong></span> <span class='ocrx_word' id='word_1_618' title='bbox 735 4601 783 4649; x_wconf 91' lang='lat' dir='ltr'><strong>ant</strong></span> <span class='ocrx_word' id='word_1_619' title='bbox 877 4590 1008 4665; x_wconf 83' lang='lat' dir='ltr'><strong>Sequitur</strong></span> <span class='ocrx_word' id='word_1_620' title='bbox 1020 4589 1050 4646; x_wconf 92' lang='lat' dir='ltr'><strong>iii</strong></span> <span class='ocrx_word' id='word_1_621' title='bbox 1059 4588 1179 4670; x_wconf 31' lang='lat' dir='ltr'><strong>Adonea:</strong></span> <span class='ocrx_word' id='word_1_622' title='bbox 1192 4582 1423 4667; x_wconf 23' lang='lat' dir='ltr'><strong>Fodemtdieepud</strong></span> <span class='ocrx_word' id='word_1_623' title='bbox 1435 4585 1499 4668; x_wconf 69' lang='lat' dir='ltr'><strong>Fplq</strong></span> <span class='ocrx_word' id='word_1_624' title='bbox 1508 4591 1635 4657; x_wconf 81' lang='lat' dir='ltr'><strong>cestrum,</strong></span> 
     </span>
     <span class='ocr_line' id='line_1_55' title="bbox 96 4655 1637 4739; baseline -0.005 -16"><span class='ocrx_word' id='word_1_625' title='bbox 96 4660 199 4723; x_wconf 76' lang='lat' dir='ltr'><strong>insiluit</strong></span> <span class='ocrx_word' id='word_1_626' title='bbox 207 4666 407 4739; x_wconf 85' lang='lat' dir='ltr'><strong>biartymlogus</strong></span> <span class='ocrx_word' id='word_1_627' title='bbox 417 4663 784 4736; x_wconf 87' lang='lat' dir='ltr'><strong>Viennensis,cumelogium</strong></span> <span class='ocrx_word' id='word_1_628' title='bbox 841 4665 931 4720; x_wconf 83' lang='lat' dir='ltr'><strong>nutele</strong></span> <span class='ocrx_word' id='word_1_629' title='bbox 944 4663 1028 4718; x_wconf 83' lang='lat' dir='ltr'><strong>suncti</strong></span> <span class='ocrx_word' id='word_1_630' title='bbox 1041 4662 1173 4718; x_wconf 73' lang='lat' dir='ltr'><strong>Florentes</strong></span> <span class='ocrx_word' id='word_1_631' title='bbox 1185 4664 1313 4729; x_wconf 74' lang='lat' dir='ltr'><strong>martyres</strong></span> <span class='ocrx_word' id='word_1_632' title='bbox 1324 4674 1334 4722; x_wconf 90' lang='lat'><em>;</em></span> <span class='ocrx_word' id='word_1_633' title='bbox 1347 4664 1375 4713; x_wconf 85' lang='lat' dir='ltr'><strong>ct</strong></span> <span class='ocrx_word' id='word_1_634' title='bbox 1385 4655 1565 4714; x_wconf 84' lang='lat' dir='ltr'><strong>haectotrdem</strong></span> <span class='ocrx_word' id='word_1_635' title='bbox 1576 4675 1637 4717; x_wconf 90' lang='lat' dir='ltr'><strong>ver·</strong></span> 
     </span>
     <span class='ocr_line' id='line_1_56' title="bbox 96 4729 1638 4809; baseline -0.003 -16"><span class='ocrx_word' id='word_1_636' title='bbox 96 4734 271 4809; x_wconf 64' lang='lat' dir='ltr'><strong>brompton</strong></span> <span class='ocrx_word' id='word_1_637' title='bbox 284 4737 419 4807; x_wconf 89' lang='lat' dir='ltr'><strong>videatur,</strong></span> <span class='ocrx_word' id='word_1_638' title='bbox 449 4736 641 4795; x_wconf 88' lang='lat' dir='ltr'><strong>uodPetrusiu</strong></span> <span class='ocrx_word' id='word_1_639' title='bbox 656 4737 784 4808; x_wconf 86' lang='lat' dir='ltr'><strong>Catalogo</strong></span> <span class='ocrx_word' id='word_1_640' title='bbox 841 4733 883 4791; x_wconf 91' lang='lat' dir='ltr'><strong>bis</strong></span> <span class='ocrx_word' id='word_1_641' title='bbox 906 4735 936 4790; x_wconf 94' lang='lat' dir='ltr'><strong>iii</strong></span> <span class='ocrx_word' id='word_1_642' title='bbox 955 4733 1118 4790; x_wconf 87' lang='lat' dir='ltr'><strong>laterculum</strong></span> <span class='ocrx_word' id='word_1_643' title='bbox 1132 4739 1257 4788; x_wconf 91' lang='lat' dir='ltr'><strong>nostrum</strong></span> <span class='ocrx_word' id='word_1_644' title='bbox 1272 4729 1404 4786; x_wconf 88' lang='lat' dir='ltr'><strong>translata</strong></span> <span class='ocrx_word' id='word_1_645' title='bbox 1432 4736 1507 4798; x_wconf 90' lang='lat' dir='ltr'><strong>sunt,</strong></span> <span class='ocrx_word' id='word_1_646' title='bbox 1533 4739 1638 4788; x_wconf 89' lang='lat' dir='ltr'><strong>mutato</strong></span> 
     </span>
     <span class='ocr_line' id='line_1_57' title="bbox 96 4755 1638 4889; baseline -0.001 -26"><span class='ocrx_word' id='word_1_647' title='bbox 96 4805 353 4880; x_wconf 78' lang='lat' dir='ltr'><strong>libdl,cap.lli,ubi</strong></span> <span class='ocrx_word' id='word_1_648' title='bbox 367 4827 415 4882; x_wconf 89' lang='lat' dir='ltr'><strong>pro</strong></span> <span class='ocrx_word' id='word_1_649' title='bbox 428 4755 558 4866; x_wconf 58' lang='lat' dir='ltr'><strong>glrlstela</strong></span> <span class='ocrx_word' id='word_1_650' title='bbox 568 4808 665 4865; x_wconf 88' lang='lat' dir='ltr'><strong>scribit</strong></span> <span class='ocrx_word' id='word_1_651' title='bbox 673 4807 784 4889; x_wconf 73' lang='lat' dir='ltr'><strong>Christi·</strong></span> <span class='ocrx_word' id='word_1_652' title='bbox 845 4804 945 4888; x_wconf 79' lang='lat' dir='ltr'><strong>Fglein</strong></span> <span class='ocrx_word' id='word_1_653' title='bbox 959 4805 1025 4863; x_wconf 82' lang='lat' dir='ltr'><strong>File.</strong></span> <span class='ocrx_word' id='word_1_654' title='bbox 1048 4804 1100 4862; x_wconf 87' lang='lat' dir='ltr'><strong>Est</strong></span> <span class='ocrx_word' id='word_1_655' title='bbox 1111 4803 1183 4877; x_wconf 92' lang='lat' dir='ltr'><strong>apud</strong></span> <span class='ocrx_word' id='word_1_656' title='bbox 1197 4802 1322 4885; x_wconf 76' lang='lat' dir='ltr'><strong>¹Adonem</strong></span> <span class='ocrx_word' id='word_1_657' title='bbox 1333 4800 1474 4885; x_wconf 62' lang='lat' dir='ltr'><strong>liosandri</strong></span> <span class='ocrx_word' id='word_1_658' title='bbox 1485 4802 1638 4861; x_wconf 81' lang='lat' dir='ltr'><strong>Florentius</strong></span> 
     </span>
     <span class='ocr_line' id='line_1_58' title="bbox 96 4875 1635 4955; baseline -0.003 -19"><span class='ocrx_word' id='word_1_659' title='bbox 96 4876 271 4955; x_wconf 71' lang='lat' dir='ltr'><strong>tiquetptuin</strong></span> <span class='ocrx_word' id='word_1_660' title='bbox 282 4881 784 4952; x_wconf 84' lang='lat' dir='ltr'><strong>Nestoretiauitransumpsit,mutalis</strong></span> <span class='ocrx_word' id='word_1_661' title='bbox 840 4878 911 4935; x_wconf 85' lang='lat' dir='ltr'><strong>allus</strong></span> <span class='ocrx_word' id='word_1_662' title='bbox 920 4877 1070 4947; x_wconf 69' lang='lat' dir='ltr'><strong>confessor,</strong></span> <span class='ocrx_word' id='word_1_663' title='bbox 1081 4876 1115 4932; x_wconf 88' lang='lat' dir='ltr'><strong>de</strong></span> <span class='ocrx_word' id='word_1_664' title='bbox 1131 4892 1186 4950; x_wconf 92' lang='lat' dir='ltr'><strong>quo</strong></span> <span class='ocrx_word' id='word_1_665' title='bbox 1196 4891 1225 4931; x_wconf 92' lang='lat' dir='ltr'><strong>1n</strong></span> <span class='ocrx_word' id='word_1_666' title='bbox 1240 4875 1380 4931; x_wconf 86' lang='lat' dir='ltr'><strong>Auctarns</strong></span> <span class='ocrx_word' id='word_1_667' title='bbox 1395 4875 1635 4946; x_wconf 87' lang='lat' dir='ltr'><strong>pluraiecurient.</strong></span> 
     </span>
     <span class='ocr_line' id='line_1_59' title="bbox 96 4944 1631 5027; baseline -0.005 -20"><span class='ocrx_word' id='word_1_668' title='bbox 96 4949 294 5009; x_wconf 76' lang='lat' dir='ltr'><strong>ionibusdbelc</strong></span> <span class='ocrx_word' id='word_1_669' title='bbox 311 4953 340 5009; x_wconf 90' lang='lat' dir='ltr'><strong>iii</strong></span> <span class='ocrx_word' id='word_1_670' title='bbox 357 4951 599 5020; x_wconf 74' lang='lat' dir='ltr'><strong>dium,Cbrlsteles</strong></span> <span class='ocrx_word' id='word_1_671' title='bbox 616 4952 646 5009; x_wconf 90' lang='lat' dir='ltr'><strong>in</strong></span> <span class='ocrx_word' id='word_1_672' title='bbox 662 4952 784 5009; x_wconf 83' lang='lat' dir='ltr'><strong>Gbrlste-</strong></span> <span class='ocrx_word' id='word_1_673' title='bbox 840 4950 912 5006; x_wconf 84' lang='lat' dir='ltr'><strong>[lum</strong></span> <span class='ocrx_word' id='word_1_674' title='bbox 927 4957 1017 5007; x_wconf 88' lang='lat' dir='ltr'><strong>autem</strong></span> <span class='ocrx_word' id='word_1_675' title='bbox 1034 4957 1060 5005; x_wconf 90' lang='lat' dir='ltr'><strong>et</strong></span> <span class='ocrx_word' id='word_1_676' title='bbox 1074 4944 1574 5027; x_wconf 73' lang='lat' dir='ltr'><strong>HieronymianaFlorecctisalicujus</strong></span> <span class='ocrx_word' id='word_1_677' title='bbox 1588 4944 1631 5000; x_wconf 88' lang='lat' dir='ltr'><strong>vol</strong></span> 
     </span>
     <span class='ocr_line' id='line_1_60' title="bbox 96 5017 1634 5103; baseline -0.007 -23"><span class='ocrx_word' id='word_1_678' title='bbox 96 5022 220 5095; x_wconf 57' lang='lat' dir='ltr'><strong>monile</strong></span> <span class='ocrx_word' id='word_1_679' title='bbox 233 5024 264 5079; x_wconf 93' lang='lat' dir='ltr'><strong>in</strong></span> <span class='ocrx_word' id='word_1_680' title='bbox 278 5025 453 5095; x_wconf 82' lang='lat' dir='ltr'><strong>superposito.</strong></span> <span class='ocrx_word' id='word_1_681' title='bbox 470 5025 509 5080; x_wconf 88' lang='lat' dir='ltr'><strong>De</strong></span> <span class='ocrx_word' id='word_1_682' title='bbox 523 5023 600 5080; x_wconf 79' lang='lat' dir='ltr'><strong>Actis</strong></span> <span class='ocrx_word' id='word_1_683' title='bbox 622 5022 689 5103; x_wconf 85' lang='lat' dir='ltr'><strong>ipsis</strong></span> <span class='ocrx_word' id='word_1_684' title='bbox 715 5022 783 5095; x_wconf 91' lang='lat' dir='ltr'><strong>quid</strong></span> <span class='ocrx_word' id='word_1_685' title='bbox 840 5021 970 5077; x_wconf 82' lang='lat' dir='ltr'><strong>Florentii</strong></span> <span class='ocrx_word' id='word_1_686' title='bbox 987 5021 1146 5089; x_wconf 88' lang='lat' dir='ltr'><strong>meminero,</strong></span> <span class='ocrx_word' id='word_1_687' title='bbox 1157 5017 1224 5093; x_wconf 92' lang='lat' dir='ltr'><strong>quid</strong></span> <span class='ocrx_word' id='word_1_688' title='bbox 1239 5017 1328 5074; x_wconf 84' lang='lat' dir='ltr'><strong>velint</strong></span> <span class='ocrx_word' id='word_1_689' title='bbox 1342 5032 1398 5098; x_wconf 82' lang='lat' dir='ltr'><strong>non</strong></span> <span class='ocrx_word' id='word_1_690' title='bbox 1408 5023 1474 5097; x_wconf 80' lang='lat' dir='ltr'><strong>satis</strong></span> <span class='ocrx_word' id='word_1_691' title='bbox 1483 5017 1634 5086; x_wconf 83' lang='lat' dir='ltr'><strong>explicant.</strong></span> 
     </span>
     <span class='ocr_line' id='line_1_61' title="bbox 96 5082 1633 5170; baseline -0.008 -20"><span class='ocrx_word' id='word_1_692' title='bbox 96 5093 150 5151; x_wconf 84' lang='lat' dir='ltr'><strong>usi</strong></span> <span class='ocrx_word' id='word_1_693' title='bbox 162 5111 207 5151; x_wconf 84' lang='lat' dir='ltr'><strong>me</strong></span> <span class='ocrx_word' id='word_1_694' title='bbox 229 5112 317 5166; x_wconf 88' lang='lat' dir='ltr'><strong>rogas,</strong></span> <span class='ocrx_word' id='word_1_695' title='bbox 334 5098 407 5151; x_wconf 89' lang='lat' dir='ltr'><strong>malo</strong></span> <span class='ocrx_word' id='word_1_696' title='bbox 417 5094 554 5167; x_wconf 89' lang='lat' dir='ltr'><strong>judicium</strong></span> <span class='ocrx_word' id='word_1_697' title='bbox 571 5101 703 5166; x_wconf 81' lang='lat' dir='ltr'><strong>tantisper</strong></span> <span class='ocrx_word' id='word_1_698' title='bbox 717 5110 783 5150; x_wconf 88' lang='lat' dir='ltr'><strong>sus·</strong></span> <span class='ocrx_word' id='word_1_699' title='bbox 838 5091 937 5159; x_wconf 83' lang='lat' dir='ltr'><strong>Quaero</strong></span> <span class='ocrx_word' id='word_1_700' title='bbox 948 5092 997 5167; x_wconf 91' lang='lat' dir='ltr'><strong>qui</strong></span> <span class='ocrx_word' id='word_1_701' title='bbox 1011 5093 1040 5148; x_wconf 92' lang='lat' dir='ltr'><strong>in</strong></span> <span class='ocrx_word' id='word_1_702' title='bbox 1055 5091 1099 5148; x_wconf 88' lang='lat' dir='ltr'><strong>liis</strong></span> <span class='ocrx_word' id='word_1_703' title='bbox 1112 5089 1234 5170; x_wconf 79' lang='lat' dir='ltr'><strong>tenebris</strong></span> <span class='ocrx_word' id='word_1_704' title='bbox 1253 5088 1331 5169; x_wconf 34' lang='lat' dir='ltr'><strong>lucis·</strong></span> <span class='ocrx_word' id='word_1_705' title='bbox 1350 5086 1457 5158; x_wconf 88' lang='lat' dir='ltr'><strong>aliquid</strong></span> <span class='ocrx_word' id='word_1_706' title='bbox 1478 5082 1633 5164; x_wconf 76' lang='lat' dir='ltr'><strong>adundant,</strong></span> 
     </span>
     <span class='ocr_line' id='line_1_62' title="bbox 96 5154 1635 5248; baseline -0.006 -27"><span class='ocrx_word' id='word_1_707' title='bbox 96 5180 217 5248; x_wconf 63' lang='lat' dir='ltr'><strong>nquam</strong></span> <span class='ocrx_word' id='word_1_708' title='bbox 239 5167 389 5239; x_wconf 88' lang='lat' dir='ltr'><strong>quidquam</strong></span> <span class='ocrx_word' id='word_1_709' title='bbox 403 5176 505 5223; x_wconf 88' lang='lat' dir='ltr'><strong>temere</strong></span> <span class='ocrx_word' id='word_1_710' title='bbox 519 5164 646 5233; x_wconf 87' lang='lat' dir='ltr'><strong>delinire,</strong></span> <span class='ocrx_word' id='word_1_711' title='bbox 672 5165 781 5219; x_wconf 86' lang='lat' dir='ltr'><strong>tametsi</strong></span> <span class='ocrx_word' id='word_1_712' title='bbox 837 5163 886 5220; x_wconf 88' lang='lat' dir='ltr'><strong>sed</strong></span> <span class='ocrx_word' id='word_1_713' title='bbox 901 5164 1032 5221; x_wconf 89' lang='lat' dir='ltr'><strong>hactenus</strong></span> <span class='ocrx_word' id='word_1_714' title='bbox 1055 5178 1111 5218; x_wconf 91' lang='lat' dir='ltr'><strong>non</strong></span> <span class='ocrx_word' id='word_1_715' title='bbox 1129 5163 1252 5224; x_wconf 89' lang='lat' dir='ltr'><strong>invenio,</strong></span> <span class='ocrx_word' id='word_1_716' title='bbox 1279 5174 1332 5213; x_wconf 92' lang='lat' dir='ltr'><strong>nisi</strong></span> <span class='ocrx_word' id='word_1_717' title='bbox 1349 5157 1515 5227; x_wconf 79' lang='lat' dir='ltr'><strong>Sanssayum</strong></span> <span class='ocrx_word' id='word_1_718' title='bbox 1538 5154 1635 5211; x_wconf 75' lang='lat' dir='ltr'><strong>audrie</strong></span> 
     </span>
    </p>
   </div>
   <div class='ocr_carea' id='block_1_11' title="bbox 96 5227 1633 5358">
    <p class='ocr_par' dir='ltr' id='par_1_13' title="bbox 96 5227 1633 5358">
     <span class='ocr_line' id='line_1_63' title="bbox 96 5227 1633 5358; baseline -0.008 -66"><span class='ocrx_word' id='word_1_719' title='bbox 96 5244 151 5293; x_wconf 83' lang='lat' dir='ltr'><strong>ntia</strong></span> <span class='ocrx_word' id='word_1_720' title='bbox 174 5247 321 5294; x_wconf 89' lang='lat' dir='ltr'><strong>occurrant</strong></span> <span class='ocrx_word' id='word_1_721' title='bbox 336 5238 452 5309; x_wconf 84' lang='lat' dir='ltr'><strong>vestigia</strong></span> <span class='ocrx_word' id='word_1_722' title='bbox 470 5254 529 5311; x_wconf 83' lang='lat' dir='ltr'><strong>quae</strong></span> <span class='ocrx_word' id='word_1_723' title='bbox 549 5237 615 5294; x_wconf 86' lang='lat' dir='ltr'><strong>satis</strong></span> <span class='ocrx_word' id='word_1_724' title='bbox 633 5234 781 5291; x_wconf 89' lang='lat' dir='ltr'><strong>ostendant</strong></span> <span class='ocrx_word' id='word_1_725' title='bbox 838 5234 966 5302; x_wconf 78' lang='lat' dir='ltr'><strong>velimus,</strong></span> <span class='ocrx_word' id='word_1_726' title='bbox 982 5234 1085 5300; x_wconf 88' lang='lat' dir='ltr'><strong>locum,</strong></span> <span class='ocrx_word' id='word_1_727' title='bbox 1101 5241 1220 5358; x_wconf 50' lang='lat' dir='ltr'><strong>temssim&#39;</strong></span> <span class='ocrx_word' id='word_1_728' title='bbox 1237 5227 1364 5300; x_wconf 88' lang='lat' dir='ltr'><strong>martyrii</strong></span> <span class='ocrx_word' id='word_1_729' title='bbox 1379 5241 1474 5298; x_wconf 90' lang='lat' dir='ltr'><strong>genus,</strong></span> <span class='ocrx_word' id='word_1_730' title='bbox 1487 5232 1552 5293; x_wconf 77' lang='lat' dir='ltr'><strong>eto,</strong></span> <span class='ocrx_word' id='word_1_731' title='bbox 1568 5240 1633 5281; x_wconf 87' lang='lat' dir='ltr'><strong>me-</strong></span> 
     </span>
    </p>
   </div>
   <div class='ocr_carea' id='block_1_12' title="bbox 96 5296 1635 5866">
    <p class='ocr_par' dir='ltr' id='par_1_14' title="bbox 96 5296 1635 5866">
     <span class='ocr_line' id='line_1_64' title="bbox 96 5296 1635 5425; baseline -0.007 -60"><span class='ocrx_word' id='word_1_732' title='bbox 96 5308 487 5366; x_wconf 77' lang='lat' dir='ltr'><strong>umdotorumiinitalionein</strong></span> <span class='ocrx_word' id='word_1_733' title='bbox 498 5310 603 5381; x_wconf 91' lang='lat' dir='ltr'><strong>aliquot</strong></span> <span class='ocrx_word' id='word_1_734' title='bbox 612 5314 674 5380; x_wconf 88' lang='lat' dir='ltr'><strong>post</strong></span> <span class='ocrx_word' id='word_1_735' title='bbox 685 5323 781 5363; x_wconf 90' lang='lat' dir='ltr'><strong>eorum</strong></span> <span class='ocrx_word' id='word_1_736' title='bbox 838 5305 952 5360; x_wconf 87' lang='lat' dir='ltr'><strong>moriter</strong></span> <span class='ocrx_word' id='word_1_737' title='bbox 966 5303 1136 5360; x_wconf 89' lang='lat' dir='ltr'><strong>recitantem.</strong></span> <span class='ocrx_word' id='word_1_738' title='bbox 1177 5317 1207 5357; x_wconf 89' lang='lat' dir='ltr'><strong>ec</strong></span> <span class='ocrx_word' id='word_1_739' title='bbox 1223 5299 1380 5425; x_wconf 68' lang='lat' dir='ltr'><strong>dquirlquam</strong></span> <span class='ocrx_word' id='word_1_740' title='bbox 1395 5296 1490 5375; x_wconf 74' lang='lat' dir='ltr'><strong>solidae</strong></span> <span class='ocrx_word' id='word_1_741' title='bbox 1507 5296 1635 5368; x_wconf 82' lang='lat' dir='ltr'><strong>explica-</strong></span> 
     </span>
     <span class='ocr_line' id='line_1_65' title="bbox 96 5372 1634 5499; baseline -0.007 -62"><span class='ocrx_word' id='word_1_742' title='bbox 96 5394 140 5437; x_wconf 88' lang='lat' dir='ltr'><strong>em</strong></span> <span class='ocrx_word' id='word_1_743' title='bbox 155 5381 263 5438; x_wconf 73' lang='lat' dir='ltr'><strong>seculis</strong></span> <span class='ocrx_word' id='word_1_744' title='bbox 287 5382 419 5439; x_wconf 82' lang='lat' dir='ltr'><strong>fabricata</strong></span> <span class='ocrx_word' id='word_1_745' title='bbox 444 5389 493 5438; x_wconf 90' lang='lat' dir='ltr'><strong>aut</strong></span> <span class='ocrx_word' id='word_1_746' title='bbox 511 5381 606 5437; x_wconf 89' lang='lat' dir='ltr'><strong>saltoni</strong></span> <span class='ocrx_word' id='word_1_747' title='bbox 630 5384 779 5446; x_wconf 81' lang='lat' dir='ltr'><strong>exornata;</strong></span> <span class='ocrx_word' id='word_1_748' title='bbox 838 5376 922 5432; x_wconf 91' lang='lat' dir='ltr'><strong>tionis</strong></span> <span class='ocrx_word' id='word_1_749' title='bbox 944 5372 1062 5455; x_wconf 83' lang='lat' dir='ltr'><strong>aliemnt</strong></span> <span class='ocrx_word' id='word_1_750' title='bbox 1085 5388 1145 5499; x_wconf 75' lang='lat' dir='ltr'><strong>qua</strong></span> <span class='ocrx_word' id='word_1_751' title='bbox 1168 5387 1221 5443; x_wconf 88' lang='lat' dir='ltr'><strong>apn</strong></span> <span class='ocrx_word' id='word_1_752' title='bbox 1263 5385 1314 5426; x_wconf 92' lang='lat' dir='ltr'><strong>nos</strong></span> <span class='ocrx_word' id='word_1_753' title='bbox 1340 5384 1388 5440; x_wconf 85' lang='lat' dir='ltr'><strong>per</strong></span> <span class='ocrx_word' id='word_1_754' title='bbox 1409 5375 1634 5451; x_wconf 27' lang='lat' dir='ltr'><strong>coniecturamla</strong></span> 
     </span>
     <span class='ocr_line' id='line_1_66' title="bbox 110 5437 1634 5529; baseline -0.007 -20"><span class='ocrx_word' id='word_1_755' title='bbox 110 5450 250 5524; x_wconf 77' lang='lat' dir='ltr'><strong>Temayus</strong></span> <span class='ocrx_word' id='word_1_756' title='bbox 265 5453 299 5509; x_wconf 92' lang='lat' dir='ltr'><strong>de</strong></span> <span class='ocrx_word' id='word_1_757' title='bbox 316 5454 434 5521; x_wconf 83' lang='lat' dir='ltr'><strong>Salamr,</strong></span> <span class='ocrx_word' id='word_1_758' title='bbox 450 5462 546 5510; x_wconf 79' lang='lat' dir='ltr'><strong>cratera</strong></span> <span class='ocrx_word' id='word_1_759' title='bbox 561 5451 590 5506; x_wconf 93' lang='lat' dir='ltr'><strong>in</strong></span> <span class='ocrx_word' id='word_1_760' title='bbox 604 5447 781 5508; x_wconf 89' lang='lat' dir='ltr'><strong>corradendis</strong></span> <span class='ocrx_word' id='word_1_761' title='bbox 836 5446 1001 5529; x_wconf 66' lang='lat' dir='ltr'><strong>ilosweydm</strong></span> <span class='ocrx_word' id='word_1_762' title='bbox 1017 5460 1046 5525; x_wconf 82' lang='lat'><strong>¹¹.¹</strong></span> <span class='ocrx_word' id='word_1_763' title='bbox 1061 5445 1089 5499; x_wconf 87' lang='lat' dir='ltr'><strong>ia</strong></span> <span class='ocrx_word' id='word_1_764' title='bbox 1102 5445 1153 5512; x_wconf 91' lang='lat' dir='ltr'><strong>lor,</strong></span> <span class='ocrx_word' id='word_1_765' title='bbox 1169 5448 1263 5524; x_wconf 81' lang='lat' dir='ltr'><strong>notata</strong></span> <span class='ocrx_word' id='word_1_766' title='bbox 1284 5444 1359 5505; x_wconf 88' lang='lat' dir='ltr'><strong>sunt,</strong></span> <span class='ocrx_word' id='word_1_767' title='bbox 1375 5437 1409 5519; x_wconf 79' lang='lat' dir='ltr'><strong>de</strong></span> <span class='ocrx_word' id='word_1_768' title='bbox 1424 5438 1478 5495; x_wconf 90' lang='lat' dir='ltr'><strong>boc</strong></span> <span class='ocrx_word' id='word_1_769' title='bbox 1491 5439 1634 5498; x_wconf 85' lang='lat' dir='ltr'><strong>Florentio</strong></span> 
     </span>
     <span class='ocr_line' id='line_1_67' title="bbox 96 5509 1634 5637; baseline -0.008 -56"><span class='ocrx_word' id='word_1_770' title='bbox 96 5525 195 5581; x_wconf 83' lang='lat' dir='ltr'><strong>usatis</strong></span> <span class='ocrx_word' id='word_1_771' title='bbox 209 5524 309 5591; x_wconf 83' lang='lat' dir='ltr'><strong>facilis,</strong></span> <span class='ocrx_word' id='word_1_772' title='bbox 335 5541 390 5580; x_wconf 93' lang='lat' dir='ltr'><strong>non</strong></span> <span class='ocrx_word' id='word_1_773' title='bbox 409 5527 536 5597; x_wconf 79' lang='lat' dir='ltr'><strong>exiguam</strong></span> <span class='ocrx_word' id='word_1_774' title='bbox 560 5539 655 5578; x_wconf 86' lang='lat' dir='ltr'><strong>eorum</strong></span> <span class='ocrx_word' id='word_1_775' title='bbox 677 5528 779 5592; x_wconf 81' lang='lat' dir='ltr'><strong>partem</strong></span> <span class='ocrx_word' id='word_1_776' title='bbox 837 5518 962 5575; x_wconf 79' lang='lat' dir='ltr'><strong>Thebais</strong></span> <span class='ocrx_word' id='word_1_777' title='bbox 971 5514 1144 5596; x_wconf 81' lang='lat' dir='ltr'><strong>ascribendo,</strong></span> <span class='ocrx_word' id='word_1_778' title='bbox 1155 5509 1539 5637; x_wconf 32' lang='lat' dir='ltr'><strong>ejusque-martyrrrpalastra</strong></span> <span class='ocrx_word' id='word_1_779' title='bbox 1547 5511 1634 5594; x_wconf 79' lang='lat' dir='ltr'><strong>collo·</strong></span> 
     </span>
     <span class='ocr_line' id='line_1_68' title="bbox 96 5580 1632 5669; baseline -0.009 -16"><span class='ocrx_word' id='word_1_780' title='bbox 96 5595 195 5653; x_wconf 88' lang='lat' dir='ltr'><strong>endam</strong></span> <span class='ocrx_word' id='word_1_781' title='bbox 204 5597 464 5668; x_wconf 80' lang='lat' dir='ltr'><strong>putaveritiltinde</strong></span> <span class='ocrx_word' id='word_1_782' title='bbox 475 5612 524 5653; x_wconf 90' lang='lat' dir='ltr'><strong>nec</strong></span> <span class='ocrx_word' id='word_1_783' title='bbox 534 5594 623 5650; x_wconf 88' lang='lat' dir='ltr'><strong>liilum</strong></span> <span class='ocrx_word' id='word_1_784' title='bbox 632 5593 781 5649; x_wconf 83' lang='lat' dir='ltr'><strong>detraxerit</strong></span> <span class='ocrx_word' id='word_1_785' title='bbox 836 5590 924 5648; x_wconf 89' lang='lat' dir='ltr'><strong>cauda</strong></span> <span class='ocrx_word' id='word_1_786' title='bbox 937 5590 967 5645; x_wconf 92' lang='lat' dir='ltr'><strong>iii</strong></span> <span class='ocrx_word' id='word_1_787' title='bbox 986 5588 1052 5669; x_wconf 73' lang='lat' dir='ltr'><strong>Fiet,</strong></span> <span class='ocrx_word' id='word_1_788' title='bbox 1063 5585 1164 5658; x_wconf 92' lang='lat' dir='ltr'><strong>oppido</strong></span> <span class='ocrx_word' id='word_1_789' title='bbox 1180 5584 1218 5664; x_wconf 78' lang='lat' dir='ltr'><strong>Ge</strong></span> <span class='ocrx_word' id='word_1_790' title='bbox 1231 5581 1298 5638; x_wconf 83' lang='lat' dir='ltr'><strong>dria</strong></span> <span class='ocrx_word' id='word_1_791' title='bbox 1315 5580 1414 5663; x_wconf 70' lang='lat' dir='ltr'><strong>theli</strong></span> <span class='ocrx_word' id='word_1_792' title='bbox 1429 5580 1515 5638; x_wconf 80' lang='lat' dir='ltr'><strong>linum</strong></span> <span class='ocrx_word' id='word_1_793' title='bbox 1531 5581 1632 5653; x_wconf 85' lang='lat' dir='ltr'><strong>adsito,</strong></span> 
     </span>
     <span class='ocr_line' id='line_1_69' title="bbox 96 5652 1632 5740; baseline -0.009 -15"><span class='ocrx_word' id='word_1_794' title='bbox 96 5666 174 5725; x_wconf 81' lang='lat' dir='ltr'><strong>simo</strong></span> <span class='ocrx_word' id='word_1_795' title='bbox 185 5667 267 5740; x_wconf 83' lang='lat' dir='ltr'><strong>juxta</strong></span> <span class='ocrx_word' id='word_1_796' title='bbox 285 5684 316 5725; x_wconf 90' lang='lat' dir='ltr'><strong>ac</strong></span> <span class='ocrx_word' id='word_1_797' title='bbox 337 5667 552 5725; x_wconf 83' lang='lat' dir='ltr'><strong>celebratissiiiio</strong></span> <span class='ocrx_word' id='word_1_798' title='bbox 570 5674 628 5721; x_wconf 86' lang='lat' dir='ltr'><strong>tola</strong></span> <span class='ocrx_word' id='word_1_799' title='bbox 651 5662 781 5736; x_wconf 89' lang='lat' dir='ltr'><strong>llispania</strong></span> <span class='ocrx_word' id='word_1_800' title='bbox 837 5662 866 5717; x_wconf 93' lang='lat' dir='ltr'><strong>in</strong></span> <span class='ocrx_word' id='word_1_801' title='bbox 880 5677 962 5736; x_wconf 88' lang='lat' dir='ltr'><strong>quam</strong></span> <span class='ocrx_word' id='word_1_802' title='bbox 977 5674 1136 5731; x_wconf 80' lang='lat' dir='ltr'><strong>epimonem</strong></span> <span class='ocrx_word' id='word_1_803' title='bbox 1150 5652 1331 5736; x_wconf 72' lang='lat' dir='ltr'><strong>iaudeBeIgae</strong></span> <span class='ocrx_word' id='word_1_804' title='bbox 1341 5653 1489 5734; x_wconf 82' lang='lat' dir='ltr'><strong>iucbiiant.</strong></span> <span class='ocrx_word' id='word_1_805' title='bbox 1501 5653 1632 5711; x_wconf 83' lang='lat' dir='ltr'><strong>Sufficere</strong></span> 
     </span>
     <span class='ocr_line' id='line_1_70' title="bbox 96 5724 1632 5866; baseline -0.01 -69"><span class='ocrx_word' id='word_1_806' title='bbox 96 5756 154 5797; x_wconf 87' lang='lat' dir='ltr'><strong>rum</strong></span> <span class='ocrx_word' id='word_1_807' title='bbox 172 5748 326 5811; x_wconf 80' lang='lat' dir='ltr'><strong>martyrum</strong></span> <span class='ocrx_word' id='word_1_808' title='bbox 342 5740 441 5809; x_wconf 90' lang='lat' dir='ltr'><strong>cultui,</strong></span> <span class='ocrx_word' id='word_1_809' title='bbox 456 5737 681 5812; x_wconf 82' lang='lat' dir='ltr'><strong>qnoriiinpiimn,</strong></span> <span class='ocrx_word' id='word_1_810' title='bbox 693 5736 720 5790; x_wconf 92' lang='lat' dir='ltr'><strong>iii</strong></span> <span class='ocrx_word' id='word_1_811' title='bbox 731 5734 779 5790; x_wconf 87' lang='lat' dir='ltr'><strong>iai·</strong></span> <span class='ocrx_word' id='word_1_812' title='bbox 836 5740 935 5866; x_wconf 51' lang='grc' dir='ltr'><strong>Εὲῑοει,</strong></span> <span class='ocrx_word' id='word_1_813' title='bbox 950 5746 1010 5786; x_wconf 86' lang='lat' dir='ltr'><strong>mea</strong></span> <span class='ocrx_word' id='word_1_814' title='bbox 1024 5728 1134 5803; x_wconf 89' lang='lat' dir='ltr'><strong>quidem</strong></span> <span class='ocrx_word' id='word_1_815' title='bbox 1150 5732 1295 5795; x_wconf 85' lang='lat' dir='ltr'><strong>sententia,</strong></span> <span class='ocrx_word' id='word_1_816' title='bbox 1310 5724 1467 5783; x_wconf 87' lang='lat' dir='ltr'><strong>Florentius</strong></span> <span class='ocrx_word' id='word_1_817' title='bbox 1483 5741 1555 5783; x_wconf 91' lang='lat' dir='ltr'><strong>uuus</strong></span> <span class='ocrx_word' id='word_1_818' title='bbox 1563 5725 1632 5782; x_wconf 85' lang='lat' dir='ltr'><strong>The·</strong></span> 
     </span>
    </p>
   </div>
   <div class='ocr_carea' id='block_1_13' title="bbox 99 5795 1631 5888">
    <p class='ocr_par' dir='ltr' id='par_1_15' title="bbox 99 5795 1631 5888">
     <span class='ocr_line' id='line_1_71' title="bbox 99 5795 1631 5888; baseline -0.012 -17"><span class='ocrx_word' id='word_1_819' title='bbox 99 5811 190 5872; x_wconf 82' lang='lat' dir='ltr'><strong>morie</strong></span> <span class='ocrx_word' id='word_1_820' title='bbox 202 5828 238 5871; x_wconf 81' lang='lat' dir='ltr'><strong>ex</strong></span> <span class='ocrx_word' id='word_1_821' title='bbox 255 5813 379 5873; x_wconf 83' lang='lat' dir='ltr'><strong>lloinario</strong></span> <span class='ocrx_word' id='word_1_822' title='bbox 393 5828 478 5888; x_wconf 80' lang='lat' dir='ltr'><strong>parre</strong></span> <span class='ocrx_word' id='word_1_823' title='bbox 492 5809 606 5887; x_wconf 82' lang='lat' dir='ltr'><strong>prullult</strong></span> <span class='ocrx_word' id='word_1_824' title='bbox 621 5827 628 5869; x_wconf 86' lang='lat'>;</span> <span class='ocrx_word' id='word_1_825' title='bbox 644 5808 726 5867; x_wconf 80' lang='lat' dir='ltr'><strong>Alete</strong></span> <span class='ocrx_word' id='word_1_826' title='bbox 740 5806 779 5864; x_wconf 83' lang='lat' dir='ltr'><strong>cl·</strong></span> <span class='ocrx_word' id='word_1_827' title='bbox 879 5821 910 5864; x_wconf 86' lang='lat' dir='ltr'><strong>us</strong></span> <span class='ocrx_word' id='word_1_828' title='bbox 924 5820 956 5865; x_wconf 83' lang='lat' dir='ltr'><strong>ac</strong></span> <span class='ocrx_word' id='word_1_829' title='bbox 971 5810 1089 5864; x_wconf 86' lang='lat' dir='ltr'><strong>tractum</strong></span> <span class='ocrx_word' id='word_1_830' title='bbox 1101 5798 1203 5871; x_wconf 77' lang='lat' dir='ltr'><strong>libem,</strong></span> <span class='ocrx_word' id='word_1_831' title='bbox 1222 5797 1257 5859; x_wconf 86' lang='lat' dir='ltr'><strong>de</strong></span> <span class='ocrx_word' id='word_1_832' title='bbox 1270 5813 1325 5875; x_wconf 91' lang='lat' dir='ltr'><strong>quo</strong></span> <span class='ocrx_word' id='word_1_833' title='bbox 1339 5796 1445 5873; x_wconf 86' lang='lat' dir='ltr'><strong>egimus</strong></span> <span class='ocrx_word' id='word_1_834' title='bbox 1459 5812 1480 5857; x_wconf 81' lang='lat' dir='ltr'>x</span> <span class='ocrx_word' id='word_1_835' title='bbox 1492 5795 1631 5859; x_wconf 85' lang='lat' dir='ltr'><strong>Octobris.</strong></span> 
     </span>
    </p>
   </div>
   <div class='ocr_carea' id='block_1_14' title="bbox 0 0 1922 6133">
    <p class='ocr_par' dir='ltr' id='par_1_16' title="bbox 0 0 1922 6133">
     <span class='ocr_line' id='line_1_72' title="bbox 0 0 1922 6133; baseline 0 0"><span class='ocrx_word' id='word_1_836' title='bbox 0 0 1922 6133; x_wconf 95' lang='lat' dir='ltr'><strong> </strong></span> 
     </span>
    </p>
   </div>
  </div>
 </body>
</html>
