3834 6136
71 205 124 269 388

538 169 552 245 ἶ
601 203 920 272 nanuvnotoctmt.
941 208 1096 275 -nuns
1118 215 1201 273 ano.

1683 224 1737 286 38³

814 365 1005 426 AllG'l'AlilA.

107 485 256 541 Rosvrxvu.
268 479 360 536 textui
374 494 444 554 puro
457 480 552 538 subdit
566 498 571 536 :
591 483 643 539 «Iu
654 480 803 612 Hispaniis,
815 500 875 540 san-
890 486 916 546 A
966 484 1136 541 Uerrucium.
1150 501 1156 541 :
1177 486 1266 542 «Item
1276 485 1408 554 Quadrati
1423 487 1555 561 episcopi.
1570 512 1580 537 ι
1597 489 1672 549 Idem
1686 511 1733 551 se·

70 556 110 614 cti
122 552 225 610 Juliaui
240 552 374 624 martyris
386 568 451 609 cum
462 553 525 609 aliis
539 560 688 626 quatuor.»
726 553 817 612 ariant
831 572 874 614 oo·

71 628 154 686 dices.

104 698 275 765 humanm,
299 695 329 752 in
358 701 436 752 textu
462 697 546 752 etiam
593 713 670 767 urus,
697 697 822 772 adjungit
846 700 876 758 in

70 769 141 827 bue:
164 767 292 896 iumen
307 766 363 834 die,
373 768 544 825 consecratio
559 712 654 826 aitaris
671 769 743 826 beati
760 773 875 830 Andreae

70 841 224 897 aestui.»

86 859 251 968 pAuruune.
272 919 300 968 et
320 911 522 968 Max-Lunae.
546 911 665 969 addunt:
688 914 779 971 «Item
795 917 874 984 Qua-

70 984 170 1040 dratie
192 984 291 1054 iscopi.
307 1006 318 1029 ι
345 981 416 1039 Vide
431 983 659 1055 Martyrologium
677 986 832 1045 Romanum
847 998 874 1046 et

69 1063 161 1113 noum
172 1001 294 1111 zetunii
313 1053 369 1110 buc
383 1063 564 1126 spectantem.

102 1125 541 1194 Aurounr.·Max.,Utrnarncr.,
559 1126 872 1201 havonn.,Lovanrun.,

69 1198 229 1255 Auruncus.
248 1205 276 1253 et
290 1199 403 1265 naara,
426 1198 454 1253 in
469 1199 559 1270 prima
570 1207 596 1254 et
611 1200 731 1256 secunda
742 1202 817 1273 puri,
832 1203 874 1260 sic

69 1270 181 1326 tertiam
196 1285 233 1325 ex
255 1267 353 1325 Adone
375 1268 534 1325 adornant:
558 1270 740 1328 «incivitate
761 1274 870 1342 Salona,

69 1343 155 1398 sancti
182 1339 322 1397 Anastasii
347 1341 487 1413 martyris.
504 1340 557 1407 Qui
579 1357 643 1397 cum
666 1351 736 1399 esset
752 1345 831 1401 miles
846 1353 872 1402 et

68 1413 177 1469 videret
186 1421 311 1469 unctum
327 1414 475 1484 Agapitum
492 1412 563 1468 inter
577 1419 715 1469 tormenta
730 1415 872 1473 Christum

68 1484 180 1540 fortiter
201 1483 388 1551 confitentem,
409 1483 566 1540 exclamans
580 1484 635 1540 eit:
660 1486 772 1557 Magnus
800 1489 873 1545 Deus

70 1554 294 1614 Christianorum
306 1563 332 1612 et
346 1570 402 1610 uon
416 1565 457 1612 est
469 1556 540 1611 alius
554 1563 652 1626 prater
665 1572 738 1612 erim.
763 1560 801 1613 De
817 1575 872 1630 quo

72 1643 177 1707 premes
186 1643 249 1683 cum
264 1625 412 1682 nuntiasset
423 1627 574 1682 Aureliano
584 1626 752 1698 imperatori,
755 1628 872 1699 jubente

70 1698 327 1835 rdrspdintmemptus
341 1704 391 1753 est.
408 1723 417 1746 ι
439 1699 509 1754 Dein
526 1698 555 1753 in
569 1696 643 1755 fine:
666 1724 676 1746 ι
690 1700 769 1768 Item,
783 1701 871 1757 sancti

94 1785 110 1823 o

150 1770 202 1824 rati
218 1770 347 1841 episcopi.
363 1792 372 1817 ι

930 554 994 628 pius
1005 555 1131 625 recurrit,
1144 564 1176 613 ut
1190 557 1254 615 vide
1269 575 1362 631 snpra.

967 664 1146 720 incursuum:
1156 688 1164 711 ι
1176 662 1257 735 Apud
1268 665 1435 733 Sardiniam,
1447 667 1562 724 civitate
1570 668 1733 742 darilitana,

929 735 1019 806 passio
1032 742 1189 793 sanctorum
1200 744 1353 809 martyrum
1362 738 1489 795 Russoris
1501 739 1627 811 (Meum,
1641 742 1733 800 huxo-

929 805 979 879 ris]
992 806 1124 862 Caselliet
1134 806 1337 877 Camerini,sub
1347 809 1521 866 Diocletiano
1528 820 1555 867 et
1563 813 1734 872 Maximiano

930 876 1149 948 imperatoribus,
1175 879 1338 951 praesidente
1365 881 1476 937 Dalasio
1524 883 1636 939 raesidii.
1668 885 1733 942 Ad-

925 947 1019 1020 jungit
1033 950 1215 1008 sueoniam:
1238 973 1248 997 ι
1263 952 1336 1008 Passi
1349 960 1415 1008 sunt
1430 969 1478 1024 pro
1498 899 1620 1011 ghristo.
1646 954 1736 1039 Caput

928 1029 1018 1076 autem
1045 1022 1132 1077 sancti
1155 1023 1282 1079 Russoris
1304 1023 1367 1080 inde
1393 1025 1557 1081 translatum
1573 1027 1732 1097 Florentia,

927 1091 1047 1164 positum
1063 1102 1103 1149 est
1116 1092 1146 1148 in
1156 1095 1406 1151 ecclesiaomnium
1420 1104 1608 1152 sanctorum,
1628 1098 1699 1156 Vide
1707 1107 1735 1156 et

929 1164 1093 1235 martyrium
1117 1171 1144 1219 et
1164 1164 1285 1222 locorum
1311 1167 1425 1221 nomina
1449 1168 1549 1224 melius
1562 1168 1591 1224 in
1608 1171 1734 1228 Romano

927 1250 1064 1307 expressa.
1081 1235 1183 1303 Quanti
1190 1246 1282 1293 autem
1293 1236 1418 1293 iacienda
1431 1237 1499 1305 sint,
1510 1255 1571 1311 quae
1583 1242 1732 1298 occasione

928 1307 1042 1361 buxerii
1056 1314 1083 1363 et
1098 1307 1389 1379 Cameriniai'amayo
1405 1308 1457 1365 bac
1470 1309 1517 1364 die
1532 1327 1641 1369 corrasa
1656 1321 1731 1383 sunt,

927 1376 999 1432 dicet
1012 1377 1093 1435 Card.
1119 1378 1250 1504 Aquinius
1276 1379 1348 1452 apud
1360 1379 1579 1452 Papebrochium
1603 1383 1632 1438 in
1647 1384 1728 1457 Resp.

926 1454 979 1504 art.
998 1448 1042 1517 18,
1056 1465 1134 1505 num.
1167 1449 1194 1506 2.

961 1545 1055 1602 Editio
1070 1546 1290 1605 huneco-Con:
1311 1549 1364 1604 «ln
1380 1550 1522 1608 territorio
1537 1552 1660 1610 civitatis
1673 1553 1733 1609 Ga-

926 1617 1064 1686 valitanae,
1080 1619 1143 1674 vico
1155 1619 1316 1688 Minacensi,
1333 1622 1434 1692 passio,
1449 1631 1502 1679 etc.
1519 1648 1529 1670 ν
1551 1623 1683 1697 Sequitur
1698 1624 1732 1682 de

926 1688 1082 1757 Anastasio,
1093 1690 1378 1759 othonorum-Max,
1390 1700 1454 1762 etc.,
1466 1710 1558 1765 supra.
1575 1696 1605 1751 in
1622 1697 1731 1752 Bonoso

925 1767 953 1814 et
962 1759 1132 1815 Maximiano
1148 1777 1215 1832 pura
1229 1769 1279 1816 est.
1295 1763 1440 1834 Denique:
1462 1765 1516 1820 «ln
1533 1765 1594 1838 ipso
1611 1766 1656 1823 die
1671 1783 1731 1823 san·

102 1838 284 1896 cumeum:
302 1841 356 1896 «tn
384 1839 525 1897 ommno
546 1839 669 1897 civitatis
692 1842 872 1913 cavallana,
887 1844 911 1905 Β
926 1830 963 1887 cti
977 1831 1109 1898 Quadrati
1117 1832 1239 1904 episcopi
1254 1839 1282 1888 et
1296 1833 1473 1890 contessoris.
1490 1861 1499 1884 ·

69 1912 156 1967 sancti
178 1911 285 1967 Privati
312 1912 434 1984 episcopi
455 1920 483 1967 st
502 1913 643 1985 martyris,
659 1913 706 1986 qui
722 1931 816 1986 passus
829 1924 871 1973 est

68 1983 115 2038 sub
130 1981 271 2039 Gallieno.
288 1984 392 2040 Eodem
407 1983 463 2053 die,
474 1991 632 2040 sanctorum
648 1995 799 2058 martyrum
813 1988 870 2043 Ba-

69 2052 138 2108 nosii
153 2061 181 2110 et
195 2054 370 2110 Maximiani.
387 2080 397 2104 ι

100 2124 295 2194 Βιιιιηιιιιιι.,
322 2127 352 2182 in
374 2126 462 2183 tribus
477 2127 575 2198 primis
598 2128 867 2199 annuntiationibus,

70 2197 304 2253 Auroram-Max.
320 2206 347 2254 et
360 2198 468 2254 ceteris
482 2198 624 2255 codicibus
634 2200 708 2256 haud
720 2201 867 2270 absimilis,

70 2267 228 2395 subjunqit:
248 2294 258 2317 ι
272 2270 310 2325 Et
320 2269 349 2325 in
359 2269 507 2396 Ηιιὲιιιιίι,
524 2273 614 2327 natale
629 2281 787 2352 sanctorum
799 2289 868 2328 mar·

70 2347 160 2410 tyrum
183 2340 398 2397 uliietJuliani.
435 2342 543 2398 tsancti
558 2342 688 2409 Quadrati
699 2343 870 2415 episcopiiit

70 2409 137 2466 beati
151 2411 228 2467 Piori
243 2411 363 2480 abbatis,
378 2413 507 2484 discipuli
519 2415 605 2470 sancti
621 2415 710 2469 Mauri
721 2414 837 2471 abbatis.
851 2439 861 2462 ·

101 2481 284 2540 fflcsuonn.
305 2485 357 2540 «ln
371 2484 483 2541 civitate
500 2484 672 2553 Gavalitana,
685 2485 714 2541 in
729 2486 869 2542 territorio

71 2552 198 2624 ejusdem,
216 2556 308 2626 passio
334 2556 423 2612 saneti
444 2555 558 2623 Privati,
574 2564 664 2626 etc.,·
685 2565 716 2612 ut
732 2558 762 2613 in
776 2566 866 2614 textu.

76 2625 163 2680 «item
188 2627 279 2682 sancti
306 2626 437 2693 Quadrati
466 2628 622 2700 episcopi·
650 2629 681 2684 ln
706 2628 815 2685 bonoso
841 2638 868 2685 et

71 2695 236 2752 Maximiano
251 2714 338 2770 purus
351 2705 402 2754 est.
418 2700 457 2754 De
469 2700 613 2756 Anastasio
629 2700 724 2767 terme,
740 2709 869 2772 utsupra

71 2782 99 2822 ex
110 2768 363 2837 Arsurum-Max„
374 2777 426 2825 etc.
445 2771 562 2826 [ternum
572 2789 577 2826 :
588 2773 708 2838 «Romae,
717 2771 803 2827 sancti
814 2773 868 2827 An·

72 2838 135 2895 lonii
146 2840 289 2919 martyris,
301 2843 348 2940 qui
363 2858 426 2921 cum
438 2841 626 2899 Christianum
637 2840 689 2915 [se]
708 2842 792 2899 libere
801 2843 868 2899 fate·

70 2918 151 2979 retur,
164 2911 281 2982 jubente
292 2913 407 2969 liteliio
414 2913 518 2984 pudice,
528 2915 639 2986 capitati
650 2914 867 2970 sententiadam·

70 2989 146 3037 natus
156 2983 311 3056 est,viaque
320 2984 720 3057 Aureliasepultns.·Videdie
730 2986 866 3058 sequenti.

100 3054 267 3114 Aourcrnor.
293 3055 321 3110 in
344 3054 413 3111 line:
437 3057 539 3124 «Item,
556 3058 642 3112 sancti
658 3056 788 3124 Quadrati
803 3057 868 3129 epi·

69 3125 153 3250 'mpii'
171 3147 181 3170 ·
202 3123 273 3182 Vide
285 3127 410 3199 superius
424 3127 508 3183 dicta.

127 3212 167 3250 ar

960 1931 1057 1986 Bucru.
1086 1931 1201 2012 incipit:
1234 1954 1243 1978 ι
1267 1931 1362 1988 Natale
1389 1940 1547 1991 sauctorum
1576 1943 1732 2009 martyrum

924 2002 1044 2071 Lusorii,
1056 2003 1155 2060 Cesellt
1169 2010 1197 2058 et
1213 2003 1365 2060 Camerini.
1378 2030 1386 2052 ·
1407 2005 1435 2059 Si
1447 2004 1506 2062 bac
1515 2023 1549 2061 ex
1561 2008 1730 2064 Fuonaurm.

923 2082 1034 2145 accepta
1061 2082 1136 2142 sunt,
1159 2074 1246 2146 polita
1271 2074 1405 2131 videntur
1431 2077 1554 2133 nomina.
1575 2079 1607 2133 ln
1622 2078 1733 2135 Privata

924 2146 990 2201 satis
1006 2162 1090 2218 purus
1102 2154 1152 2202 est.
1173 2145 1304 2218 Sequitur
1320 2165 1326 2202 :
1350 2170 1358 2192 ι
1374 2147 1479 2204 Eodem
1494 2149 1549 2216 die,
1571 2157 1731 2207 sauctorum

923 2224 1078 2289 martyrum
1106 2218 1229 2285 Bonosii‚
1259 2218 1374 2274 Maximi
1403 2226 1431 2274 et
1454 2219 1628 2288 Maximiani,
1654 2238 1731 2348 quo-

923 2304 995 2355 rum,
1019 2296 1097 2343 etc·
1119 2288 1148 2343 in
1172 2288 1320 2344 Anastasio
1347 2306 1442 2361 purus,
1473 2290 1569 2349 subdit
1597 2292 1627 2348 in
1676 2309 1729 2350 ne:

930 2383 939 2407 ι
957 2360 1025 2415 Item
1039 2359 1171 2426 Quadrati
1188 2359 1319 2432 episcopi.
1338 2384 1348 2408 ·

959 2455 1106 2513 Greven.:
1129 2480 1138 2504 ι
1158 2455 1262 2512 Juliani
1280 2464 1307 2513 et
1326 2456 1446 2512 aliorum
1475 2466 1594 2530 quatuor
1619 2468 1732 2533 marty-

923 2544 995 2583 rum.
1012 2528 1091 2595 item,
1106 2535 1265 2584 sanctorum
1281 2536 1447 2600 martyrum,
1460 2528 1580 2598 Lusorii,
1596 2530 1691 2588 Ciselli
1702 2539 1730 2588 et

923 2598 1555 2671 Camerini.Quadratiepiscopietcouiessoris.
1567 2602 1596 2655 in
1610 2602 1728 2658 Alexan·

922 2671 992 2737 dria,
1019 2670 1113 2726 Contae
1135 2670 1246 2726 nobilis.
1272 2670 1727 2742 Quiriace,matr0na1t0manae,

922 2751 949 2798 et
964 2741 1103 2813 martyris,
1120 2741 1150 2797 in
1167 2740 1286 2797 Wesalia
1301 2741 1438 2813 superiori
1453 2741 1630 2815 quiescentis.
1646 2767 1656 2791 ι

957 2841 1066 2897 Menan.
1084 2840 1112 2894 in
1128 2839 1254 2907 Lusorio,
1271 2849 1299 2897 et
1323 2839 1406 2897 sociis
1421 2840 1517 2897 Butrn.
1538 2848 1586 2897 aut
1602 2842 1727 2898 Gnsvuu.

922 2912 1077 2983 descripsit.
1093 2911 1182 2967 Tum:
1207 2913 1299 2968 «item
1327 2910 1459 2979 Quadrati
1479 2913 1611 2985 episcopi.
1627 2938 1635 2961 ι
1658 2915 1728 2969 Dein

922 2985 997 3056 typis
1013 2982 1185 3038 minoribns:
1208 3006 1216 3029 ·
1232 2982 1379 3051 Quiriacae‚
1398 2993 1530 3040 matronae
1544 2987 1684 3053 nomana,
1701 2993 1728 3040 et

923 3054 1053 3126 martyris
1082 3054 1111 3108 in
1140 3054 1266 3110 Uvesalia
1284 3055 1419 3127 superiori
1449 3056 1625 3129 quiescentis,
1655 3056 1728 3138 apud

922 3126 1094 3192 Carmelitas,
1119 3124 1153 3179 de
1181 3126 1283 3198 quain
1309 3126 1433 3197 passione
1446 3127 1518 3182 beati
1538 3127 1689 3183 Laurentii.
1711 3152 1720 3174 »

166 3195 553 3255 nuc.·Caurus.·Ucrnarncr.:
571 3199 694 3257 «Privati
707 3200 828 3274 episcopi
842 3207 869 3257 et
885 3208 907 3269 fl
923 3199 1067 3254 Editiones
1080 3196 1257 3268 posteriores,
1275 3197 1371 3252 Bnnm.
1389 3198 1508 3268 pressius
1521 3197 1647 3266 imitatae,
1663 3198 1727 3255 aliis

71 3268 205 3349 martyris.
216 3267 330 3326 bonosii
342 3277 369 3326 et
380 3270 541 3327 Maximiani
553 3280 716 3344 martyrum.
727 3272 867 3329 Anastasii

71 3347 248 3479 milliasam„
273 3427 352 3468 uum.
368 3413 447 3483 5949,
462 3413 575 3487 adjicit:
600 3440 609 3463 ι
626 3414 731 3472 Natalis
753 3421 868 3470 sancto-

70 3495 122 3537 rum
138 3481 265 3540 Valentii
275 3494 302 3540 et
313 3485 423 3542 Leoncii
439 3486 467 3541 in
483 3494 576 3543 sancta
591 3486 703 3558 Sophia.
725 3488 755 3543 ln
773 3486 867 3557 Hispa·

70 3552 117 3621 nia,
147 3562 309 3611 sanctorum
324 3555 402 3624 tulii,
431 3557 546 3627 loliani,
562 3558 713 3626 Vincentii,
737 3556 866 3629 Augurii,

926 3268 1026 3324 litteris
1040 3267 1129 3323 textui
1165 3267 1306 3340 refigunt:
1325 3268 1607 3326 ‹Natalesanctornm
1624 3278 1726 3341 marty·

925 3357 986 3395 rum
1002 3339 1120 3406 Lusorii,
1137 3284 1232 3395 Sisellr
1247 3349 1274 3396 et
1288 3338 1437 3396 Camerini.
1453 3365 1462 3386 ·
1485 3340 1515 3395 ln
1530 3339 1585 3397 fine
1599 3340 1633 3396 de
1647 3339 1727 3406 Qua-

925 3411 1013 3477 drato,
1039 3419 1069 3464 ut
1094 3410 1123 3464 in
1153 3410 1241 3481 prima
1267 3409 1397 3465 editione.
1428 3411 1516 3465 Tum:
1541 3412 1601 3467 «Et
1626 3420 1727 3467 sanctae

926 3481 1056 3554 martyris
1071 3481 1169 3536 Bassa.
1185 3481 1278 3537 Roma
1294 3483 1322 3535 in
1336 3496 1401 3552 agro
1417 3481 1535 3550 Verane,
1550 3489 1651 3539 sancta
1667 3481 1728 3554 Cy-

925 3554 1005 3610 riacae
1016 3551 1161 3623 martyris;
1173 3568 1237 3625 quae
1252 3552 1282 3607 in
1292 3553 1422 3621 Wesaiia,
1436 3553 1565 3610 translata
1575 3553 1720 3628 quiescit.»

70 3621 220 3683 chtuosi.
237 3627 269 3683 iu
293 3626 429 3698 Sardinia,
442 3630 531 3687 sancti
556 3629 688 3697 Quadrati
702 3629 860 3702 episcopi·

925 3627 965 3681 Dc
985 3623 1099 3706 Cyriaca
1113 3631 1141 3678 et
1158 3624 1239 3680 Basse
1260 3622 1325 3680 vide
1338 3625 1503 3692 Romanum,
1520 3626 1568 3683 uhi
1583 3625 1727 3699 utriusque

69 3706 94 3763 {u
107 3697 170 3755 aliis
182 3698 261 3754 deest
279 3698 428 3772 depositio.

926 3694 1159 3768 elogiarnvenies.

788 3848 1000 3864 —n—

72 3890 110 3949 xt
129 3891 197 3950 rtet.
1613 3896 1664 3956 Dte
1682 3896 1728 3958 22.

100 3981 197 4039 Romae
210 3981 254 4040 via
267 3982 400 4053 Ostiensi,
415 3985 515 4042 natalis
531 3984 605 4042 beati
619 3984 758 4043 Timothei
774 3984 914 4060 martyris,
929 3985 977 4061 qni
997 3989 1090 4044 tentus
1102 3982 1136 4043 ab
1152 3983 1234 4045 Urbis
1247 3983 1391 4060 prefecto,
1408 3991 1435 4044 et
1448 3988 1531 4062 longa
1542 3989 1660 4047 carceris
1673 4006 1727 4047 cu-

67 4069 155 4127 stodia
170 4081 334 4144 maceratus,
346 4091 409 4131 cum
420 4075 574 4133 sacrificare
587 4075 670 4132 idolis
684 4074 828 4145 noluisset,
843 4076 927 4134 tertio
940 4094 1027 4134 caesus
1040 4086 1066 4135 et
1076 4078 1247 4150 gravissimis
1260 4079 1413 4152 suppliciis
1427 4085 1600 4149 attrectatus,
1611 4079 1645 4138 ad
1655 4082 1729 4139 ulti·

68 4176 139 4217 num
154 4162 309 4221 decollatus
323 4173 375 4222 est.
395 4165 498 4222 Eodem
519 4167 564 4223 die
588 4166 794 4239 Augustuduni,
818 4168 905 4225 sancti
922 4169 1124 4242 simphoriani,
1136 4176 1259 4241 tempore
1274 4170 1381 4225 Aurelii
1401 4170 1585 4243 imperatoris,
1603 4173 1728 4246 quicum

68 4251 146 4309 idolis
156 4254 314 4313 sacrificare
329 4256 424 4325 nollet,
440 4256 530 4328 primo
545 4257 705 4314 verberibus
720 4259 845 4328 affectus,
860 4260 959 4317 deinde
975 4260 1157 4331 mancipatus,
1175 4257 1208 4313 ad
1221 4259 1352 4313 ultimum
1368 4276 1439 4315 caeso
1454 4263 1544 4332 capite
1562 4263 1727 4335 martyrium

72 4344 284 4402 consummavit.
299 4345 331 4401 lu
347 4351 428 4417 portu
438 4346 572 4411 Romano,
583 4355 741 4404 sanctorum
757 4349 963 4422 peregrinorum
985 4356 1139 4420 martyrum
1154 4345 1299 4415 Martialis,
1311 4346 1441 4417 Epicteti,
1453 4346 1607 4416 Saturnini,
1622 4350 1728 4421 Aprilis

71 4437 95 4486 et
108 4431 208 4490 Felicis
220 4451 288 4491 cum
302 4433 386 4492 sociis
399 4452 504 4493 eorum.
525 4437 593 4493 Item
609 4438 711 4506 Rome,
725 4439 813 4494 sancti
827 4437 942 4496 Antonii
959 4437 1098 4509 martyris,
1118 4436 1181 4509 qui,
1192 4451 1256 4492 eum
1271 4452 1301 4490 se
1316 4434 1506 4493 Christianum
1522 4434 1609 4491 libere
1623 4435 1727 4492 fatere-

71 4526 122 4591 tur,
133 4520 253 4593 jubente
267 4523 383 4582 Vitellio
394 4524 499 4596 judice,
513 4526 625 4599 capitali
638 4528 776 4585 sententia
791 4537 831 4585 est
841 4528 998 4596 damnatus,
1018 4528 1118 4599 viaque
1132 4524 1248 4581 Aurelia
1261 4524 1395 4597 sepultus.

813 4670 934 4730 NOTAE.

103 4792 142 4855 lta
153 4797 279 4867 Protea,
295 4799 445 4869 Meriniea,
459 4799 706 4872 Antisara-Major,
720 4799 870 4871 Rosmeyd,
887 4801 1034 4871 Munerat,
1051 4799 1162 4859 micea.
1179 4808 1206 4858 et
1220 4799 1322 4861 Melea.

674 4955 877 5013 VARIANTES
902 4955 1111 5015 theutones.

103 5074 474 5148 maerensmaerens,
489 5079 519 5135 in
533 5079 745 5152 Antaeum-Mei.
760 5088 787 5137 et
802 5083 867 5138 Ros·
882 5085 906 5143 D
920 5083 1023 5139 lterum
1045 5078 1216 5137 conveniunt
1241 5081 1343 5138 vetusti
1359 5076 1468 5138 codices
1483 5078 1512 5135 in
1532 5079 1648 5143 Aurelii,
1662 5073 1727 5135 licet

72 5148 157 5230 veyd.
174 5149 340 5206 Ostiensilu
354 5147 753 5224 Merinien.etAntuerp.·hlaj.
765 5152 867 5209 Thimc·
923 5153 984 5209 Ado
1000 5152 1366 5225 posueritAareticai.Nota,
1383 5152 1557 5232 Muneratnm
1573 5157 1633 5230 post
1652 5151 1724 5220 Sym·

73 5219 128 5276 her.
149 5222 218 5278 Item
234 5222 264 5277 iu
287 5220 389 5278 eisdem
405 5230 432 5279 et
445 5223 590 5295 Rosweyd.
608 5224 695 5279 tercio.
710 5218 867 5296 Antuerp.-
920 5223 1057 5296 phariaei,
1080 5223 1198 5304 adiicere
1221 5225 1359 5294 martyris.
1376 5221 1477 5302 Scribit
1493 5222 1538 5302 hnc
1563 5228 1645 5277 etiam
1660 5238 1726 5303 cum

71 5288 131 5363 ilai.
157 5301 221 5365 post
249 5310 340 5360 waes,
370 5294 464 5350 omisit
492 5294 654 5367 particulam
680 5302 713 5350 et.
735 5295 868 5368 Quodque
922 5299 1047 5365 Antuerp
1061 5294 1136 5366 Mar.
1153 5304 1180 5351 et
1199 5295 1326 5374 Grevem
1339 5294 1586 5351 discriminantem
1610 5295 1725 5364 Epicter,

71 5362 188 5420 maxime
208 5366 362 5422 notandum
378 5374 428 5434 est,
452 5366 569 5423 Greven.
586 5376 613 5422 et
628 5363 728 5422 blotan.
743 5365 868 5438 prefecto
922 5382 986 5423 cum
1005 5363 1101 5420 eodem
1125 5365 1337 5436 Autuerp.-MaJ.
1366 5374 1393 5421 et
1409 5362 1582 5446 ¹i⁰iweyd93
1605 5365 1725 5421 Greven.

70 5433 234 5492 addiderunt
258 5453 371 5502 nomen,
400 5438 555 5508 Tarquinio,
572 5437 645 5510 quod
666 5439 747 5493 etiam
763 5435 868 5494 iaciunt
923 5437 998 5509 legit,
1013 5436 1125 5504 Epicati.
1143 5438 1181 5493 De
1205 5437 1371 5515 Dumpnctas
1396 5434 1456 5490 dvxi
1482 5435 1724 5517 alrlmliosweyd.

70 5505 175 5564 codices
189 5509 358 5565 recentiores
368 5527 374 5574 ;
386 5519 427 5566 ast
439 5509 591 5566 Usuardum
608 5509 677 5565 iliud
688 5510 867 5580 expunxisse,
922 5505 1064 5580 postponit
1075 5514 1121 5575 est,
1133 5507 1333 5578 Antucrp.·MaJ
1340 5551 1350 5587 ‚¹
1358 5506 1386 5562 id
1395 5505 1476 5587 finem
1493 5516 1594 5578 repert.
1605 5510 1724 5566 Greven.

70 5576 256 5636 indubitatum
266 5579 387 5637 videtur.
396 5581 536 5637 Herinien.
550 5597 597 5653 pro
607 5587 771 5646 attrectatur,
788 5580 869 5636 habet
923 5587 951 5634 et
960 5579 1060 5635 Moian.
1069 5579 1188 5660 phrasim
1200 5577 1329 5634 nonnihil
1343 5594 1372 5632 m
1388 5578 1525 5651 principio
1537 5579 1647 5637 variant
1660 5599 1666 5648 ;
1678 5578 1726 5650 qui

69 5652 244 5720 adtractatua,
273 5651 352 5724 pejus
377 5651 590 5725 Autuerp.·Maj.
607 5659 745 5708 attractus.
767 5652 869 5708 Omnes
923 5668 981 5706 cum
1006 5667 1032 5704 se
1059 5651 1137 5705 labere
1163 5648 1293 5720 fueretur
1324 5650 1518 5707 Christianum.
1536 5651 1572 5708 tta
1595 5658 1726 5727 preterea

70 5723 192 5780 cribum
205 5724 406 5796 Aupustuduni,
422 5725 466 5780 vel
481 5724 683 5807 Auqusturluao.
695 5725 829 5782 Munerat.
842 5729 869 5779 et
923 5723 1024 5782 Melan.
1041 5738 1090 5793 pro
1109 5721 1230 5791 Antonii,
1241 5720 1339 5780 scribit
1355 5722 1512 5780 Aatboaiai.

68 5791 167 5852 Molau.
184 5795 395 5869 symphorianum
408 5796 499 5854 ceteri
513 5795 677 5871 simpliciter
699 5813 762 5853 cum
778 5802 866 5853 textu.
