3834 6136
134 184 183 242 931

625 175 835 236 antrnvnnm
853 174 1104 240 ruertrneartsrs
1125 176 1285 239 nunaunt
1412 265 1415 269 .
1664 148 1667 153 ’
1744 178 1792 240 sar

133 330 263 403 inprimis
277 329 351 403 genti
372 329 511 387 contraria
533 328 644 386 sentire.
661 329 721 397 Qua
739 329 773 387 de
795 338 930 389 reectum
946 348 972 408 ,q
986 349 1068 404 quem
1083 331 1199 403 superbe
1220 338 1454 405 contempserant,
1476 339 1573 388 sancto
1593 329 1790 405 scilieetexpe‘

133 429 185 489 eet,
200 426 231 474 ut
244 419 311 474 dum
327 419 475 490 imperator
488 417 663 474 nobilitatem
681 426 873 475 veteranorum
889 420 934 475 de·

134 507 261 581 ponendo
274 506 438 579 insequitur,
447 524 479 564 ac
493 506 521 563 hi
537 523 672 564 memores
679 510 801 580 pristina
811 509 933 576 virtutis,

134 595 275 651 defensare
288 593 442 650 libertatem
453 595 581 651 nituntur
594 594 757 653 defectionis
768 596 801 651 ab
811 596 935 668 impera-

135 692 203 753 tore,
227 684 358 756 regnique
377 700 508 756 magnum
523 685 644 756 pararint
659 685 788 742 exitium.
804 686 856 741 Sed
870 674 935 758 quia

133 775 221 829 nostri
232 772 442 847 haudquaquam
458 772 592 846 propositi
604 781 654 843 est,
666 790 760 845 regum
770 782 847 831 aetus
860 775 933 846 stylo

134 868 377 940 comprehendere,
394 869 449 923 imo
465 867 592 923 miranda
607 868 656 924 Dei
671 885 752 940 opera
768 885 815 941 per
824 884 934 926 servum

134 957 211 1013 illius
219 956 398 1013 benedictum
410 963 516 1027 patrata
526 954 626 1012 litteris
635 957 819 1027 committere,
832 957 935 1015 relictis

134 1061 194 1118 quae
211 1047 254 1117 (ut
268 1046 307 1101 ita
318 1045 426 1117 dixere)
443 1061 584 1117 perperam
599 1061 686 1103 necne
701 1047 852 1119 procaciter
865 1061 932 1119 per-

133 1141 195 1192 acta
209 1142 274 1190 sunt
288 1153 296 1202 ;
308 1134 383 1190 adea
397 1150 457 1207 quae
467 1133 602 1206 cmpimus
612 1134 764 1192 redeamus.
780 1136 933 1207 Imperator

989 426 1069 476 seurrt
1092 418 1254 477 Benedicta.
1279 419 1418 491 Depositis
1432 418 1559 493 denique
1572 419 1673 488 armis,
1697 419 1790 479 calceis

989 508 1104 580 pedibus
1114 507 1251 576 resolutis,
1260 517 1361 566 terram
1371 507 1509 580 capitibus
1518 516 1673 580 aspergunt
1685 526 1692 563 :
1703 508 1789 582 sicque

989 597 1140 653 remedium
1152 597 1264 670 petituri
1275 596 1472 653 monasterium
1482 603 1645 669 properant,
1659 596 1788 656 deducan.

988 695 1029 744 tes
1043 703 1136 744 secum
1150 687 1230 743 illum
1241 686 1379 743 divinitus
1391 687 1518 743 vinctum
1533 687 1686 743 latronem.
1700 686 1738 742 Et
1747 688 1789 746 ubi

988 775 1109 833 basilica
1133 775 1302 849 proximant,
1329 775 1457 849 prostrati
1473 783 1538 832 ante
1561 774 1671 832 ostium
1687 776 1788 850 culpam

988 882 1051 922 cum
1073 867 1203 939 lacrymis
1226 867 1413 924 confitentur:
1441 882 1492 924 nec
1512 866 1597 922 illum
1619 867 1790 926 solummedo

987 974 1064 1014 reum
1079 957 1199 1027 sceleris,
1212 957 1260 1015 sed
1273 974 1368 1014 omnes
1383 973 1439 1014 una
1452 956 1579 1016 conscios
1595 974 1657 1015 esse
1671 957 1791 1016 criminis

988 1047 1109 1103 edicunt.
1134 1046 1274 1102 Postremo
1301 1056 1365 1103 voto
1382 1062 1410 1102 se
1432 1045 1566 1118 obligant,
1595 1062 1742 1121 nunquam
1766 1063 1792 1105 se

987 1141 1116 1215 cuiquam
1138 1159 1171 1200 ex
1189 1140 1295 1197 familia
1313 1138 1340 1195 S.
1356 1136 1502 1194 Benedicti
1523 1137 1640 1211 aliquid
1662 1139 1792 1196 molestia

134 1226 178 1298 (ut
191 1224 297 1282 dictum
311 1226 363 1297 est)
386 1234 527 1298 suspectos
541 1227 710 1283 Francorum
727 1226 862 1298 primores
876 1224 931 1279 ha·
988 1230 1124 1298 illaturos,
1135 1231 1159 1286 si
1176 1230 1258 1285 modo
1273 1229 1388 1301 gratiam
1399 1226 1477 1284 illius
1491 1227 1649 1299 promereri
1661 1227 1790 1287 valerent.

133 1315 211 1383 bens,
236 1312 391 1370 Germania
413 1313 529 1387 populos
558 1314 737 1387 Aquitaniam
760 1315 934 1388 prolecturus
988 1318 1136 1376 Cernentes
1147 1319 1252 1375 interea
1261 1317 1388 1374 custodes
1402 1333 1485 1373 sacrae
1500 1315 1602 1373 doinus
1615 1316 1789 1375 devotionem

42 1390 52 1400 ’
133 1413 239 1465 evocat.
259 1406 381 1462 Saxones
396 1406 536 1475 videlicet,
552 1406 717 1480 Thoringos,
732 1406 873 1479 bajoarios
887 1416 934 1463 at·
988 1406 1402 1481 virorum,tet0queinclinatos
1417 1406 1562 1476 anime-ad
1574 1404 1792 1464 misericerdiam

133 1511 186 1571 que
209 1496 398 1553 Alamannos:
425 1497 518 1570 eisque
542 1512 611 1569 quos
634 1498 740 1554 virtute
762 1500 933 1555 Francorum
988 1497 1027 1568 pii
1051 1495 1157 1569 judicis
1173 1494 1384 1569 impetrandam,
1408 1493 1487 1551 humi
1506 1496 1790 1571 prostratoserigunt,

133 1592 209 1659 pater
230 1584 315 1641 armis
338 1583 491 1656 subegerat,
524 1584 600 1656 regui
624 1593 727 1642 statum
750 1582 934 1656 incomposite
987 1584 1262 1657 dejectosqueanimo
1276 1600 1306 1640 ac
1318 1599 1432 1657 corpore
1442 1584 1633 1655 consolantes,
1644 1586 1791 1645 Ecclesiam

132 1676 294 1733 committit.
320 1672 393 1731 lllud
408 1689 463 1746 quo
485 1673 577 1730 animo
593 1674 692 1731 Franci
714 1674 883 1746 exceperint,
903 1673 931 1728 in
987 1672 1180 1743 introducunt,
1194 1681 1276 1746 atque
1289 1671 1324 1729 ad
1337 1679 1463 1730 sanctum
1476 1675 1621 1731 tumulum
1628 1675 1788 1750 perducunt.

133 1773 264 1839 promptu
277 1771 319 1820 est
340 1778 497 1834 agnoscere.
512 1762 650 1817 Libertate
670 1762 757 1834 igitur
777 1760 934 1818 Transrhe-
988 1762 1120 1819 Oratione
1134 1764 1280 1835 completa,
1296 1762 1379 1818 miser
1393 1762 1553 1833 resolvitur,
1574 1772 1663 1838 atque
1675 1766 1789 1824 Domine

134 1853 199 1910 nani
213 1868 245 1910 ae
257 1852 282 1908 ei
291 1852 326 1908 ob
341 1851 455 1906 tutelam
470 1850 645 1922 imperatoris
659 1851 766 1923 adepta,
784 1850 862 1907 vitiis
876 1864 934 1906 sese
988 1868 1052 1907 cum
1067 1851 1151 1908 sociis
1168 1860 1257 1926 grates
1272 1868 1322 1924 pro
1336 1867 1428 1925 pesse,
1442 1868 1473 1909 ac
1486 1836 1633 1910 liberatori
1649 1870 1702 1912 suo
1714 1855 1790 1914 Rene

133 1955 298 2012 omnemque
324 1939 471 1995 subdidere
490 1939 653 2008 exereitum,
683 1938 935 2012 depredationibus
987 1939 1063 1996 dieto
1079 1955 1172 2012 agens,
1188 1942 1223 1997 ad
1233 1957 1282 1997 sua
1292 1941 1458 2014 regreditur,
1474 1950 1566 2015 aperte
1582 1942 1690 2017 ubique
1701 1946 1788 2019 pradi-

132 2028 238 2084 seilicet
253 2043 413 2099 pauperum,
427 2025 564 2083 bonorum
579 2027 704 2084 virorum
720 2028 933 2084 dehonestatio·
987 2044 1053 2086 cans
1066 2028 1190 2085 divinam
1205 2029 1271 2086 bule
1281 2032 1342 2086 lece
1357 2032 1534 2103 prestantius
1544 2032 1639 2091 inesse
1649 2035 1786 2105 virtutem,

132 2115 225 2186 uibus,
241 2131 381 2171 sacrorum
399 2117 524 2172 locorum
539 2115 748 2186 violationibus,
768 2133 801 2173 ac
820 2116 935 2190 reliquis
981 2118 1113 2191 'nullique
1125 2133 1160 2173 ex
1174 2119 1310 2175 sententia
1324 2118 1430 2189 cedere,
1446 2120 1469 2176 si
1485 2121 1553 2194 quid
1563 2123 1649 2195 pravi
1663 2123 1785 2182 adversm

132 2221 192 2279 quae
221 2205 295 2277 piget
312 2219 472 2259 enumerare
496 2203 585 2259 malis.
611 2204 664 2260 Sed
688 2205 755 2261 dum
779 2206 931 2278 imperator
989 2215 1116 2265 sanctum
1132 2206 1345 2264 melitusfuerit
1359 2208 1551 2268 benedictum.

131 2295 340 2367 expeditionem
363 2294 391 2348 iu
410 2293 501 2348 litium
522 2309 615 2366 agens,
638 2294 817 2368 Aquitaniam
837 2312 932 2352 versus
1261 2349 1375 2408 CAPUT
1389 2350 1520 2408 XXVIII·

131 2386 222 2458 Ligeri
238 2383 325 2440 fluvio
340 2383 556 2457 propinquaret,
572 2384 674 2441 accidit
690 2387 822 2458 quosdam
838 2403 931 2460 supra·
987 2446 1079 2504 Sancti
1092 2447 1240 2504 sebastiam,
1252 2450 1404 2506 mmm·
1420 2449 1718 2521 flammam
1730 2455 1780 2511 mo·

130 2475 270 2532 dictorum
282 2474 448 2547 populorum
460 2472 554 2541 duces,
570 2473 682 2529 villulas
695 2475 814 2531 coetrobii
830 2476 857 2532 S.
877 2477 932 2532 Be·
1077 2519 1092 2529 ..
1118 2525 1128 2574 ε
1143 2520 1189 2575 sb
1224 2520 1243 2574 t,
1286 2521 1381 2576 W,
1466 2522 1486 2578 ,ὁ

132 2566 235 2623 nedicti
245 2564 385 2639 vastando
399 2564 624 2635 attingere.Cum
637 2581 702 2622 vero
718 2577 855 2639 grassante
867 2585 932 2640 praa·
1021 2535 1148 2646 23⁸²,sz
1162 2538 1174 2574 ⁰
1190 2537 1291 2576 amm
1356 2538 1470 2577 000000
1488 2539 1520 2578 ¹⁴⁸
1537 2540 1680 2582 0000000·
1699 2526 1780 2584 Ml

130 2653 235 2709 donum
264 2652 381 2718 saevitia,
410 2651 478 2723 quid
503 2651 560 2723 jaus
584 2654 751 2725 pauperibus
778 2655 932 2728 diriperent

130 2741 246 2806 deesset,
261 2740 426 2796 monasterio
445 2741 614 2812 proximant,
631 2743 752 2815 idipsum
768 2743 841 2817 quod
857 2753 884 2800 et
901 2744 932 2801 in
1516 2806 1521 2816 ,
1539 2807 1544 2816 ,
1762 2809 1767 2817 ,

131 2830 245 2904 reliquis
259 2830 348 2887 acturi
363 2829 440 2885 locis.
458 2829 527 2891 Erat
539 2830 612 2887 baud
637 2833 717 2904 lenge
731 2849 746 2888 a
765 2832 932 2890 morrasterie
988 2799 1031 2871 00
1041 2801 1186 2872 00000000
1197 2804 1249 2869 000
1261 2812 1380 2875 000000
1394 2805 1563 2864 0000000000
1577 2807 1665 2865 abba
1678 2808 1776 2866 ffiddm'

131 2926 319 2975 armentorum
333 2934 400 2989 grex
414 2932 470 2973 non
485 2934 585 2991 parvus
598 2920 755 2992 depascens,
768 2921 817 2993 qui
831 2922 929 2978 conti·
986 2907 1038 2992 000
1062 2892 1181 2992 000000
1196 2892 1224 2949 S·
1251 2894 1381 2966 000000
1399 2895 1527 2968 0000000
1554 2897 1663 2969 0040000
1676 2899 1772 2956 00000

130 3007 196 3063 uuis
219 3007 336 3062 fratrum
353 3006 563 3091 necessitatibus
581 3006 727 3079 deputatus
750 3008 783 3063 ad
802 3009 930 3065 servien-
986 2983 1100 3082 0000οξ
1116 2993 1197 3082 00100
1207 2984 1241 3038 ab
1251 2985 1374 3082 0080000
1390 3001 1459 3057 00Ρο
1473 3003 1577 3085 000Ρο0
1589 2989 1619 3044 0·
1636 2987 1773 3084 00000000

130 3097 197 3154 dum
212 3103 280 3153 erat.
304 3097 384 3152 llunc
398 3097 559 3168 praedonum
574 3096 666 3151 valida
681 3096 815 3153 invadens
831 3077 967 3154 manusC
986 3078 1117 3143 ¹¹¹³me
1138 3080 1308 3144 00000000»
1324 3073 1398 3146 0000
1420 3073 1545 3130 0000000
1567 3093 1598 3132 ¹¹¹
1612 3077 1644 3134 s·
1670 3077 1773 3135 00000

131 3189 253 3243 minatur
268 3185 369 3258 partini
383 3184 473 3240 securi
490 3200 646 3256 percussum
658 3186 715 3242 suis
729 3187 819 3259 epulis
829 3204 929 3259 praepa·
985 3159 1100 3216 000000
1120 3159 1201 3231 jum
1221 3178 1321 3260 000000
1344 3163 1403 3235 elus
1427 3164 1456 3220 00
1471 3164 1567 3221 000οῙ0
1588 3167 1734 3238 4400000000
1748 3165 1775 3221 00

128 3294 200 3342 rare,
215 3276 316 3348 partim
327 3290 421 3330 secum
435 3273 489 3329 sihi
503 3284 566 3345 apta
579 3274 724 3333 abducere.
743 3277 929 3343 Quibuscum
984 3256 1093 3321 000000
1107 3250 1264 3307 00000000·
1280 3252 1341 3320 000
1356 3255 1385 3309 00
1400 3254 1460 3310 0000
1470 3254 1629 3333 ,00000000
1645 3254 1775 3312 0000000·

128 3367 313 3424 armentarius
334 3365 439 3421 diceret
452 3378 508 3418 uon
528 3362 627 3419 debere
644 3381 690 3422 ees
718 3381 825 3437 gregem
841 3368 929 3424 sancti
984 3355 1046 3394 000
1069 3336 1209 3438 000000
1224 3346 1329 3412 00000
1342 3348 1407 3397 0000
1422 3357 1504 3414 04040
1518 3341 1684 3402 interventu
1706 3343 1775 3402 41440

127 3458 286 3529 contingere
306 3452 459 3522 benedicti,
480 3453 592 3526 quodsi
617 3461 738 3525 agerent,
754 3455 794 3510 eis
816 3454 930 3527 impune
983 3428 1260 3528 000000οχ000οΨ
1284 3446 1350 3487 0000
1379 3439 1553 3504 0004403000,
1583 3434 1684 3492 30⁸0·
1707 3433 1775 3490 ⁸1²¹*ss

127 3547 290 3603 neucedere
304 3563 311 3612 ;
325 3544 366 3599 illi
381 3543 567 3614 indignantes,
582 3543 757 3614 pinguiorem
772 3559 928 3615 quameon·
983 3526 1145 3574 0000000000
1173 3526 1260 3575 00000
1291 3519 1456 3577 0000000000
1480 3520 1632 3580 0000000
1661 3525 1776 3598 400000

95 3676 100 3685 ·
127 3645 275 3710 spexeraut
286 3634 458 3704 iuveneama
474 3642 532 3690 toto
547 3639 698 3707 separatam
711 3631 924 3705 gregejugulari
983 3614 1113 3663 00000000
1143 3607 1268 3666 00000000
1293 3609 1366 3665 0000
1387 3609 1545 3681 0080000000
1573 3614 1722 3670 “mitum
1740 3631 1777 3687 llf

128 3723 308 3798 precipiunt:
328 3736 382 3792 qua
404 3721 529 3792 religata,
545 3736 617 3774 uuus
631 3736 667 3776 ex
680 3719 721 3775 eis
736 3721 783 3791 qui
797 3719 928 3776 audacior
982 3705 1218 3762 140410300ῐο005·
1232 3707 1360 3780 Di⁰sslSfi
1374 3723 1527 3781 ‘miluum
1543 3709 1658 3768 03000·
1672 3712 1776 3769 10404444

127 3812 284 3878 videbatur,
296 3809 440 3881 evaginato
454 3824 518 3865 ense
528 3815 677 3880 exertoque
687 3807 801 3863 brachio
815 3823 927 3866 vaccam
981 3791 1122 3851 04000008
1135 3794 1171 3851 ad
1186 3797 1329 3868 lfaesalssffl
1344 3798 1502 3854 coess0bi¹¹¹¹¹
1516 3815 1582 3855 01¹1ss
1601 3800 1734 3860 Hildullto
1744 3817 1776 3859 t*

127 3908 268 3974 percutere
290 3896 401 3955 nititur.
423 3901 460 3953 At
482 3911 547 3951 vero
566 3895 596 3950 iu
621 3895 681 3966 ipso
699 3906 800 3952 conatu
815 3897 927 3955 vinctus
982 3884 1777 3966 00401003000400000400440ὃοὓοῙὸωὓὶἒῐθιῑῦῑθψ

127 3994 280 4066 ligatusque
308 3984 548 4042 inextricabilibus
572 3982 693 4041 vinculis
716 3984 805 4054 basit,
831 3985 870 4042 ita
895 3994 926 4042 ut
979 3974 1180 4032 familiaritatis
1202 3977 1342 4050 colloquia
1365 3978 1498 4051 reliquias
1516 3978 1553 4035 ab
1577 3995 1614 4036 eo
1631 3991 1778 4040 anaema

127 4088 251 4138 erexerat
262 4073 407 4134 brachium
419 4090 483 4133 cum
497 4089 561 4129 ense
573 4073 703 4142 retinens,
716 4075 878 4149 nullamque
895 4077 925 4133 in
979 4076 1132 4141 martyrum
1143 4069 1270 4142 expellit,
1285 4070 1539 4143 Di⁰ssy⁸ii⁸⁰ffl⁰⁰b
1556 4073 1704 4132 Ηῦδῑὶθὶθῑ
1711 4075 1779 4132 13¹ss-

126 4177 232 4243 pafrem
255 4166 399 4222 deflectere
421 4164 525 4220 valens.
543 4162 659 4220 Videres
680 4163 813 4222 miserum
836 4173 925 4222 astare
979 4157 1338 4230 therii,atqueSebastiani.
1351 4158 1438 4232 Cujus
1451 4160 1583 4233 precibus
1596 4163 1778 4221 nobilissimus

126 4260 186 4331 ipso
200 4275 250 4315 suo
273 4255 418 4314 conanime
442 4254 508 4310 loris
524 4269 579 4310 nou
601 4253 760 4327 parentibus
786 4255 922 4323 vinetum,
978 4253 1061 4310 abhas
1077 4253 1259 4310 libentissime
1283 4271 1418 4326 annuens,
1436 4254 1510 4329 quod
1524 4257 1677 4328 petebatur
1690 4257 1738 4316 suh
1753 4271 1779 4313 ea

1022 2710 1307 2783 lmperiil'raneorum
1313 2714 1503 2772 monarchiam
1514 2716 1664 2776 Ludovice
1672 2719 1778 2792 hunsle

23 4349 29 4358 '
126 4350 313 4422 virtutemque
326 4345 451 4402 divinam
465 4359 547 4417 quam
557 4344 587 4398 in
597 4360 647 4399 suo
657 4352 797 4416 spreverat
809 4345 921 4414 delicto,
978 4342 1137 4399 conditione
1148 4340 1278 4414 praestitit
1291 4342 1313 4411 ¹⁸,
1330 4349 1361 4399 ut
1370 4343 1521 4416 quotannis
1531 4344 1704 4403 adveniente
1716 4351 1778 4402 mtt-

126 4457 155 4498 re
169 4439 228 4513 ipsa
241 4438 271 4494 in
283 4453 312 4493 se
328 4436 457 4510 experiri.
473 4435 546 4493 Socii
560 4435 684 4492 videntes
697 4434 824 4492 emissam
839 4435 922 4492 eoeli-
937 4431 1038 4495 Blitio
1059 4430 1220 4489 eorumdem
1242 4440 1408 4505 martyrum,
1433 4431 1621 4492 celeberrima
1643 4432 1718 4508 apud
1738 4446 1779 4488 uoe

125 4538 170 4588 tus
189 4527 341 4585 vindictam
363 4526 391 4581 in
414 4540 570 4596 comparem
586 4524 728 4595 desevire,
753 4526 922 4582 consternati
980 4520 1103 4593 ipsorum
1118 4521 1254 4578 festivitas
1270 4520 1680 4582 moremonastieehaberetnr.
1694 4523 1778 4581 Suect-

125 4619 219 4676 auime
233 4618 343 4689 eulpam
363 4615 541 4684 confitentur,
556 4614 828 4688 misericordiamque
844 4616 877 4672 ab
894 4632 926 4672 eo
980 4609 1034 4683 ptis
1044 4611 1246 4683 gratantissime
1258 4611 1328 4667 30⁵⁰
1339 4610 1421 4668 abbas
1434 4619 1598 4669 sanctorum
1615 4612 1777 4687 pignoribus

161 4731 172 4757 ι
189 4708 269 4764 Ebbo
283 4705 451 4762 llbemorum
465 4704 580 4761 antistes
593 4720 609 4758 a
623 4703 764 4760 liudovico
774 4704 823 4760 Pio
834 4705 926 4775 impe·
980 4701 1112 4758 hactenus
1126 4701 1369 4758 aFloriacensibus
1383 4702 1487 4758 nostris
1500 4713 1693 4761 asservantur.
1708 4702 1778 4759 leat·

126 4786 216 4837 ratore
239 4785 432 4834 exauctoratus
453 4775 646 4831 commendatus
662 4783 701 4830 est
720 4776 756 4830 ad
774 4777 925 4831 eesmdien-
980 4789 1028 4828 nes
1054 4773 1167 4828 Bescius
1181 4773 1210 4827 in
1232 4772 1364 4829 biblioth.
1387 4774 1518 4843 Floriae.,
1535 4791 1598 4848 pag.
1616 4775 1683 4833 257.
1705 4774 1779 4831 refert

125 4852 190 4909 dem
207 4848 307 4905 Beseni
321 4848 410 4903 abbati
432 4848 461 4901 in
478 4846 638 4902 monasterio
661 4846 688 4902 S.
714 4846 857 4913 denedicti,
878 4847 924 4902 sub
979 4851 1119 4899 mortuum
1135 4843 1168 4899 ad
1182 4844 1267 4898 altare
1282 4845 1309 4900 S.
1326 4843 1479 4902 Sebastiani
1493 4846 1524 4902 in
1539 4845 1711 4903 monasterie
1725 4845 1777 4902 rte

124 4924 200 4996 eujus
213 4937 295 4977 meaa
308 4918 571 4988 exsulabat,qaando
584 4917 846 4988 domnusimperator
855 4918 926 4972 cinni
980 4913 1096 4970 riacensi
1115 4930 1188 4970 anuo
1210 4914 1279 4970 4444
1296 4916 1470 4974 suscitatum.
1490 4917 1653 4975 Parmeialis
1672 4917 1778 4974 scelesta

125 4997 205 5053 toties
226 4994 359 5065 inpressas
376 4995 413 5045 est
427 4986 681 5057 coreisann08hd,
698 5003 758 5060 qnae
783 4988 925 5044 verbale-
980 4985 1161 5042 Floriacensis
1188 4985 1216 5041 S.
1247 4985 1437 5043 Sebastianum
1466 4996 1618 5070 patronum
1646 4989 1773 5062 agnocat.

163 5074 229 5125 ntur
243 5066 273 5121 iu
292 5062 456 5122 clericorum
472 5059 668 5117 llbemensium
692 5058 858 5116 narratione.
875 5061 923 5115 Dr·
978 5056 1079 5113 Praeter
1103 5056 1234 5130 reliquias
1248 5058 1276 5113 S.
1299 5058 1427 5130 Dionysii
1448 5058 1495 5116 hre
1513 5069 1692 5129 memoratas,
1716 5058 1776 5116 liel-

123 5083 214 5210 iimo
237 5142 325 5193 auem
345 5134 433 5190 eedem
455 5132 613 5204 imperatore
639 5132 681 5202 (ut
705 5130 786 5187 babet
810 5131 924 5203 epistola
979 5128 1075 5200 galdus
1099 5127 1251 5185 monachus
1273 5129 1456 5187 Floriacensis
1482 5131 1592 5214 accepit
1620 5130 1773 5191 aRebtrte

124 5209 258 5283 synodica
272 5206 384 5265 concilii
400 5203 549 5261 Tricassini
568 5202 602 5258 nd
617 5203 759 5259 Nicolaum
776 5217 871 5283 paparn
888 5204 922 5273 l),
979 5215 1040 5272 rege
1067 5201 1098 5256 de
1119 5201 1210 5255 maele
1231 5201 1259 5256 S.
1284 5200 1417 5272 Dionysii,
1443 5202 1591 5260 mlmebco
1615 5204 1644 5262 S.
1671 5197 1774 5267 Md,

123 5279 315 5339 bethariuseh
335 5277 418 5335 laelio
432 5276 460 5331 ie
476 5274 718 5332 Froaeiomeeeit:
739 5291 781 5329 car
795 5275 831 5329 od
848 5275 924 5329 tter·
978 5272 1070 5327 casule
1094 5272 1122 5328 S.
1151 5270 1310 5337 statuerit,
1329 5272 1360 5328 de
1373 5272 1532 5331 vestimentis
1551 5290 1646 5332 aerest
1659 5270 1775 5357 “epist

123 5353 236 5408 merium
250 5351 381 5407 civitatem
394 5348 479 5414 atto,
500 5346 638 5403 deducente
658 5345 761 5401 Besone
777 5345 868 5401 abbate
882 5343 925 5399 etti
977 5342 1102 5424 aspersis,
1118 5343 1379 5424 demanium-eoram
1387 5344 1497 5415 pulvere
1508 5351 1534 5402 et
1542 5344 1673 5429 sanicula
1684 5339 1774 5417 ὑφ’

124 5424 318 5478 commendatas
336 5421 373 5478 ed
393 5419 590 5476 ettstodt'enclttnt
605 5417 706 5488 fuerat,
732 5416 857 5472 occurrit.
873 5415 925 5472 Bo·
978 5430 1029 5484 qao
1041 5414 1096 5484 furt
1108 5419 1232 5469 astriotes
1247 5414 1401 5486 Dionysias,
1417 5431 1487 5490 quae
1498 5417 1771 5492 reliquiasinente

124 5494 185 5548 soni
210 5494 340 5551 successit
355 5492 501 5560 liedulfus,
522 5488 641 5546 liedulfo
655 5488 821 5554 Bernartius,
837 5486 920 5543 infra.
978 5485 1020 5542 rio
1036 5501 1094 5565 ase
1113 5484 1226 5566 condito
1240 5483 1312 5557 apud
1328 5486 1486 5546 meriacum
1499 5488 1663 5563 collacavit,
1677 5485 1772 5560 etipse
1824 5504 1826 5511 ·

161 5592 174 5627 n
189 5563 291 5633 Nempe
305 5564 361 5620 due
379 5580 440 5620 ossa
454 5561 616 5620 coxendicis
635 5560 663 5616 S.
684 5558 847 5626 Sebastiam,
863 5573 923 5631 quae
978 5556 1008 5612 in
1024 5557 1089 5615 Vna
1104 5556 1217 5614 Robertr
1231 5564 1327 5615 auctor
1344 5564 1396 5616 est.
