3834 6136
212 211 277 267 teet

730 202 903 261 exacuam
923 196 1164 258 LUGDUNENSIS
1183 194 1338 252 uersuum
1796 196 1860 253 tosa

210 367 411 434 prospexerunt
434 359 487 418 boe
513 359 597 431 potiri
618 357 765 431 privilegio
788 358 916 413 Romanae
940 351 1014 410 sedis
1030 354 1054 413 A
1070 357 1144 421 gesta
1158 356 1222 404 sunt
1238 346 1320 404 faciat
1333 351 1391 402 rata
1405 361 1462 402 esse
1476 360 1536 417 quae
1551 345 1676 415 gesserit.
1700 369 1709 391 ι
1738 344 1773 401 Ει
1796 345 1861 413 ideo,

211 449 374 506 antistitem.
402 448 524 516 Quorum
546 447 633 503 fateor
652 444 829 502 unanimitati
850 442 1012 515 participem

213 549 332 596 vestram
344 539 485 612 perambio
496 537 554 593 freri
567 535 769 608 paternitatem.
780 534 886 601 Quibus
901 543 927 591 et
940 533 1011 589 idern

211 629 347 684 Damasus
365 644 434 700 papa
452 643 488 682 ex
512 643 560 682 sua
575 626 613 682 ita
636 626 670 682 ad
692 627 780 680 locum
797 623 937 694 rescripsit
951 619 1014 693 epi-

211 720 282 776 stola
298 719 385 790 (epist.
407 718 434 786 b,
451 719 478 772 in
492 718 594 791 prior.)
611 734 618 776 :
645 740 653 762 ι
669 715 761 784 Scitis,
786 715 886 770 iratres
906 714 1014 770 charis-

211 810 287 879 simi,
304 808 508 865 frrmamentum
523 824 538 862 a
552 808 608 863 lieo
621 805 708 862 fixum
724 814 751 863 et
764 804 917 872 immobile,
933 811 1014 877 atque

213 898 324 956 titulum
351 896 553 954 lucidissimum
570 912 682 952 suorum
705 895 889 964 sacerdotum,
912 893 939 950 id
964 903 1014 963 est,

212 987 337 1041 omnium
351 985 553 1058 episcoporum,
568 985 746 1055 apostolicam
762 983 853 1040 sedem
872 999 930 1040 esse
944 1001 1016 1040 con-

212 1075 349 1142 stitutam,
366 1084 393 1131 et
408 1076 539 1130 verticem
556 1073 753 1130 Ecclesiarum.
770 1073 810 1128 Tu
825 1089 854 1129 es
871 1073 957 1142 enirn,
973 1075 1015 1130 si-

211 1172 258 1221 out
280 1163 408 1219 divinum
433 1163 593 1235 pronuntiat
613 1163 728 1219 rerbum
747 1163 892 1231 veraciter,
909 1164 1015 1232 Petrus,

212 1259 240 1305 et
264 1267 345 1320 super
374 1250 578 1307 firmamentum
607 1260 686 1308 tuum
710 1251 840 1308 Ecclesiae
868 1251 1014 1316 columna,

213 1353 273 1409 quae
297 1338 417 1410 episcopi
435 1339 640 1410 intelliguntur,
662 1339 831 1396 confirmata
853 1347 941 1408 sunt;
964 1350 1014 1397 et:

213 1424 274 1480 Tibi
299 1428 390 1482 clares
411 1428 487 1499 regni
509 1428 642 1484 emiorum
667 1428 803 1496 commisi,
828 1437 909 1500 atque
933 1429 1016 1500 ligare

212 1524 239 1571 et
264 1518 371 1575 solvere
410 1527 584 1590 potestatem,
621 1536 681 1594 qua
711 1519 740 1575 in
768 1518 845 1576 erclis
882 1528 956 1589 sont,
991 1528 1017 1577 et

212 1621 273 1677 qoae
310 1607 341 1663 in
383 1607 464 1663 terris
502 1610 677 1682 promulgari
718 1610 826 1682 (Mottlr.
865 1615 937 1682 xre).
977 1611 1017 1666 Tu

1067 438 1179 494 domiue
1200 446 1286 509 pater,
1310 435 1375 509 quia
1398 434 1538 489 immobile
1560 444 1600 490 est
1625 434 1744 489 istorum
1769 434 1863 490 funda-

1068 536 1204 594 mentum,
1220 541 1251 582 ac
1267 525 1459 581 inconcussum
1483 521 1802 593 inconcutiendumque,
1824 525 1863 579 ie-

1069 616 1274 675 discutiendum
1286 633 1392 711 quoque
1404 623 1543 687 permanet
1552 613 1718 679 aedificium,
1729 615 1759 669 in
1773 614 1864 688 quibus

1069 715 1109 763 est
1118 708 1318 778 spiritusunus‚
1329 703 1497 772 etursafides,
1508 719 1556 759 cor
1567 719 1654 758 unum
1667 709 1696 758 et
1706 703 1863 762 animator.

1069 797 1161 853 Nolite
1176 802 1318 861 altentare,
1335 793 1467 865 quianon
1484 790 1610 862 poteritis
1629 789 1770 859 stabilire,
1794 800 1823 848 ot
1842 811 1865 850 es

1070 904 1130 960 quas
1145 887 1190 942 isti
1206 887 1264 942 snis
1279 888 1429 940 sanxerunt
1448 880 1576 947 decretis,
1593 880 1697 936 restris
1720 882 1866 941 moliamini

1069 978 1193 1034 resistere
1208 976 1353 1049 repagulis.
1370 972 1504 1029 Ordinata
1518 979 1558 1026 est
1572 972 1650 1026 enim
1660 971 1797 1042 ebaritas,
1809 978 1866 1046 poti-

1070 1067 1138 1121 mini
1150 1067 1178 1120 in
1188 1082 1220 1121 ea
1229 1072 1256 1120 et
1264 1079 1375 1136 peream
1384 1059 1868 1133 auctoritatearobiepiecopali,sient

1071 1155 1225 1227 apostolicae
1238 1154 1311 1209 sedis
1320 1152 1438 1217 decreta,
1451 1158 1478 1204 et
1494 1165 1613 1205 canones
1626 1165 1727 1206 eorum
1742 1151 1869 1223 astipula-

1070 1247 1146 1300 tione
1160 1243 1279 1298 roborati
1296 1241 1448 1313 praefigunt,
1465 1245 1495 1293 ut
1511 1238 1609 1293 restris
1624 1245 1692 1308 apta
1706 1242 1870 1316 coepiscopis

1071 1334 1159 1390 forma
1171 1334 1221 1388 siin
1226 1332 1333 1404 pliciter
1341 1329 1412 1386 sitis.
1427 1327 1599 1400 Episcopalis
1607 1327 1733 1398 dignitas
1741 1328 1769 1384 in
1780 1331 1871 1389 diebus

1072 1422 1171 1478 vestris
1184 1430 1274 1478 restra
1299 1419 1432 1491 sapientia
1452 1432 1508 1472 non
1531 1415 1661 1484 vilescat,
1685 1417 1830 1490 singularis
1848 1431 1872 1478 et

1072 1513 1237 1571 universalis
1249 1509 1405 1581 apostolieae
1420 1506 1493 1562 sedis
1508 1512 1631 1577 potestas
1646 1507 1721 1563 nulli
1734 1523 1872 1581 compere-

1073 1613 1128 1671 tur,
1144 1620 1194 1659 nec
1210 1601 1322 1661 inoleste
1333 1598 1401 1653 ferat
1412 1597 1556 1668 quisquam
1570 1595 1625 1651 sibi
1637 1612 1701 1652 earn
1712 1612 1772 1653 esse
1783 1600 1872 1670 prasia-

214 1695 421 1766 profanetorum
446 1699 603 1767 bominum,
627 1708 655 1755 et
680 1700 866 1755 membrorum
891 1715 1014 1754 meorum
1032 1709 1056 1770 Β
1071 1701 1138 1760 tarn,
1155 1692 1203 1765 qui
1219 1690 1306 1746 asnis
1318 1687 1503 1744 obedientiam
1525 1684 1649 1741 subditis
1674 1685 1796 1758 requirit
1812 1689 1871 1744 :sed

213 1785 388 1858 maximeque
410 1805 533 1843 meorum
557 1789 758 1862 discipulorum
778 1789 877 1845 existis
891 1800 922 1847 ut
936 1790 1017 1863 priu-

211 1890 276 1945 oeps
290 1883 316 1930 el
331 1874 427 1931 doctor
443 1876 607 1933 orthodoxe
621 1885 648 1932 et
665 1878 850 1933 immaculate
864 1877 940 1946 fidei,
962 1894 1016 1934 en-

210 1961 256 2032 jus
270 1964 331 2018 rire
347 1963 430 2019 bodie
444 1966 531 2036 gratia
545 1967 594 2020 Dei
611 1965 746 2037 legatione
758 1982 808 2036 pro
819 1964 934 2021 ¹Cbristo
949 1965 1018 2020 lun-

212 2051 313 2122 gimur,
339 2061 366 2107 et
389 2069 483 2109 omnes
508 2053 590 2124 bajus
614 2062 713 2109 sanctae
728 2054 799 2109 sedis
825 2055 954 2126 praesules
969 2055 1016 2110 ri-

212 2162 270 2204 cem
286 2159 436 2217 gesserunt,
453 2158 551 2221 gerunt
577 2158 604 2206 et
628 2159 731 2222 gerent.
754 2151 817 2207 ideo
841 2152 935 2208 omnia
956 2168 1016 2224 quae

214 2235 377 2293 innotuistis
391 2255 448 2295 non
464 2239 545 2295 licere
560 2239 729 2309 mandarem,
750 2240 804 2296 nisi
818 2257 867 2297 vos
880 2249 936 2296 tarn
954 2243 1016 2314 ple-

213 2326 285 2381 niter
296 2328 447 2384 instructos
461 2344 519 2385 esse
534 2329 643 2397 scirem,
660 2327 731 2402 quod
747 2338 847 2388 cuncta
860 2347 942 2402 super
956 2331 1015 2402 qui·

212 2414 264 2471 bus
276 2417 431 2486 consulitis,
445 2418 545 2475 illicita
559 2434 619 2474 esse
636 2435 691 2474 uon
708 2418 851 2476 dubitetis.
875 2419 1016 2477 Discutere

213 2519 331 2578 namque
356 2507 507 2578 episcopos,
531 2513 557 2561 et
581 2522 752 2561 summorum
768 2504 1015 2561 ecelesiasticomm

212 2607 308 2650 causes
325 2596 497 2665 negotiorum
514 2595 727 2667 metropolitano
742 2611 797 2650 una
811 2611 873 2650 cum
887 2594 1015 2652 omnibus

212 2679 270 2735 suis
283 2684 574 2753 comprovincialibus,
591 2685 629 2739 ita
653 2693 684 2739 ιιι
698 2700 778 2740 neruo
792 2700 827 2740 ex
841 2684 880 2740 eis
892 2683 973 2753 desit,
988 2692 1015 2740 et

212 2784 307 2824 omnes
323 2770 353 2825 in
367 2771 538 2841 singulorum
554 2773 723 2829 concordent
735 2774 861 2844 negotiis,
874 2775 946 2831 licet.
962 2775 1014 2830 Sed

211 2855 332 2911 diffinire
360 2873 466 2925 eorurn,
499 2867 582 2930 atque
617 2861 866 2917 ecclesiasticarum
893 2880 1014 2919 summas

211 2944 335 3015 querelas
350 2961 505 3011 causamm,
524 2947 566 3001 vel
591 2947 722 3002 daumero
744 2948 897 3022 episcopos,
912 2951 1014 3023 absque

1072 1781 1243 1855 patientiam,
1259 1795 1340 1852 quam
1355 1794 1370 1832 a
1385 1777 1444 1832 suis
1457 1783 1609 1847 exspectat,
1633 1792 1701 1832 eaor·
1716 1777 1871 1849 singularem

1072 1888 1088 1927 a
1101 1872 1219 1927 Dourinc
1234 1886 1289 1924 nou
1301 1869 1336 1923 ab
1346 1868 1401 1923 alio
1415 1866 1525 1938 prelato
1541 1865 1693 1937 quisquam
1710 1865 1871 1938 expendam

1072 1962 1150 2017 nullo
1164 1960 1325 2015 detrabatur
1340 1958 1373 2014 de
1387 1956 1467 2029 cujus
1483 1971 1596 2012 munere
1616 1957 1700 2012 venit
1720 1959 1870 2031 utquisque

1071 2052 1144 2122 quod
1153 2051 1234 2106 babet
1241 2045 1601 2119 acceperit3anullodesuis
1606 2046 1730 2117 judiciis
1734 2048 1870 2119 judicetur,

1071 2157 1131 2213 qum
1144 2142 1177 2197 de
1192 2142 1268 2198 onrni
1287 2141 1410 2197 Ecclesia
1430 2141 1471 2195 fas
1492 2138 1573 2194 babet
1584 2136 1751 2209 judicandi,
1766 2148 1792 2196 et
1804 2141 1872 2212 cnjus

1068 2230 1204 2303 judicium
1220 2247 1236 2286 a
1250 2230 1328 2286 nullo
1339 2230 1496 2284 mortalium
1509 2229 1574 2286 licet
1585 2230 1749 2288 retraetari.
1760 2232 1872 2289 Unusut

1071 2320 1256 2391 omnipotens,
1273 2319 1321 2390 qui
1335 2335 1394 2374 eam
1409 2318 1518 2390 speciali
1534 2334 1584 2374 suo
1597 2320 1870 2392 reservaritjudioio.

1070 2421 1175 2491 Itaque,
1191 2417 1303 2474 donrine
1316 2424 1403 2488 pater,
1419 2415 1573 2487 dignemini
1589 2416 1744 2472 sinceriter
1762 2417 1863 2473 animati

1070 2518 1176 2565 vertere
1190 2524 1241 2563 cur
1255 2507 1322 2562 talia
1335 2505 1496 2561 robisdico.
1508 2505 1603 2559 Primo
1618 2505 1688 2577 quia
1701 2506 1872 2563 mineturllo

1071 2597 1172 2653 minus.
1191 2597 1242 2663 Oai
1261 2604 1334 2651 amat
1348 2602 1448 2666 pafrem
1462 2596 1523 2665 plur
1543 2611 1626 2663 qrrom
1646 2580 1702 2659 rr'ae,
1722 2612 1776 2650 nors
1788 2603 1826 2651 est
1840 2614 1872 2651 ste

1069 2689 1282 2760 diprraslrlfattb.
1295 2688 1336 2755 x).
1349 2688 1421 2758 Ergo
1433 2701 1520 2740 unum
1532 2702 1634 2757 corpus
1644 2703 1748 2742 sumus
1757 2688 1787 2744 in
1796 2688 1872 2745 Cbrl-

1069 2789 1120 2847 sto,
1146 2781 1216 2834 alter
1236 2778 1350 2832 alterius
1373 2775 1505 2831 irrembra.
1528 2775 1581 2831 Sed
1602 2784 1630 2831 et
1654 2785 1743 2850 caput
1758 2788 1870 2835 nostrum

1069 2870 1196 2927 Christus
1206 2879 1256 2936 est,
1268 2877 1295 2923 et
1306 2877 1382 2939 pater
1396 2875 1490 2923 noster
1502 2867 1632 2924 Christus
1646 2877 1702 2937 est,
1715 2877 1742 2926 el
1754 2872 1871 2945 trimeter

1068 2970 1160 3017 noster
1176 2961 1248 3016 idem
1266 2968 1292 3015 et
1307 2976 1378 3015 unus
1393 2966 1433 3014 est
1447 2959 1584 3026 Christus,
1600 2960 1651 3032 qui
1669 2960 1869 3018 ordinatcbari·

211 3037 296 3111 hujus
309 3041 381 3096 sedis
392 3042 554 3098 auctoritate
575 3042 690 3099 minimo
713 3043 788 3112 licet,
815 3061 896 3117 quam
919 3064 1014 3104 ornnes
1029 3070 1050 3130 0
1068 3058 1162 3117 tatem,
1175 3058 1203 3104 et
1213 3050 1269 3120 ipse
1279 3048 1419 3104 ordinarit
1429 3065 1487 3104 eam
1499 3049 1528 3103 in
1538 3048 1620 3104 beato
1631 3051 1728 3118 Petro,
1742 3052 1868 3108 dioensei:

210 3130 347 3202 appellare
371 3131 395 3185 si
418 3147 526 3188 necesse
551 3133 643 3203 fuerit,
667 3142 694 3190 et
719 3133 777 3205 ejus
800 3135 893 3191 fulciri
908 3137 1014 3192 auxilie

211 3226 327 3290 oportet.
344 3220 424 3287 Nam,
441 3228 472 3276 ιιι
487 3222 583 3291 trustis,
601 3224 739 3295 synodum
755 3223 883 3295 sirreejus
898 3227 1014 3281 auotori-

211 3316 267 3364 tate
286 3308 345 3365 fieri
361 3319 473 3369 nonest
496 3312 664 3370 catholicum
687 3332 692 3370 :
718 3331 767 3373 nec
790 3316 943 3388 episcopus,
960 3319 1013 3377 nisi

210 3399 238 3457 in
255 3404 378 3474 legitima
391 3404 509 3478 synodo,
524 3416 551 3463 et
569 3425 619 3464 suo
630 3418 751 3481 ternpore
766 3412 917 3481 apostolica
936 3428 1014 3469 roca·

209 3491 284 3548 tione
303 3503 475 3566 congregata,
500 3496 619 3553 diffinito
643 3496 768 3554 damnari
791 3507 881 3571 potest
899 3519 905 3556 :
925 3516 1014 3573 neque

210 3586 267 3641 ulla
284 3599 404 3654 uuquam
420 3586 540 3641 concilia
563 3595 621 3642 rata
641 3588 779 3658 leguntur.
800 3606 860 3660 quae
877 3605 934 3644 non
948 3604 1013 3655 sunt

210 3673 280 3727 fulta
293 3673 443 3742 apostolica
457 3675 629 3731 auctoritate.
653 3701 661 3721 ι

245 3769 297 3825 Hic
311 3768 501 3826 animadverto
523 3773 597 3843 quod
619 3773 648 3828 in
669 3774 897 3845 quaternionibus
913 3780 1011 3834 restris

190 3857 429 3931 ,scripsistissite
455 3860 603 3931 tEpistola
627 3876 692 3916 vero
717 3862 817 3917 Felicis
843 3880 876 3919 ex
900 3867 1014 3936 epistola

208 3946 275 4002 tulit
288 3946 387 4017 pendet
401 3965 407 4001 :
420 3946 467 4002 bic
476 3947 550 4002 enim
562 3956 604 4002 est
619 3965 679 4003 mos
692 3951 849 4020 apostolica
863 3954 936 4009 sedis
948 3972 1012 4026 pon-

208 4033 342 4109 tificibus,
353 4041 385 4088 ut
396 4034 479 4089 verba
492 4033 665 4093 decessorum
682 4055 792 4096 suorum
810 4043 886 4114 qnasi
903 4045 1013 4117 propria

208 4127 238 4182 in
252 4126 309 4181 suis
325 4136 426 4199 ponant
441 4129 575 4200 epistolis,
590 4131 662 4188 sicut
685 4133 731 4205 qui
748 4134 815 4206 legit
838 4137 970 4209 intelligit
995 4163 1004 4186 ι

208 4216 329 4272 Omnino
343 4218 518 4274 verissimum
538 4227 588 4286 est,
609 4221 674 4292 quia
699 4221 746 4277 ille
764 4238 821 4278 mos
838 4233 878 4279 est
893 4233 1011 4297 aposto·-

207 4303 267 4361 lloaa
282 4306 354 4362 sedis
376 4305 565 4380 pontificibus,
590 4318 621 4366 nt
645 4309 727 4365 verba
749 4310 923 4369 decessorum
940 4330 1011 4370 suo-

1074 3143 1113 3197 Ta
1127 3157 1152 3194 er
1166 3141 1302 3205 Petraea
1316 3140 1572 3211 sarperbarecpelram
1583 3141 1725 3211 edificabo
1737 3144 1870 3199 Ecclesiam

1069 3246 1153 3284 eneam
1162 3230 1272 3297 (blattis.
1285 3229 1356 3299 xvi),
1368 3236 1399 3284 ot
1413 3227 1607 3285 aedificationis
1617 3238 1724 3285 nostrae
1737 3232 1870 3287 institutor

1070 3316 1169 3390 ipsein
1185 3318 1245 3389 ipso
1259 3325 1383 3373 nostrum
1399 3324 1467 3373 esset
1482 3317 1700 3374 fundamentum
1716 3328 1743 3376 et
1758 3329 1869 3392 eaput,s

1069 3423 1124 3478 qno
1148 3423 1204 3463 non
1227 3416 1335 3478 oportet
1354 3405 1502 3470 dissidere;
1527 3415 1554 3461 et
1574 3408 1766 3480 quodcunque
1787 3426 1868 3464 roem·

1068 3497 1149 3553 hrum
1163 3496 1283 3570 aliquem
1295 3504 1394 3575 'contra
1405 3495 1457 3551 boc
1469 3504 1551 3565 caput
1563 3497 1686 3553 senserit
1695 3498 1813 3567 insilire,
1820 3515 1868 3554 uon

1069 3594 1166 3658 potest,
1182 3601 1233 3643 nee
1247 3585 1339 3652 debet,
1358 3593 1411 3640 tam
1427 3600 1477 3655 pro
1494 3598 1523 3639 so
1537 3599 1621 3656 quam
1637 3603 1692 3657 pro
1706 3588 1868 3644 confessione

1068 3684 1181 3750 paterna
1196 3692 1251 3732 non
1265 3677 1420 3732 condolere.

1103 3764 1229 3821 Secundo
1244 3780 1327 3834 cogor
1340 3764 1478 3820 obnoxius
1493 3762 1637 3820 visceralis
1652 3763 1802 3828 fidelitati
1812 3767 1866 3823 ade

1067 3854 1177 3921 etionis,
1205 3871 1269 3910 cunr
1293 3854 1386 3910 debita
1408 3852 1552 3920 fidelitate,
1578 3855 1761 3924 paternitatis
1781 3865 1865 3913 restra

1067 3947 1220 4015 devotioni,
1242 3948 1314 4019 quod
1331 3947 1416 4003 timeo
1431 3946 1511 4002 robis
1528 3946 1656 4002 accidere
1679 3963 1772 4019 posse,
1795 3949 1864 4006 etiam

1067 4045 1160 4092 mutus
1180 4037 1337 4092 blatterare.
1354 4033 1456 4092 Verum
1470 4035 1550 4091 robis
1567 4034 1642 4102 dico,
1668 4037 1790 4093 necdum
1804 4039 1862 4110 copi

1067 4128 1260 4197 quaterniones
1275 4132 1380 4180 vestros
1396 4125 1425 4179 in
1438 4124 1580 4179 Attiniaoo
1590 4124 1662 4180 mibi
1673 4140 1690 4180 a
1700 4126 1783 4182 robis
1795 4127 1863 4183 datos

1067 4232 1114 4287 per
1132 4216 1239 4288 singula
1254 4228 1421 4286 percurrere,
1437 4213 1467 4268 in
1483 4213 1545 4268 aliis
1562 4211 1632 4269 mibi
1653 4214 1806 4272 admodum
1819 4230 1863 4271 ne·

1065 4305 1190 4361 cessariis
1204 4312 1418 4376 preoccupatus.
1441 4303 1493 4359 Sed
1515 4304 1609 4376 aliqua
1632 4305 1806 4377 prospiciens
1823 4307 1862 4360 io-

206 4410 279 4463 rum,
295 4397 371 4468 quasi
386 4399 496 4469 propria
510 4398 539 4454 in
563 4399 622 4455 suis
643 4407 747 4471 ponant
762 4401 895 4473 epistolis,
912 4403 947 4458 Ει
962 4402 1010 4458 id·
1025 4431 1049 4491 D
1064 4396 1128 4451 veni
1143 4395 1176 4451 de
1192 4395 1234 4451 bis
1249 4410 1308 4466 quea
1324 4394 1443 4465 praemisi
1457 4402 1554 4450 contra
1570 4396 1732 4466 apostolice
1748 4396 1862 4452 auctori·

205 4485 280 4541 eireo
299 4487 386 4558 magis
407 4494 434 4543 st
458 4487 568 4560 penitus
583 4504 711 4547 consona
732 4489 797 4558 sibi,
823 4499 849 4546 et
873 4493 966 4547 minus
979 4509 1010 4550 ao

205 4573 277 4629 nihil
292 4573 409 4632 dissonas
423 4577 605 4634 inveniuntur
619 4579 778 4650 apostolicas
792 4579 863 4634 sedis
874 4580 1008 4652 epistolae,

205 4678 256 4720 neo
270 4666 482 4722 constitutiones
501 4683 596 4723 eorum
612 4670 641 4724 in
654 4670 748 4742 aliquo
758 4670 786 4725 ln
802 4686 860 4726 sese
875 4672 1009 4737 adversae,

205 4752 342 4809 scribente
356 4769 391 4809 ex
406 4754 459 4811 boe
468 4756 563 4813 eadem
574 4758 740 4830 Symmacho
752 4775 820 4831 papa
830 4760 863 4816 ad
876 4761 1009 4817 AEouium

204 4840 362 4914 episcopum
379 4844 466 4915 (epist.
484 4847 523 4916 l).
548 4847 655 4913 Quanta
679 4848 753 4903 enim
771 4849 883 4904 vicariis
900 4849 1009 4906 beatis-

203 4929 268 4987 simi
287 4931 360 4988 Pstri
385 4933 499 5004 apostoli
521 4934 693 5005 judicabitur
718 4952 775 4992 esse
795 4939 959 5006 reverentia,
984 4940 1007 4995 si

203 5036 266 5094 quae
284 5023 312 5077 in
342 5021 495 5078 sacerdotio
524 5024 697 5096 precipiunt,
724 5025 827 5082 eisdem
855 5034 1008 5083 transeun-

203 5107 278 5164 tlbns
301 5110 520 5168 dissolvantur:
548 5113 614 5185 quia
639 5113 671 5169 ad
697 5115 783 5186 ipsam
808 5125 1007 5173 sacrosanctam

202 5200 364 5271 religionem
393 5201 531 5259 credimus
557 5203 705 5274 pertinere,
728 5204 808 5276 cajus
834 5207 925 5262 oannis
954 5222 1007 5280 po-

201 5293 284 5344 testas
320 5290 494 5362 infringitur,
532 5291 586 5347 nisi
622 5292 751 5349 universa
787 5304 916 5366 perpetua
951 5297 1006 5357 sint

201 5390 262 5446 quoe
290 5379 373 5433 semel
401 5394 417 5433 a
443 5379 554 5436 Domini
589 5381 775 5438 sacerdotibus
805 5390 966 5439 statuuntur
994 5403 1000 5439 ε

201 5463 275 5533 quod
306 5465 346 5521 ita
372 5469 533 5542 contingere
569 5470 682 5541 poterit,
709 5471 732 5528 si
762 5473 927 5530 successoris
953 5489 1006 5529 ao-

203 5550 277 5607 tibtts
302 5567 357 5608 non
380 5555 510 5615 tribuerit
531 5558 689 5616 firmitatem
712 5569 739 5616 et
768 5560 922 5617 roborando
944 5577 1005 5634 quae

1064 4487 1128 4542 tatis
1142 4485 1330 4541 autonomiam
1347 4501 1396 4539 ros
1411 4482 1566 4557 disputasse
1583 4503 1590 4541 ;
1610 4485 1660 4540 sed
1682 4494 1711 4541 et
1734 4496 1827 4543 contra
1838 4501 1863 4543 ea

1065 4590 1125 4645 quae
1140 4574 1219 4629 robis
1229 4580 1255 4628 et
1270 4573 1349 4629 nobis
1364 4573 1542 4628 averrerabili
1557 4589 1628 4645 papa
1642 4573 1759 4631 Nicolao
1772 4577 1863 4648 scripta

1065 4671 1138 4732 sunt,
1155 4663 1322 4719 mordaciter
1336 4665 1464 4735 perplura
1484 4662 1644 4734 protulisse,
1661 4672 1690 4718 et
1702 4680 1765 4736 quaa
1780 4665 1860 4730 nobis,

1064 4753 1193 4809 videlicet
1205 4752 1334 4807 omnibus
1349 4751 1498 4809 Gallicanis
1512 4752 1649 4824 episeopis
1665 4752 1818 4809 inculcarit
1829 4768 1863 4823 re·

1063 4842 1185 4906 tinenda,
1198 4842 1397 4914 refragabiliter
1411 4842 1553 4908 refutasse,
1569 4842 1721 4915 dequibus
1734 4844 1764 4899 in
1778 4843 1862 4899 natale

1063 4947 1145 5006 quam
1165 4929 1244 4986 vobis
1259 4931 1400 4988 Attiniaoo
1414 4930 1477 4988 dedi
1493 4936 1656 4985 summatim
1671 4931 1784 5004 scripsi.
1799 4930 1860 4988 Cum

1062 5031 1153 5079 umen
1169 5024 1363 5080 memorandus
1385 5022 1458 5078 idem
1480 5038 1549 5095 papa
1566 5022 1700 5080 Nicolaus
1715 5024 1757 5080 nil
1772 5023 1806 5079 de
1818 5037 1862 5078 seo

1062 5115 1138 5187 quasi
1153 5131 1224 5170 nova
1241 5123 1373 5180 staterem,
1389 5113 1437 5170 sed
1458 5130 1494 5169 ex
1515 5113 1588 5169 besti
1610 5115 1711 5171 Leonis
1727 5132 1803 5188 papa
1814 5130 1861 5170 ao-

1061 5205 1198 5271 otoritate,
1227 5220 1258 5259 ae
1286 5204 1386 5259 Gelasii
1410 5203 1595 5272 institutione,
1622 5221 1742 5276 qnorum
1768 5213 1794 5261 et
1818 5217 1860 5258 ros

1061 5292 1168 5348 decreta
1191 5293 1262 5347 inter
1286 5302 1376 5347 restra
1402 5308 1472 5363 saepe
1499 5293 1602 5363 ponitis
1628 5295 1732 5363 scripta
1749 5304 1856 5365 queque

1061 5382 1194 5454 explicuit
1215 5389 1372 5453 prosecutus
1398 5382 1444 5438 sit.
1469 5382 1571 5436 Ponam
1597 5383 1685 5453 igitur
1707 5383 1754 5439 bic
1781 5384 1859 5452 ipsam

1060 5470 1120 5541 ejus
1145 5471 1287 5543 epistolam
1311 5470 1391 5525 nobis
1414 5470 1558 5537 directam,
1584 5479 1611 5527 et
1634 5473 1670 5528 ad
1697 5472 1751 5527 boe
1777 5469 1860 5541 perti-

1060 5567 1171 5617 nentem
1185 5560 1338 5632 negotium,
1351 5576 1433 5634 quam
1446 5560 1555 5618 eunctis
1578 5561 1651 5627 sicut
1673 5561 1735 5632 ipse
1757 5556 1860 5617 consti·
