3834 6136
103 164 106 169 ⁵
145 210 213 274 tore

659 205 832 267 muctam
852 201 1094 266 LUGDUNENSIS
1112 201 1269 261 EPISCOPI

1665 181 1789 265 'seu

150 394 160 425 s
180 382 271 437 servat
284 373 366 444 iram,
381 379 410 433 et
423 371 646 445 propitiationem
664 369 733 442 petit
748 385 764 426 a
779 370 836 426 Deo
850 367 864 423 i
877 365 1053 440 quisnam
1083 365 1158 434 fidei,
1183 367 1212 425 in
1240 382 1294 440 quo
1318 365 1430 439 possitis
1450 365 1545 422 omnia
1561 364 1617 420 tela
1632 363 1791 436 munimini

151 495 162 530 s
178 467 305 532 excubia
319 481 369 539 pru
384 462 494 523 delictis
510 462 587 519 illius
597 462 611 519 i
622 462 759 518 Memento
774 458 937 513 novissimo·

150 586 161 615 a
182 575 254 627 rum,
271 563 299 615 et
313 554 410 615 desine
425 552 575 613 inimicari.
591 549 726 607 Tabitudo
740 548 813 605 enim
829 555 856 602 et
866 563 939 605 mors

149 673 160 707 s
179 648 327 708 imminent
343 644 372 702 iu
389 641 528 703 mandatis
548 641 616 712 ejus.
645 640 794 698 Memorare
810 637 938 695 timorem

149 762 160 796 a
180 736 242 806 Dei,
257 742 284 794 et
297 749 355 792 uon
368 733 494 795 irascaris
517 729 656 802 proximo.
672 728 823 784 Memorare
838 726 939 783 Testa-

150 852 160 883 ι
180 822 462 889 contumacissimi,
478 827 505 879 et
518 819 629 890 despice
645 816 831 888 ignerantiam
848 813 939 886 prexi-

149 940 160 970 ι
179 918 228 975 ml.
255 912 371 975 statiua
397 921 422 970 te
435 928 451 968 a
465 908 524 976 lite,
540 917 567 966 et
587 907 696 967 minues
710 914 830 977 peccata.
851 905 940 960 llomc

148 1005 254 1064 uenite
281 1002 430 1061 iracundus
456 997 582 1056 incendit
603 996 691 1064 litem,
715 1003 742 1050 et
756 994 800 1051 vir
815 1000 940 1065 peccator

149 1117 160 1147 s
179 1093 303 1153 turbabit
324 1091 438 1155 amicos,
460 1098 488 1145 et
514 1089 541 1143 in
565 1086 656 1143 medio
671 1100 764 1157 pacem
778 1082 939 1140 habentium

149 1204 159 1235 ι
179 1181 312 1239 immittet
322 1174 677 1240 iuitnioitiam.Seeundum
689 1172 941 1244 enimlignasylvee

150 1295 159 1325 ι
178 1272 218 1328 sie
235 1271 307 1342 ignis
320 1268 488 1331 exardescit:
502 1276 529 1324 at
542 1265 694 1325 secuudum
705 1264 835 1321 virtutem
852 1260 940 1316 homi-

149 1385 159 1411 ·
179 1360 224 1417 uis
233 1360 274 1419 sic
287 1360 433 1421 iracundia
446 1359 522 1416 illius
535 1356 597 1424 erit,
609 1362 637 1411 et
649 1353 800 1412 seeundum
815 1352 941 1409 substan-

149 1477 160 1507 ι
178 1454 246 1512 tiam
262 1470 338 1513 auam
351 1452 486 1518 exaltabit
510 1452 580 1509 iram
595 1465 683 1507 suam.
700 1447 845 1505 Certamen
865 1444 939 1500 lesti-

149 1565 159 1593 ι
181 1535 942 1615 natumincenditignem,etlistestinansellunditsan·

150 1657 160 1688 ι
180 1635 301 1705 guinem,
318 1642 345 1692 et
359 1635 453 1706 lingua
468 1631 619 1689 testificans
636 1628 749 1686 adducit
764 1635 893 1683 mortem.
912 1623 940 1680 Si

994 452 1073 525 ignea
1097 453 1280 526 exstinguere,
1304 462 1332 510 et
1354 454 1457 525 galeam
1482 451 1583 509 salutis
1605 450 1750 522 assumite,
1767 462 1791 511 et

994 541 1115 612 gladium
1126 541 1251 614 spiritus,
1265 541 1339 614 quod
1350 549 1391 599 est
1401 541 1516 597 verbum
1527 539 1591 595 Dei.
1602 538 1680 607 ttae,
1689 538 1791 610 fretrus,

994 648 1054 705 quas
1080 632 1159 690 vobis
1183 633 1352 705 scripsimus,
1379 632 1543 704 generaliter
1568 628 1705 687 omnibus
1732 641 1792 693 acts

994 722 1054 783 steri
1083 725 1222 792 volumus,
1244 731 1274 783 ut
1296 739 1356 796 que
1376 729 1488 779 caeteros
1511 726 1645 790 tangunt,
1669 721 1793 783 omnibu

994 821 1060 872 uota
1073 813 1150 872 liant.
1167 812 1350 886 Omnipotens
1363 814 1445 879 Deus,
1460 828 1508 867 vos
1522 819 1551 868 et
1560 813 1687 884 reliquos
1702 810 1793 873 lnce

994 911 1102 961 nostros
1111 900 1405 974 ubiqueconsistentos
1415 906 1540 972 protegat
1554 916 1646 973 usque
1660 901 1692 957 in
1704 900 1792 969 linem,

994 991 1040 1064 qui
1055 1000 1186 1049 cunctum
1204 989 1337 1046 muudum
1354 988 1483 1060 dignatus
1498 998 1540 1045 est
1555 989 1708 1055 redimere,
1722 988 1793 1053 tau

995 1079 1120 1137 Christus
1133 1079 1268 1138 Dominus
1282 1086 1386 1146 noster,
1403 1077 1448 1149 qui
1464 1076 1685 1137 estbenedictus
1698 1078 1729 1139 iu
1743 1094 1794 1139 ao-

995 1167 1066 1223 eula.
1082 1168 1180 1227 Amen.
1197 1167 1265 1223 Data
1283 1166 1415 1223 Kalendis
1435 1166 1525 1238 April.
1549 1166 1752 1227 Valentiniano
1772 1176 1793 1229 st

995 1257 1135 1315 Florentio
1151 1257 1186 1315 V.
1202 1256 1245 1314 Cl.
1261 1272 1351 1313 conss.
1373 1282 1382 1305 ι

1160 1358 1226 1412 lum
1239 1371 1272 1410 ee
1287 1353 1477 1425 suprascriptis
1495 1353 1639 1425 capitulis.

1033 1447 1111 1519 (Cap.
1129 1447 1169 1518 l.)
1187 1472 1196 1494 ‹
1216 1446 1316 1503 Sancta
1329 1445 1455 1519 synodus
1469 1447 1598 1504 Romana
1610 1445 1711 1502 dlxit:
1735 1447 1793 1505 nse

996 1545 1060 1593 sunt
1075 1554 1135 1610 quae
1153 1538 1291 1610 deinceps,
1308 1546 1418 1609 propter
1435 1537 1573 1592 malorum
1590 1536 1795 1593 hominumlo-

996 1626 1091 1695 sidias,
1107 1627 1154 1700 qui
1170 1627 1198 1682 in
1214 1627 1365 1683 Ecclesiam
1380 1632 1407 1682 et
1424 1626 1453 1682 iu
1468 1624 1677 1683 ecclesiasticos
1691 1625 1795 1684 indesi-

149 1741 159 1775 ι
177 1719 332 1781 sufflaveris
346 1721 376 1778 in
389 1720 553 1787 scintillam,
566 1719 643 1791 quasi
660 1717 730 1789 iguis
744 1712 902 1771 exardebit:
914 1719 941 1768 et
958 1725 981 1784 Β
995 1725 1093 1773 nantes
1106 1717 1226 1774 saeviunt
1235 1717 1320 1786 viros,
1331 1716 1489 1772 conservari
1500 1715 1794 1775 firmissimevclumus

149 1831 159 1863 ι
178 1809 200 1865 si
218 1811 362 1880 exspueris
377 1825 460 1881 super
472 1808 559 1872 illam,
569 1807 772 1878 exstinguetur,
783 1811 809 1861 at
825 1811 941 1875 utraque

148 1919 158 1947 ι
177 1914 212 1956 ex
224 1916 271 1957 ore
283 1899 508 1971 proficiscuntur.
521 1897 639 1957 susurro
648 1905 676 1953 el
684 1895 817 1966 bilinguis
827 1892 940 1952 maledi·

149 2009 159 2037 a
178 1992 254 2043 otus:
272 1989 375 2043 multos
390 1988 465 2043 enlm
481 1986 605 2043 turbavit
619 2000 712 2056 pacem
723 1982 863 2040 habentes.
876 1982 939 2038 Liu-

149 2096 159 2121 «
178 2090 229 2146 gna
253 2076 333 2134 tertia
349 2075 452 2132 multos
470 2073 633 2140 commovit,
651 2079 678 2128 et
693 2071 824 2144 dispersit
847 2071 940 2127 illose

149 2187 159 2213 ι
179 2170 259 2232 gente
274 2162 303 2219 in
323 2170 441 2234 gentem.
468 2162 601 2219 Civitates
616 2168 738 2217 muratas
751 2160 870 2219 divitum
885 2159 939 2216 de-

148 2254 289 2322 ustrunit,
312 2263 340 2311 et
362 2253 460 2313 domos
484 2259 675 2324 magnatorum
690 2249 797 2306 eliodit.
815 2248 939 2305 Virtutes

148 2368 157 2392 ι
176 2338 939 2416 populorumconcidit,etgeutesfortesdissolvit.Lin-

147 2458 157 2487 ι
176 2449 228 2504 gua
241 2435 323 2494 testis
338 2433 468 2494 mulieres
488 2432 580 2489 irritas
594 2431 684 2502 ejecit,
700 2438 727 2486 et
741 2429 862 2501 privavit
877 2426 939 2481 illas

146 2547 156 2576 ι
175 2522 209 2582 de
225 2524 366 2587 laboribus
380 2524 447 2581 suis.
465 2523 516 2591 Qui
533 2523 645 2594 respicit
660 2521 811 2588 illam,non
826 2515 938 2577 habebit

147 2635 156 2663 ι
176 2613 311 2682 requiem,
327 2629 377 2671 neo
392 2611 529 2672 habitabit
539 2627 601 2667 cum
615 2610 719 2683 requie.
735 2607 849 2679 Flagelli
860 2606 939 2679 plaga

147 2719 157 2747 ι
177 2697 382 2762 liseremlaeit:
395 2699 472 2772 plaga
480 2708 570 2759 autem
582 2700 682 2771 linguae
690 2697 857 2754 comminuit
865 2711 935 2752 ossa.

145 2809 155 2842 s
175 2784 937 2859 Multioecideruntiuoregladiizsednonsicquemodo

147 2896 158 2929 s
177 2875 224 2947 qui
234 2876 399 2936 interierunt
410 2878 584 2948 perlingnam
595 2878 839 2950 suumsseatusqui
850 2885 937 2934 tectus

147 2985 157 3013 ι
176 2970 218 3020 est
233 2980 248 3019 a
263 2964 357 3035 lingua
372 2973 536 3038 usquamst
547 2967 594 3039 qui
611 2967 780 3025 iracundiam
793 2968 870 3027 illius
880 2982 934 3025 non

995 1808 1147 1865 insaecula.
1170 1808 1198 1864 Si
1221 1809 1283 1882 quis
1304 1808 1448 1881 episcopus
1462 1809 1498 1864 ab
1513 1808 1571 1863 illis
1592 1808 1795 1867 accusatoribus

994 1893 1042 1965 qui
1057 1894 1210 1967 recipiendi
1220 1882 1290 1951 'sunt
1305 1895 1390 1950 luerit
1403 1903 1558 1961 accusatus,
1576 1900 1729 1966 postquam
1744 1895 1792 1968 lpse

994 1982 1028 2038 ab
1042 1982 1082 2037 eis
1093 1981 1257 2038 charitative
1272 1975 1426 2039 conventus
1444 1983 1540 2050 iuerit,
1565 1992 1599 2039 ut
1627 1982 1719 2055 ipsam
1732 1999 1793 2040 cau-

993 2086 1050 2126 sam
1074 2071 1218 2128 emendare
1238 2072 1345 2140 debeat,
1362 2081 1389 2127 at
1411 2088 1470 2128 eam
1495 2072 1641 2143 corrigere
1666 2074 1791 2144 noluerit,

994 2176 1049 2215 non
1065 2160 1143 2229 olim,
1158 2161 1205 2217 sed
1215 2169 1283 2218 tunc
1300 2161 1335 2216 ad
1349 2177 1473 2216 summos
1488 2161 1625 2234 primates
1640 2178 1728 2221 causa
1740 2164 1790 2236 eju

993 2252 1124 2308 canonice
1139 2251 1286 2308 deleratur.
1304 2252 1357 2319 Qui
1371 2253 1400 2307 in
1417 2269 1541 2324 congruo
1552 2253 1617 2309 loeo
1631 2254 1708 2311 inira
1716 2256 1790 2328 ipsam

994 2341 1165 2411 provinciam
1188 2348 1341 2413 tempores
1359 2341 1515 2398 canonibus
1537 2341 1660 2413 praefluo
1679 2343 1789 2401 hicanis

993 2430 1142 2486 concilium
1158 2431 1290 2486 canonice
1308 2448 1406 2488 vocare
1420 2430 1573 2500 debebunt,
1591 2433 1632 2488 ita
1648 2440 1681 2489 ut
1695 2433 1729 2490 ab
1740 2451 1789 2491 om·

993 2519 1075 2576 nibus
1090 2520 1211 2591 ejusdem
1228 2522 1378 2592 provinciae
1391 2522 1527 2593 episcopis
1542 2523 1574 2577 in
1600 2539 1636 2578 eo
1660 2524 1788 2580 audiatur.

992 2610 1023 2665 In
1038 2627 1093 2681 quo
1105 2617 1132 2665 et
1147 2611 1204 2681 ipse
1218 2612 1351 2666 canonice
1361 2618 1540 2679 convocatus,
1552 2611 1575 2667 si
1588 2628 1655 2667 eum
1666 2620 1715 2670 sut
1724 2612 1790 2669 infir·

993 2699 1073 2754 milas
1087 2708 1134 2755 aut
1149 2701 1300 2772 aliagrsvis
1311 2701 1455 2756 necessitas
1466 2717 1522 2757 nou
1535 2700 1789 2770 detinuerit,sdesee

991 2786 1101 2844 debebit
1118 2806 1123 2843 ε
1151 2791 1215 2861 quia
1240 2789 1315 2844 ultra
1328 2789 1480 2861 provincia
1495 2790 1637 2846 terminos
1651 2790 1788 2848 accusandi

990 2886 1054 2933 aute
1067 2879 1179 2933 licentia
1194 2895 1249 2934 non
1264 2887 1314 2947 est,
1330 2895 1408 2951 qtram
1429 2879 1574 2935 audientia
1594 2882 1787 2953 rogetur.llsm

990 2968 1012 3023 si
1030 2969 1087 3022 suis
1102 2967 1183 3023 rebus
1198 2968 1281 3023 luerit
1295 2969 1473 3039 exspoliatus,
1486 2977 1533 3023 ant
1545 2969 1623 3040 quod
1631 2969 1714 3038 absit,
1723 2969 1786 3043 quod

143 3076 153 3108 e
171 3056 308 3123 transivit,
321 3063 348 3115 et
357 3057 404 3129 qui
416 3074 471 3114 non
480 3059 593 3112 attraxit
599 3057 695 3130 jugum
704 3056 803 3128 ejus,et
815 3057 935 3114 vinculis
952 3079 974 3140 0
989 3059 1110 3113 alienum
1127 3056 1161 3113 ab
1174 3057 1303 3112 cornibus
1317 3057 1397 3112 debu
1411 3073 1469 3112 esse
1479 3057 1623 3126 fidelibus,
1636 3059 1724 3117 asede
1735 3075 1788 3131 pre

143 3167 153 3201 s
172 3145 249 3207 illius
259 3163 314 3205 nou
326 3155 366 3203 est
378 3147 485 3219 ligatus.
496 3146 678 3218 iugumenim
690 3146 870 3220 illiusjugum
882 3147 933 3203 ier-

142 3257 152 3287 ·
171 3236 934 3305 reumest,etviuoulumilliusvinoulumareumestllcrs

97 3359 99 3363 -
140 3325 933 3400 ailliusmorsnequisslma,etutilispotiusiuieruusqunm

139 3435 150 3470 a
171 3415 230 3473 illa.
245 3417 450 3476 Pemeverantia
461 3417 537 3474 illius
548 3434 603 3476 nou
614 3417 932 3490 permanebit,sedobti·

141 3527 151 3561 a
171 3505 248 3563 nehit
264 3508 324 3565 vias
334 3508 513 3579 injustorum,
525 3516 552 3564 et
566 3508 595 3563 in
610 3508 720 3565 ilsmnra
734 3525 783 3564 sua
793 3524 848 3563 non
860 3524 932 3562 com·

142 3617 152 3651 s
170 3595 251 3651 buret
262 3596 362 3666 justos.
379 3597 431 3662 Qui
447 3597 643 3668 derelinquunt
662 3599 749 3653 Deum
764 3596 889 3654 incidant
903 3598 933 3653 iu

138 3701 148 3733 s
168 3681 257 3749 illam,
275 3691 301 3737 et
312 3684 470 3740 exardescet
486 3684 514 3738 in
530 3685 596 3750 illis,
616 3693 643 3741 et
656 3703 712 3741 non
727 3685 930 3757 exstinguetur,

139 3790 150 3823 s
168 3774 195 3824 et
209 3768 377 3828 immittetur
388 3773 415 3827 in
427 3773 491 3833 illos
503 3773 581 3844 quasi
593 3773 677 3838 leo,et
689 3775 766 3844 quasi
778 3773 878 3844 parolus
888 3776 932 3830 lae·

138 3882 148 3913 a
167 3859 213 3917 det
226 3876 281 3916 eos.
297 3860 360 3932 Sepl
376 3875 454 3916 aures
469 3868 530 3915 tuas
546 3859 644 3930 spinis,
658 3867 685 3915 et
699 3861 756 3915 noli
772 3861 867 3916 audire
879 3863 929 3918 lin·

71 3968 73 3972 ·
138 3975 148 4002 a
167 3968 248 4023 guam
262 3967 392 4022 nequam,
407 3959 433 4005 et
448 3947 488 4004 orl
503 3955 551 4003 tuo
566 3947 651 4002 lecito
666 3949 746 4015 ostia,
761 3959 788 4005 et
802 3967 874 4006 seras
884 3969 930 4006 au·

139 4060 148 4091 s
167 4036 244 4093 ribus
259 4036 326 4093 tuis.
340 4039 445 4093 Aurum
457 4045 536 4092 tuum
547 4045 573 4093 et
583 4045 726 4109 argentum
739 4047 816 4097 tuum
829 4040 928 4109 contla,

137 4147 146 4178 ι
166 4131 193 4178 at
216 4124 308 4180 verbis
328 4125 384 4181 tuis
408 4125 492 4181 lacito
516 4135 656 4191 stateram,
670 4134 697 4182 et
713 4128 806 4184 irenes
820 4131 862 4185 ori
880 4139 929 4186 tuo

136 4238 147 4269 ι
165 4221 265 4272 rectos.
277 4215 312 4271 Et
325 4215 435 4273 attende
447 4232 483 4272 ne
494 4216 565 4272 forte
580 4215 680 4274 labaris
693 4219 721 4273 in
731 4219 825 4291 lingua
835 4227 893 4288 tua,
902 4229 928 4277 et

135 4327 145 4358 ι
161 4304 244 4361 cedas
260 4306 289 4363 in
306 4313 454 4377 conspectu
468 4306 646 4364 inimieorum
661 4307 853 4366 insidiantium
863 4309 925 4378 tibi,

135 4418 145 4443 ι
162 4402 190 4451 et
203 4395 240 4453 sit
253 4413 332 4455 casus
345 4404 410 4454 tuus
425 4397 587 4454 insanabilis
607 4397 635 4453 in
648 4407 775 4455 mortem.
789 4424 798 4447 ι
820 4401 923 4459 lstaca·

126 4493 209 4540 vsant
225 4501 329 4554 omnes,
348 4494 379 4542 ut
391 4485 538 4544 cohibeant
553 4489 661 4560 linguas
675 4506 690 4544 a
706 4490 788 4557 melo,
809 4501 836 4547 et
851 4492 924 4547 labia

126 4587 221 4629 sorum
236 4589 270 4628 ne
286 4575 435 4647 loquantur
450 4575 555 4632 dolum.
577 4578 616 4633 De
630 4587 740 4645 caetero,
756 4577 923 4649 charissimi,

125 4662 322 4720 confortamini
337 4665 366 4728 in
376 4666 505 4735 Domino,
517 4674 544 4721 et
554 4668 584 4721 in
595 4669 717 4738 potentia
728 4669 841 4726 virtutis
855 4671 923 4743 ejus.

125 4734 236 4804 1uduite
249 4767 298 4806 vos
313 4759 479 4808 armaturam
495 4753 554 4819 liei,
570 4764 601 4810 ut
617 4756 728 4825 possitis
742 4766 814 4814 stare
829 4759 923 4816 adver-

124 4854 172 4897 sus
186 4837 305 4894 iusidias
316 4839 431 4907 diaboli,
440 4843 571 4914 queniam
582 4860 637 4899 non
648 4855 688 4901 est
702 4846 782 4902 nobis
793 4848 922 4905 collucta-

124 4927 164 4984 tio
189 4927 322 4984 adversue
346 4946 456 4986 carnem
482 4940 510 4986 et
532 4935 704 5005 sanguinem,
720 4934 767 4991 sed
790 4936 922 4994 adversus

126 5016 265 5090 principes
280 5026 307 5074 et
320 5026 478 5092 potestates,
487 5021 618 5077 adversus
631 5023 727 5079 mundi
743 5033 861 5081 rectores
875 5035 922 5084 te-

124 5104 271 5162 nebrarum
287 5106 500 5177 harum‚ocntre
510 5109 664 5183 spiritualia
678 5114 808 5186 nequitie
822 5115 850 5170 in
861 5133 920 5172 oee-

123 5193 248 5252 lestibua.
265 5196 411 5269 Propterea
426 5199 628 5272 aecipitearma
637 5200 697 5268 Dei,
710 5210 740 5256 ut
752 5204 862 5274 possitis
872 5221 920 5260 re-

123 5283 218 5344 sistere
245 5285 273 5340 in
290 5284 334 5341 die
348 5288 431 5356 malo,
447 5298 474 5346 et
503 5290 532 5345 in
548 5289 677 5346 omnibus
701 5291 815 5363 perlecti
834 5300 917 5348 stare.

123 5367 197 5426 State
210 5389 274 5446 ergo
298 5376 432 5434 succincti
455 5378 565 5435 lumbos
580 5389 685 5438 vestros
700 5383 728 5439 in
748 5384 875 5451 varitate,
892 5392 919 5441 et

122 5455 214 5512 induti
228 5461 341 5521 loricam
352 5466 479 5538 justitie,
496 5476 522 5524 et
535 5470 649 5528 calceati
664 5473 745 5545 pedes
763 5474 791 5529 in
807 5490 918 5546 praepa-

123 5545 229 5603 ratione
241 5551 386 5625 Evangelii
406 5558 489 5628 paois.
506 5559 538 5614 In
553 5561 682 5618 omuibus
696 5570 836 5618 sumentes
850 5580 918 5619 scu-

990 3147 1048 3219 pria
1066 3144 1179 3215 ejectus,
1195 3153 1242 3200 aut
1262 3145 1290 3201 in
1306 3145 1465 3202 detentione
1480 3147 1576 3218 aliqua
1591 3164 1608 3202 a
1625 3148 1684 3203 suis
1695 3147 1787 3204 ovibus

988 3237 1072 3293 luerit
1086 3243 1280 3309 sequestratus,
1295 3247 1363 3293 tuno
1374 3237 1514 3305 canonice,
1532 3248 1683 3312 antequam
1698 3240 1728 3297 iu
1738 3238 1787 3312 pri·

988 3326 1092 3382 stinum
1106 3327 1266 3382 restituatur
1281 3325 1423 3392 bonorem,
1439 3334 1466 3382 et
1477 3343 1526 3381 sua
1542 3327 1641 3383 omnia
1655 3345 1715 3400 quae
1727 3327 1785 3383 insi·

988 3416 1041 3471 diis
1056 3415 1232 3471 inimicorum
1249 3430 1373 3482 suorum,
1385 3415 1410 3470 ai
1425 3414 1515 3470 ablata
1532 3415 1648 3473 fuerant
1660 3418 1685 3472 ei
1702 3417 1783 3473 redin-

987 3514 1137 3578 tegrentur,
1153 3519 1207 3564 trec⁴
1219 3504 1365 3560 convocari
1386 3519 1437 3559 uec
1458 3503 1581 3574 judicari
1604 3504 1717 3577 poterit,
1736 3504 1782 3560 ulai

988 3595 1045 3666 ipse
1058 3611 1106 3666 pro
1122 3611 1171 3650 sua
1182 3594 1353 3661 necessitate,
1370 3593 1485 3649 minima
1500 3600 1597 3649 tamen
1610 3592 1782 3666 judicandus,

986 3683 1117 3738 advenire
1136 3692 1233 3754 sponte
1254 3683 1375 3754 elegerit.
1391 3684 1447 3739 Nec
1470 3684 1589 3738 omnino
1614 3701 1632 3739 a
1654 3700 1781 3757 qucquam

986 3772 1149 3843 respondere
1171 3779 1293 3843 cogatur,
1317 3779 1464 3843 antequam
1489 3771 1674 3843 integerrime
1687 3771 1780 3840 omnis,

986 3876 1045 3933 qum
1057 3877 1105 3932 per
1119 3860 1304 3932 suggestiones
1326 3859 1503 3916 inimicorum
1518 3876 1636 3917 suorum
1651 3863 1781 3925 amiserat,

985 3950 1112 4021 potestati
1124 3950 1182 4021 ejus
1195 3949 1395 4006 honorabiliter
1405 3949 1642 4023 redintegrentur,
1654 3961 1682 4008 et
1691 3951 1780 4024 presul

984 4031 1060 4111 prius
1074 4039 1157 4095 statui
1172 4040 1290 4113 pristino
1304 4039 1443 4108 reddatur,
1462 4048 1489 4096 et
1504 4040 1563 4112 ipse
1578 4041 1726 4115 dispositis
1738 4057 1781 4097 or·

984 4127 1140 4200 dicetisque
1154 4128 1240 4184 libere
1252 4145 1283 4184 ac
1297 4144 1393 4184 secure
1405 4128 1472 4196 suis,
1489 4137 1558 4184 tunc
1572 4131 1711 4187 canonice
1723 4144 1779 4186 ron·

984 4223 1096 4271 vocatus
1111 4216 1145 4271 ad
1167 4223 1275 4287 tempus
1298 4217 1406 4289 synodo
1428 4217 1598 4289 inlegitima
1614 4227 1642 4274 et
1654 4219 1780 4276 canoniea

982 4305 1075 4361 veniat
1097 4302 1131 4359 ad
1145 4321 1266 4371 oausam,
1281 4312 1307 4359 et
1322 4304 1345 4359 si
1361 4304 1399 4360 ita
1411 4304 1486 4376 juste
1499 4304 1628 4375 videtur,
1649 4322 1779 4364 amnem·

982 4393 1051 4449 tium
1068 4392 1301 4464 propositionibus
1313 4394 1486 4464 respondeat.
1499 4392 1569 4449 Nam
1586 4394 1642 4452 hoo
1656 4411 1778 4451 summm

980 4500 1043 4556 pere
1051 4485 1253 4556 providendum
1264 4494 1315 4553 est,
1332 4500 1366 4539 ne
1377 4492 1524 4556 antequam
1540 4485 1602 4543 haec
1611 4487 1708 4543 omnia
1718 4486 1778 4543 liant

980 4581 1089 4630 coactus
1111 4573 1284 4646 respondeat,
1301 4574 1365 4646 quia
1385 4575 1528 4630 eontentio
1543 4591 1655 4648 semper
1667 4574 1777 4632 viunds

980 4670 1029 4717 est.
1042 4661 1134 4716 hdimi
1151 4679 1268 4734 namque
1283 4664 1411 4735 episeopo
1420 4663 1623 4735 episcopatum,
1634 4672 1775 4738 anteqmm

978 4767 1066 4809 carneae
1080 4751 1139 4823 ejus
1153 4752 1245 4809 exitus
1259 4762 1397 4825 appareat,
1418 4753 1489 4809 nulli
1510 4754 1675 4812 Christiano
1690 4753 1774 4810 sideri

975 4840 1037 4912 jure
1048 4848 1146 4912 potest.
1163 4866 1172 4888 ·
1186 4843 1251 4897 ltem
1263 4860 1295 4896 es
1309 4843 1405 4898 eudem
1419 4844 1491 4916 (cap.
1503 4844 1550 4917 ll)
1568 4863 1573 4901 :
1591 4870 1602 4893 «
1617 4847 1775 4902 Nullusme

977 4930 1160 5002 tropolitenus
1175 4930 1328 5003 episcopus,
1345 4931 1447 5005 absque
1460 4941 1628 4991 caeterorum
1651 4934 1773 4998 omnium

976 5018 1252 5091 comprovincialium
1263 5023 1454 5094 opiscoporum
1465 5023 1609 5092 lnstautia,
1622 5026 1772 5099 aliquorum

976 5112 1069 5168 audiat
1083 5129 1177 5168 causas
1196 5129 1302 5181 eorum,
1326 5113 1390 5187 qnia
1410 5115 1491 5170 irrita
1504 5124 1598 5186 erunt,
1617 5117 1674 5173 imo
1696 5119 1770 5174 etiam

974 5219 1082 5259 catrsam
1097 5204 1126 5257 in
1143 5205 1248 5277 synodo
1263 5222 1313 5277 pro
1328 5206 1400 5262 facto
1411 5206 1525 5264 dabunt.
1540 5210 1595 5266 Nae
1607 5209 1769 5283 reliquorum

974 5293 1074 5366 aliquis
1088 5294 1279 5369 episcoporum
1295 5312 1407 5351 suorum
1422 5297 1596 5355 sacerdotum
1612 5317 1709 5357 causas
1722 5314 1769 5354 au-

973 5381 1041 5450 diat,
1056 5382 1157 5455 absque
1172 5385 1317 5455 praesentia
1331 5386 1494 5442 clericorum
1510 5405 1643 5445 suorum:
1661 5390 1726 5462 quis
1739 5387 1769 5442 ir·

974 5473 1026 5528 rita
1039 5475 1092 5529 erit
1115 5475 1251 5532 sententia
1264 5475 1395 5550 episcopi,
1414 5477 1468 5533 nisi
1487 5480 1637 5550 praeseutia
1653 5478 1769 5536 clerieo-

972 5580 1035 5619 rum
1051 5562 1240 5620 confirmetur.
1259 5589 1268 5610 ι
