3834 6136
671 242 987 303 MARTYBOLOGIUM.
1007 278 1042 290 -
1061 248 1164 304 MENS.
1186 249 1256 304 JUN.

863 416 1054 473 AUCTABIA.

162 556 314 610 Bosa-aro.
332 554 422 608 textui
438 552 503 607 satis
518 569 597 623 puro,
610 553 700 609 infiue
714 555 833 627 adjicit:
856 559 1100 628 ‹Bo-illatione,
1135 562 1241 617 solenni
1267 563 1370 634 judicis
1403 576 1547 636 praecepto,
1589 565 1668 621 linita
1701 574 1783 621 est.»

125 643 188 692 ma,
204 625 279 680 Festi
302 632 329 679 et
346 626 467 689 buceiae,
487 641 548 679 curri
565 625 628 680 aliis
642 642 713 696 xxii.
734 653 743 675 ι
766 628 836 684 Vide
853 631 931 685 Acta.

160 698 332 752 Pausanias:
344 696 499 751 «Nativitas
507 696 686 753 Praecursoris
696 699 808 754 Domini
820 701 934 756 loannis

124 768 153 825 ib
161 767 294 824 iordane.
307 768 340 822 ln
349 767 693 838 PalestiuaEphesiorum,
703 770 835 828 dormitio
845 773 933 829 sanmi

123 839 240 898 loannis
261 839 384 922 apostoli
408 846 435 894 et
450 840 634 911 evangelistae.
657 841 760 909 Bomae,
774 851 931 900 sanctoruni

125 912 211 977 Festi,
220 911 316 967 Lucra».
325 926 390 966 cum
399 910 463 966 aliis
475 928 544 965 xxu.
556 912 587 967 ln
597 912 711 968 civitate
720 915 931 985 Augaistodrmo,

127 982 265 1055 depositio
278 982 367 1038 sancti
384 980 521 1053 Simplicii
537 983 657 1054 episcopi
678 993 704 1039 et
719 986 894 1041 contessoris.
916 1011 925 1033 »

163 1057 323 1120 auresue,
349 1053 549 1109 blan-buoso.
566 1063 593 1109 et
612 1054 782 1111 Uouascrsv.
799 1057 933 1114 omittunt

126 1124 356 1190 Christolieuses,
373 1133 400 1179 et
416 1125 444 1179 in
460 1124 513 1179 fine
530 1124 685 1194 adjiciunt:
710 1153 718 1173 ι
735 1127 837 1196 Bomae,
851 1129 932 1197 Fisti,

125 1198 323 1265 Luceiae,‹urn
340 1196 405 1251 aliis
418 1196 516 1267 viginti
533 1197 650 1252 duobus.
666 1223 674 1242 ·

160 1285 411 1341 aurosam-liar.
428 1292 456 1340 et
471 1285 615 1340 Lovasruv
639 1293 700 1356 post
716 1288 870 1343 ‹Domini›
887 1290 932 1344 arl-

124 1357 213 1414 dunt:
239 1382 248 1404 ‹
263 1356 351 1428 CuJus
364 1356 549 1422 nativitatem,
562 1357 628 1411 vitm
643 1359 841 1426 austeritatem,
859 1377 932 1431 prae-

123 1429 308 1493 dicationem,
325 1429 479 1500 passionem
496 1442 571 1482 sacra
587 1429 752 1497 Etarrgelica
769 1432 864 1501 pandit
884 1431 932 1486 bi-

126 1501 251 1556 storia.»
273 1500 354 1567 Turn,
377 1498 634 1570 «Augustulum»
656 1509 720 1566 etc,
746 1518 823 1571 pure.
841 1503 928 1559 Dein:

135 1595 145 1618 ι
160 1573 271 1638 Barna,
281 1572 366 1626 sancti
376 1571 451 1642 Systi
465 1569 529 1652 [laps
540 1571 625 1644 Festi]
641 1579 667 1625 ct
679 1572 784 1627 Luceiae
795 1589 856 1628 carru
869 1575 932 1630 aliis

127 1659 204 1698 xxrr.
220 1644 252 1698 ln
269 1642 404 1698 territorio
420 1642 629 1709 Parrslacensi,·
650 1652 716 1710 etc,
731 1644 797 1698 sartis
817 1661 893 1716 pure.

165 1735 348 1800 Utraarecr,
363 1733 485 1789 Lernen.
502 1741 528 1788 et
539 1733 638 1789 Burrio
651 1735 928 1792 distamen-Beue.

124 1822 187 1860 curn
204 1805 316 1860 altaribus
331 1806 456 1877 proxime
475 1804 568 1862 citatis
585 1813 748 1872 consonant,
764 1807 810 1862 sed
827 1810 929 1879 penul—

124 1885 195 1932 timo
212 1878 274 1931 loeo
291 1878 476 1932 interserunt:
501 1878 554 1931 «lu
571 1877 719 1947 llagliniis‚
738 1880 825 1947 passio
841 1881 928 1935 sancti

125 1948 257 2005 Bumoldi
273 1949 396 2019 episcopi
410 1956 437 2003 et
452 1948 591 2018 martyris.
608 1973 616 1994 ι
635 1948 775 2021 Quidquid
790 1950 826 2005 sit
841 1951 929 2006 dedic

125 2021 267 2091 martyrii,
288 2021 390 2074 colitur
404 2038 413 2074 1
426 2019 501 2074 Julii.

159 2111 287 2177 mene.
312 2115 339 2162 et
363 2109 460 2163 Danau.
486 2109 632 2179 postremis
653 2109 759 2165 sinaites
782 2112 929 2180 sunt,nis1

126 2180 197 2254 quod
213 2178 432 2235 Christolienses
448 2180 686 2252 pretermiserint.

161 2269 345 2326 maurus:
374 2264 539 2325 ‹Nativitas
560 2269 631 2325 beati
653 2269 766 2326 loannis
788 2271 927 2344 Baptista,

127 2338 440 2411 cujusinaestimabilem
456 2340 611 2396 sanctitatis
626 2341 788 2413 dignitatem
803 2343 929 2400 Salvator

127 2421 218 2468 uester
233 2408 363 2468 Christus
378 2408 513 2468 Dominus
527 2412 637 2484 proprio
652 2430 777 2469 sermone
792 2432 929 2471 conamen·

127 2482 181 2552 dat,
205 2484 324 2540 dicens:
350 2481 431 2539 «Nou
447 2483 567 2539 surrexit
588 2484 661 2539 inter
683 2493 761 2541 natos
782 2487 928 2541 mulierum

135 2553 253 2611 ‹ma'or
282 2555 387 2610 loanue
415 2552 546 2626 Baptista.
571 2581 579 2602 ·
607 2556 819 2628 augustoduno,
840 2559 928 2614 sancti

128 2624 207 2698 Simp
222 2626 270 2682 icil
287 2624 407 2698 episcopi
428 2633 454 2681 et
472 2624 645 2684 confessoris.
664 2653 672 2675 ι

163 2714 544 2771 ButtxsrtsrvdeloanneBa
567 2715 927 2786 tista‚utArsruanr².-lllax.,

129 2794 180 2842 etc.
197 2785 326 2841 Secundo
341 2787 420 2842 loco:
442 2787 494 2840 «ln
510 2731 644 2842 Pafestina
660 2789 853 2860 Ephesiorum,
868 2791 929 2846 dor·

130 2857 209 2913 mitio
226 2857 301 2912 beati
315 2858 429 2913 loannis
444 2857 560 2928 apostoli
579 2867 607 2913 et
624 2861 807 2930 evangelistas.
824 2863 855 2917 lu
870 2870 930 2917 ter-

129 2928 230 2985 ritorio
260 2928 450 2995 Parisiacensi,
497 2928 568 2984 assio
591 2937 750 2986 sauctorum
778 2933 884 2988 Aoaodi
904 2942 930 2988 et

128 2998 250 3055 Gliberti
277 3015 353 3067 cuni,
369 3019 384 3050 u
400 3007 451 3055 etc.
471 2944 510 3055 de
525 3000 680 3071 Simplicio,
708 3019 783 3073 pure.
803 2975 839 3059 in
856 3005 928 3059 line:

135 3095 144 3118 «
160 3069 249 3142 Apud
264 3070 458 3139 Anderlacum,
476 3072 593 3127 elerstio
607 3075 695 3130 sancti
713 3074 849 3131 Guidouis
859 3092 931 3131 cou-

130 3141 255 3198 fessoris.
278 3165 288 3186 ι
309 3141 373 3198 Dies
387 3144 484 3198 uatalls
497 3151 539 3198 est
554 3161 594 3199 xu
608 3145 786 3216 Septembris.

164 3232 354 3286 Brasuertae.
367 3234 428 3302 post
447 3231 594 3298 «Domini,
610 3247 619 3279 r
637 3232 675 3288 ita
691 3234 796 3304 pergit:
821 3261 830 3282 ‹
846 3235 932 3306 Cujus

1024 650 1174 706 Atrebas:
1198 676 1207 699 ‹
1221 654 1399 723 Aritisidiori,
1410 656 1497 713 sancti
1511 654 1611 710 Hierici
1632 653 1784 710 monachi.»

988 721 1019 776 ln
1033 723 1111 777 Actis
1125 733 1239 780 vocatur
1253 727 1398 793 ‹Bricus‚·
1419 727 1510 801 ibique
1525 728 1581 782 vita
1591 726 1728 781 illustrata
1738 733 1788 780 est..

1024 812 1210 870 sconsam*
1230 817 1355 884 «Roma,
1375 823 1533 872 sanctorum
1549 822 1703 889 martyrum
1716 816 1788 872 Festi

987 890 1015 937 et
1029 880 1130 951 Lucia,
1146 900 1209 941 cum
1224 887 1287 944 aliis
1302 905 1372 944 xxu.
1394 913 1402 934 ·
1425 888 1531 960 Saepius
1546 896 1697 945 recurrent.

1022 971 1245 1032 Bassanitas:
1274 1004 1282 1023 ·
1303 977 1333 1033 ln
1352 979 1492 1034 territorio
1515 977 1706 1044 Parisiacensi,
1727 978 1790 1032 vico

987 1042 1148 1112 Christolio,
1173 1049 1262 1117 passio
1282 1059 1440 1106 sanctorum
1462 1048 1566 1119 Apoadi
1586 1058 1613 1104 et
1633 1047 1787 1117 Cumberti,

987 1131 1048 1171 curn
1066 1117 1128 1172 altis
1141 1119 1295 1175 innumeris
1311 1122 1460 1192 promiscui
1476 1139 1566 1177 sexus.
1583 1149 1591 1169 ι
1611 1122 1646 1177 Ut
1660 1122 1687 1175 in
1699 1129 1787 1177 textu.

1024 1211 1145 1265 Beuuss.
1166 1212 1213 1266 SS.
1240 1213 1362 1268 'l’imotb
1380 1223 1407 1269 et
1427 1195 1519 1285 Apoll.
1543 1212 1722 1286 «Ambianis,
1742 1212 1790 1265 in-

987 1281 1081 1334 ventio
1101 1284 1223 1352 corporis
1239 1286 1325 1339 sarieti
1342 1285 1469 1350 Quimini
1486 1284 1627 1357 martyris.
1650 1310 1657 1330 ι
1681 1282 1789 1340 Colitur

986 1366 1056 1406 xxxi
1072 1352 1144 1419 Oct,
1163 1353 1208 1408 ubi
1221 1355 1303 1409 etiam
1323 1356 1356 1412 ale
1372 1357 1424 1410 bac
1438 1357 1620 1411 translatione
1635 1364 1739 1426 agetur.

1021 1424 1119 1477 Burrio
1148 1424 1342 1480 leuem-Cor..
1373 1428 1406 1482 ad
1438 1452 1445 1472 ι
1472 1427 1581 1483 Domini
1606 1454 1615 1473 ·
1642 1427 1786 1497 sequitur:

993 1514 1002 1537 τ
1018 1493 1119 1548 Aderat
1133 1504 1222 1550 aritiam
1237 1496 1301 1551 lruic
1312 1499 1453 1553 nativitati
1468 1499 1546 1553 beata
1561 1499 1641 1568 virgo
1654 1497 1739 1551 llaria
1762 1505 1788 1551 et

986 1563 1074 1634 ipsum
1087 1565 1219 1620 inermem
1236 1569 1292 1622 suis
1309 1569 1441 1640 virgineis
1458 1571 1587 1625 inanibus
1600 1569 1633 1623 dc
1649 1576 1720 1622 terra
1752 1582 1787 1620 e-

985 1637 1072 1691 vavit.
1084 1635 1170 1707 Cujus
1185 1639 1370 1706 nativitatem,
1387 1667 1395 1686 ·
1418 1649 1470 1696 ete.
1490 1642 1570 1701 Turn.
1585 1641 1618 1697 de
1630 1637 1787 1708 Simplicio,

985 1722 1061 1776 pure.
1081 1710 1202 1775 ·ll0mae,
1219 1719 1375 1767 satiatorum
1393 1710 1630 1783 riiartyrumSysti
1642 1709 1787 1764 etLuceiar

985 1778 1113 1849 virginis,
1127 1795 1191 1835 curu
1207 1781 1270 1838 aliis
1285 1783 1384 1852 vipinti
1400 1784 1540 1839 duobus.»
1556 1785 1586 1838 lu
1602 1781 1787 1838 Christolien·

984 1849 1061 1905 sibus
1077 1868 1144 1922 pura
1158 1860 1208 1907 est.
1230 1854 1354 1910 Deinde:
1379 1881 1387 1901 ‹
1407 1856 1547 1921 Pictaviae,
1568 1861 1726 1910 sanctarum
1740 1849 1787 1906 Pe·

944 1921 1075 1990 Bctinoe,
1101 1925 1278 1990 Matrinaaet
1303 1927 1444 1983 Columbae
1467 1927 1609 1998 virginum
1633 1931 1661 1978 et
1685 1929 1786 1991 inarty-

985 2008 1058 2047 ruru.
1075 2019 1083 2039 ν
1110 1996 1180 2052 Vide
1196 2000 1309 2054 nouiiua
1325 2000 1425 2055 melius
1441 2000 1558 2054 lorrrrata
1574 1999 1601 2051 iu
1618 1993 1787 2050 Praeterruis·

921 2113 926 2123 ,
985 2063 1031 2118 sis.
1054 2062 1205 2122 «inventio
1230 2073 1317 2126 sancti
1334 2071 1462 2138 Quintini
1489 2069 1656 2141 martyris.»
1679 2068 1717 2121 De
1733 2080 1788 2136 (111²

985 2151 1077 2206 supra.

1022 2228 1166 2285 Cassan:
1191 2256 1200 2277 ι
1216 2233 1357 2303 Depositio
1373 2232 1585 2289 sanctiloannis
1599 2229 1785 2299 evangelistas·

986 2300 1089 2368 Roma,
1104 2309 1260 2357 sanctorum
1274 2305 1347 2375 Systi
1361 2312 1388 2358 et
1403 2304 1520 2369 Luceiae,
1530 2319 1593 2359 curu
1608 2302 1670 2356 aliis
1680 2299 1785 2354 uiuitis·

985 2370 1115 2440 Pietatis,
1132 2384 1287 2429 sanctarum
1315 2376 1442 2437 Pectines.
1459 2377 1583 2430 blattina
1598 2381 1626 2429 et
1644 2371 1787 2429 Columbae

984 2443 1124 2512 virginum
1141 2452 1168 2498 et
1191 2455 1354 2515 martyrum.
1377 2447 1559 2513 antisiodori,
1582 2440 1785 2522 lleyriqllrici]

984 2515 1159 2570 contessoris.
1187 2517 1314 2572 luventio
1337 2519 1424 2573 sancti
1454 2517 1582 2584 Quintini
1610 2521 1780 2585 inemptis.-

986 2584 1146 2643 Bemittitur
1159 2587 1193 2642 ad
1208 2590 1339 2656 natalem,
1355 2605 1425 2644 xxxr
1440 2588 1538 2646 Octob.

1020 2674 1130 2730 Morsu.
1155 2675 1189 2730 de
1217 2675 1320 2732 loanne
1344 2677 1468 2749 Baptista
1496 2677 1558 2732 aliis
1578 2675 1679 2729 litteris
1699 2673 1787 2727 multa

985 2745 1093 2810 inserit,
1111 2760 1170 2818 qum
1199 2746 1298 2803 melius
1320 2748 1347 2802 ln
1365 2751 1440 2803 Actis
1459 2747 1564 2818 digesta
1577 2751 1651 2801 saint.
1667 2746 1696 2800 ln
1711 2744 1784 2824 iliae:

993 2842 1002 2863 ι
1022 2817 1051 2872 ln
1074 2814 1232 2883 Meclrliuia,
1259 2819 1348 2889 passio
1372 2821 1460 2876 sancti
1477 2817 1604 2876 Brimoldi
1622 2818 1743 2895 episcopi
1759 2824 1786 2868 et

987 2890 1127 2960 martyris.
1148 2888 1270 2957 Lanlrils,
1299 2891 1385 2946 sancti
1414 2889 1588 2962 Theodulplri
1618 2888 1738 2958 episcopi
1759 2894 1786 2940 et

987 2960 1180 3017 contessoris·
1199 2956 1269 3016 Tum
1286 2961 1358 3033 typis
1374 2961 1545 3017 minoribus:
1565 2959 1671 3030 «Hujus
1685 2964 1786 3027 corpus

987 3048 1049 3087 euru
1068 3029 1166 3087 Lobias
1181 3030 1331 3100 redeundo,
1352 3032 1419 3089 fines
1438 3033 1560 3089 Francia
1577 3032 1717 3096 evasisset,
1739 3037 1787 3098 per

987 3118 1085 3174 pagurii
1101 3104 1443 3175 quoqueCameraccnsem
1459 3103 1628 3160 valencenas
1639 3114 1785 3180 pervenis-

987 3182 1037 3242 set,
1056 3175 1138 3246 cmpit
1156 3175 1351 3231 miraculorum
1370 3176 1429 3232 luco
1444 3177 1602 3232 clarescere.
1620 3170 1786 3229 Undeillrus

948 3280 970 3340 G
988 3244 1046 3300 lisci
1062 3245 1203 3317 oppidani,
1220 3247 1248 3301 in
1264 3243 1368 3302 honore
1384 3247 1483 3303 tnedlci
1498 3247 1541 3303 sui
1556 3241 1786 3301 divinitusdesti·

132 3302 274 3358 nalit'llall
290 3316 408 3372 [traesessfl
421 3309 478 3357 θῐθῑ
492 3303 570 3357 blata
585 3304 669 3376 VngO
684 3305 768 3360 Malia
783 3314 869 3361 malet
879 3310 931 3362 DO-
988 3317 1056 3384 nati,
1072 3318 1214 3372 ecclesiam
1229 3317 1355 3373 dedicare
1370 3328 1483 3384 vovent,
1499 3327 1526 3374 et
1543 3327 1668 3373 sanctum
1689 3315 1785 3367 l'lreo-

133 3374 209 3441 ruini,
227 3373 336 3428 babens
349 3373 377 3428 in
392 3379 471 3428 uteie
481 3385 530 3429 sao
546 3375 646 3430 Filium
659 3377 718 3431 Dei.
735 3377 819 3449 Cujus
831 3380 930 3433 nativi·

133 3451 224 3515 lateran
242 3447 308 3500 vitae
332 3447 532 3513 austeritatem,
556 3447 789 3516 pradicationem,
808 3451 930 3505 ollioium

133 3517 201 3574 arca
216 3516 333 3573 Domini
351 3527 493 3588 personam
512 3525 538 3573 et
562 3519 725 3589 passionem,
741 3535 817 3574 sacra
835 3522 932 3575 Evan-

135 3589 216 3660 gelica
227 3585 326 3660 pandit
342 3587 467 3643 historia.
478 3584 528 3644 tttc
542 3589 570 3642 iu
587 3590 681 3645 matris
696 3598 807 3657 utero·
824 3598 889 3659 etc,
901 3601 931 3648 ut

134 3661 231 3715 melitis
254 3660 284 3714 in
309 3659 388 3714 Actis
409 3660 528 3714 deducta
544 3659 697 3716 inveniens.
724 3663 755 3717 ln
772 3663 891 3718 secunda
906 3672 932 3719 et

134 3733 212 3786 tertia
229 3731 441 3786 annuntiatione
457 3738 541 3802 purus
556 3738 605 3785 est.
623 3732 774 3804 Sequitur:
798 3759 807 3781 ‹
823 3736 930 3791 Romae:

134 3802 223 3856 uncti
236 3801 302 3856 Sisll
318 3810 344 3857 et
360 3803 474 3873 buceyar
495 3802 635 3858 eurn‘aliis
652 3804 883 3874 vigintiduobus.
901 3807 931 3860 ln

134 3859 287 3928 ilectutota
296 3871 593 3940 Brabantiae‚Burnoldi
606 3875 726 3946 episcopi
735 3883 762 3930 et
772 3878 924 3948 martyris.»

135 3943 244 3999 Colitur
263 3960 272 3998 r
292 3943 366 4012 tulii,
384 3954 415 3999 ut
432 3944 663 4016 supradiximus.

166 4033 313 4089 Vroroam.
326 4040 352 4090 et
362 4036 430 4091 Bao.
442 4034 534 4103 Susa,
551 4052 628 4091 uuor.
643 4035 702 4098 tao,
717 4036 745 4090 in
760 4035 832 4092 sine:
857 4062 865 4084 ‹
880 4040 931 4093 Eo·

136 4103 190 4161 dem
204 4105 262 4173 die,
280 4113 382 4161 sauctae
397 4105 550 4162 Febroniae.
565 4133 574 4154 ‚
596 4100 668 4163 ttae
682 4107 727 4162 die
742 4109 877 4180 sequenti.

165 4194 607 4251 Mareia.Cauros-Utrnmeor.
622 4213 627 4250 :
651 4219 660 4240 ι
675 4196 810 4252 Nativitas
820 4198 933 4254 loannis

139 4260 270 4336 Baptistae.
290 4256 422 4321 Bumoldi
436 4274 565 4337 ruartyrrs
582 4266 608 4321 in
624 4260 781 4322 ilccbliuia.
796 4269 931 4341 Simplicii

140 4338 249 4409 episcopi
264 4347 294 4392 et
312 4337 479 4393 corriessoris
495 4339 603 4409 inclyti.
621 4364 629 4384 »

170 4425 313 4481 Breorrau'.
341 4427 466 4495 signatus
489 4443 514 4498 p.
535 4427 565 4481 5:
586 4429 709 4494 «Borrine,
726 4428 810 4496 Festi,
832 4430 932 4497 Lucire,

140 4510 194 4551 rum
206 4499 270 4553 aliis
286 4498 388 4568 viginti
405 4497 523 4554 duobus.
540 4523 549 4545 ι

168 4587 196 4641 ln
207 4587 346 4642 erroarr.
369 4600 446 4643 num.
460 4588 541 4646 utils.
565 4590 670 4644 Desunt
685 4590 837 4661 siguardus,
852 4591 935 4660 apli-

141 4653 223 4714 bertus
243 4669 271 4715 et
291 4660 466 4730 Simplicius.
493 4659 651 4740 adjicitur:
679 4685 687 4707 ι
713 4661 794 4733 Apud
813 4662 933 4734 Syriae,

987 3388 1121 3458 dulpburu
1150 3388 1202 3443 sibi
1232 3389 1261 3443 in
1290 3397 1449 3460 perpetuum
1476 3389 1594 3444 retinere
1619 3387 1783 3442 deliberant.

987 3457 1108 3513 'Paridem
1123 3460 1333 3516 cttm'clanculo
1349 3476 1363 3515 a
1379 3461 1480 3516 nostris
1499 3460 1559 3516 sine
1575 3460 1633 3515 ullo
1652 3463 1785 3529 apparatu

987 3538 1113 3586 sanctum
1129 3535 1228 3602 corpus
1246 3528 1343 3585 lobias
1357 3531 1513 3598 deducitur,
1537 3543 1584 3604 per
1602 3531 1658 3585 vim
1675 3530 1733 3583 lere
1752 3527 1785 3581 ab

988 3601 1023 3656 iis
1037 3600 1084 3673 qui
1107 3604 1194 3657 curatl
1219 3602 1338 3661 fuerant.
1359 3600 1393 3658 ad
1416 3600 1541 3659 Scaldam
1565 3610 1701 3658 retentum
1721 3599 1784 3679 lull.

987 3672 1082 3728 Natale
1101 3680 1259 3729 sanctorum
1287 3670 1394 3744 Urbasl‚
1417 3670 1553 3731 Theodori
1582 3682 1609 3730 et
1632 3671 1785 3728 Menedemi

987 3754 1152 3816 martyrum,
1164 3761 1226 3800 curu
1243 3744 1305 3801 aliis
1319 3745 1491 3817 septualnla
1505 3755 1619 3818 septem,
1635 3744 1668 3801 de
1683 3741 1786 3816 quibus

988 3814 1142 3889 Tripartitae
1167 3815 1216 3873 llb.
1240 3834 1291 3885 vu,
1316 3834 1375 3888 cap.
1419 3820 1471 3874 ll.-
1494 3817 1527 3873 lli
1544 3818 1572 3872 in
1587 3814 1786 3889 posterioribus

988 3886 1157 3943 editionibus
1186 3889 1284 3943 merito
1307 3889 1402 3945 otnissl
1428 3895 1503 3954 sunt,
1523 3905 1586 3944 nam
1614 3885 1745 3944 coluntur
1769 3904 1785 3940 v

987 3957 1166 4030 Septembris.
1191 3960 1316 4016 «Eodem
1332 3957 1387 4028 dre,
1403 3963 1503 4018 sanctae
1519 3960 1641 4017 Bornular
1656 3953 1784 4028 virginis,

988 4029 1021 4084 de
1037 4047 1091 4103 qua
1105 4030 1200 4086 beatus
1211 4029 1358 4103 Gregorius
1369 4034 1397 4087 iu
1413 4032 1528 4088 bomilia
1539 4038 1565 4088 et
1578 4031 1717 4102 Dialogur.
1735 4027 1784 4082 lib.

988 4118 1027 4167 iv,
1057 4118 1116 4227 cap.
1139 4103 1207 4158 lsi·
1231 4101 1391 4159 llemittitur
1419 4105 1452 4159 ad
1481 4118 1552 4159 sxru
1579 4102 1657 4158 Julii.
1681 4100 1785 4165 «item,

989 4172 1075 4227 sancti
1113 4173 1216 4245 upieini
1227 4177 1347 4229 eremitae
1357 4176 1383 4230 et
1393 4173 1567 4239 confessoris,
1580 4173 1614 4229 tle
1626 4191 1681 4246 quo
1691 4173 1787 4227 beatus

989 4242 1137 4313 Gregorius
1159 4245 1337 4300 'l'urrmensls
1354 4271 1362 4293 2
1384 4244 1522 4300 Hactenus
1537 4245 1626 4314 prima
1640 4244 1738 4300 editio,
1755 4244 1786 4298 ltr

989 4313 1061 4381 aliis,
1075 4314 1165 4370 textui
1182 4315 1271 4370 solum
1287 4315 1408 4383 additur,
1418 4317 1489 4387 quod
1503 4315 1647 4370 retulimus
1655 4330 1737 4383 supra
1752 4330 1787 4366 cx

988 4388 1231 4441 durusne-blau.
1252 4395 1278 4441 et
1298 4387 1374 4441 aliis:
1399 4386 1509 4456 «Cujus
1529 4386 1701 4439 nativitatem
1723 4383 1787 4462 vitre

989 4457 1188 4523 austeritatem,
1211 4482 1219 4503 ι
1242 4465 1294 4511 ete.
1321 4459 1351 4512 ln
1374 4458 1444 4512 fine:
1469 4456 1674 4522 ‹Antisiodori,
1698 4460 1787 4508 sancti

990 4527 1076 4591 Beiri,
1095 4526 1148 4581 viri
1172 4527 1348 4582 sanctlsslmi.
1365 4529 1394 4582 lu
1411 4542 1479 4598 pago
1505 4526 1669 4591 Pietavensi,
1685 4531 1786 4579 sancte

990 4598 1115 4653 Peeinuaa
1132 4594 1257 4668 virginis.
1276 4623 1284 4643 »
1306 4597 1371 4664 Quae
1392 4597 1493 4653 colitur
1508 4596 1620 4651 seorsim
1637 4592 1787 4652 allacrina

990 4677 1017 4722 et
1032 4668 1175 4735 Columba,
1191 4668 1236 4723 die
1246 4671 1379 4741 sequenti.
1399 4669 1576 4740 «ungarum,
1589 4669 1688 4723 natalis
1698 4664 1786 4722 sancti

141 4736 228 4807 lancta
253 4731 400 4786 Febrouiae
418 4731 534 4801 virginis
548 4739 576 4786 et
591 4733 732 4804 martyris,
747 4750 808 4805 quae
831 4740 934 4805 tempo·
988 4739 1090 4795 Odvini
1107 4741 1258 4812 presbyteri
1273 4748 1300 4796 et
1315 4741 1454 4814 martyris.
1472 4765 1480 4787 ι
1505 4741 1666 4797 Remittitur
1681 4739 1714 4795 ael
1729 4756 1787 4793 xxv

143 4797 208 4856 ribus
229 4801 400 4857 Diocletiani
421 4809 448 4857 et
470 4803 632 4858 Maximiani
653 4807 689 4858 irn
712 4813 934 4885 eratorurnpost
987 4812 1073 4880 lunii,
1090 4828 1146 4885 quo
1159 4812 1204 4868 die
1220 4813 1311 4869 officio
1325 4814 1511 4871 eeclesiastico
1530 4814 1570 4870 ibi
1584 4815 1697 4871 colitur.

145 4869 212 4940 plura
225 4890 327 4946 genera
337 4881 552 4941 tormentorum,
564 4874 662 4948 capitis
669 4820 710 4932 ad
712 4876 842 4933 ultimum
854 4893 933 4950 Jugu-

853 5070 1061 5084 Ἣ

141 5169 183 5229 til
196 5175 260 5231 Kal.

1676 5180 1727 5234 Die
1742 5179 1787 5234 aa.

168 5269 245 5339 Apud
271 5261 479 5338 Pir-riberoeam,
500 5268 589 5326 sancti
611 5267 770 5341 Sosipatris,
798 5266 927 5340 discipuli
951 5271 1024 5327 beati
1050 5270 1127 5326 Pauli
1151 5274 1279 5343 apostoli.
1305 5274 1334 5326 lu
1351 5271 1530 5337 Alexandria,
1549 5267 1635 5325 salicti
1652 5269 1786 5328 Gallicani

139 5359 282 5430 menyris:
311 5359 361 5431 qui
384 5376 448 5415 cunr
474 5360 692 5432 triurupbalibus
715 5361 812 5416 insulis
835 5361 1010 5429 sublimatus,
1030 5367 1158 5432 acceptus
1172 5371 1243 5417 esset
1257 5363 1380 5430 Aiigrrsto
1395 5358 1577 5416 Constantino
1591 5365 1619 5412 et
1634 5374 1723 5428 carus,
1740 5378 1787 5433 per

136 5444 216 5517 t'pslus
240 5449 330 5505 liliam
356 5450 469 5505 nomine
493 5450 697 5518 Constantiam,
717 5467 748 5505 aa
769 5450 873 5507 Christi
898 5461 1034 5524 martyres
1054 5452 1187 5507 loannem
1212 5463 1238 5507 et
1261 5448 1443 5517 l'aulumsad
1467 5447 1712 5518 lidemconversus
1735 5459 1785 5507 cst.

135 5535 217 5611 liujus
242 5557 329 5596 sacrae
355 5540 495 5612 opinionis
517 5540 589 5596 laura
613 5540 792 5613 postmodum
821 5541 850 5596 iu
874 5549 933 5598 toto
957 5543 1022 5599 orbe
1045 5543 1074 5599 iu
1101 5550 1208 5599 tantum
1233 5541 1365 5607 excrevit,
1379 5548 1410 5595 ut
1424 5541 1457 5597 ab
1472 5541 1584 5599 Oriente
1597 5550 1623 5598 et
1638 5543 1787 5600 Occidente

134 5631 282 5699 venientes,
313 5631 442 5689 viderent
466 5629 558 5688 virum
582 5649 616 5688 ex
635 5633 752 5706 patricio
772 5641 800 5689 et
820 5636 934 5690 consule
950 5635 1087 5691 lavantem
1103 5634 1185 5706 petes
1201 5646 1361 5703 puerperam,
1377 5641 1523 5702 ponentem
1541 5650 1673 5701 mensam,
1689 5650 1785 5706 aquam

134 5722 259 5777 manibus
280 5721 485 5791 effundentem,
512 5722 711 5794 languentibus
734 5723 852 5779 sollicite
874 5724 1087 5788 ministrantem,
1112 5730 1139 5777 et
1162 5727 1260 5775 caetera
1275 5731 1374 5777 sanctas
1389 5721 1531 5778 servitutis
1546 5722 1786 5778 officiaexhibcn-

133 5811 193 5865 tear.
220 5808 285 5882 lpse
317 5820 386 5866 vero
413 5819 509 5882 postet
536 5823 601 5871 cum
626 5811 782 5872 sacrllleere
802 5817 945 5884 separetur
969 5812 1020 5878 sub
1048 5808 1169 5874 loliano,
1196 5815 1224 5866 et
1250 5816 1449 5878 corrtemueret,
1467 5825 1613 5882 percussus
1641 5807 1734 5878 eladio
1757 5807 1793 5858 'm
