<?xml version="1.0" encoding="UTF-8"?>
<!DOCTYPE html PUBLIC "-//W3C//DTD XHTML 1.0 Transitional//EN"
    "http://www.w3.org/TR/xhtml1/DTD/xhtml1-transitional.dtd">
<html xmlns="http://www.w3.org/1999/xhtml" xml:lang="en" lang="en">
 <head>
  <title>
</title>
<meta http-equiv="Content-Type" content="text/html;charset=utf-8" />
  <meta name='ocr-system' content='tesseract 3.04.00' />
  <meta name='ocr-capabilities' content='ocr_page ocr_carea ocr_par ocr_line ocrx_word'/>
</head>
<body>
  <div class='ocr_page' id='page_1' title='image "./patrologiaecurs76unkngoog_0625.png"; bbox 0 0 3834 6136; ppageno 0'>
   <div class='ocr_carea' id='block_1_1' title="bbox 124 244 193 307">
    <p class='ocr_par' dir='ltr' id='par_1_1' title="bbox 124 244 193 307">
     <span class='ocr_line' id='line_1_1' title="bbox 124 244 193 307; baseline 0 0"><span class='ocrx_word' id='word_1_1' title='bbox 124 244 193 307; x_wconf 77' lang='lat'><strong>{239</strong></span> 
     </span>
    </p>
   </div>
   <div class='ocr_carea' id='block_1_2' title="bbox 623 248 1273 310">
    <p class='ocr_par' dir='ltr' id='par_1_2' title="bbox 623 248 1273 310">
     <span class='ocr_line' id='line_1_2' title="bbox 623 248 1273 310; baseline 0 -3"><span class='ocrx_word' id='word_1_2' title='bbox 623 248 743 310; x_wconf 75' lang='lat' dir='ltr'><strong>flentur</strong></span> <span class='ocrx_word' id='word_1_3' title='bbox 763 248 923 308; x_wconf 79' lang='lat' dir='ltr'><strong>uortactrr</strong></span> <span class='ocrx_word' id='word_1_4' title='bbox 943 249 1273 309; x_wconf 76' lang='lat' dir='ltr'><strong>aarrssmooaensrs</strong></span> 
     </span>
    </p>
   </div>
   <div class='ocr_carea' id='block_1_3' title="bbox 1711 248 1778 309">
    <p class='ocr_par' dir='ltr' id='par_1_3' title="bbox 1711 248 1778 309">
     <span class='ocr_line' id='line_1_3' title="bbox 1711 248 1778 309; baseline 0.015 -1"><span class='ocrx_word' id='word_1_5' title='bbox 1711 248 1778 309; x_wconf 76' lang='lat' dir='ltr'><strong>l2bb</strong></span> 
     </span>
    </p>
   </div>
   <div class='ocr_carea' id='block_1_4' title="bbox 124 398 1779 476">
    <p class='ocr_par' dir='ltr' id='par_1_4' title="bbox 124 398 1779 476">
     <span class='ocr_line' id='line_1_4' title="bbox 124 398 1779 476; baseline -0.002 -17"><span class='ocrx_word' id='word_1_6' title='bbox 124 400 204 459; x_wconf 85' lang='lat' dir='ltr'><strong>altari</strong></span> <span class='ocrx_word' id='word_1_7' title='bbox 219 399 278 474; x_wconf 86' lang='lat' dir='ltr'><strong>ejus</strong></span> <span class='ocrx_word' id='word_1_8' title='bbox 290 399 410 458; x_wconf 80' lang='lat' dir='ltr'><strong>basilicae</strong></span> <span class='ocrx_word' id='word_1_9' title='bbox 420 416 502 456; x_wconf 90' lang='lat' dir='ltr'><strong>nemo</strong></span> <span class='ocrx_word' id='word_1_10' title='bbox 516 398 625 469; x_wconf 83' lang='lat' dir='ltr'><strong>audeat,</strong></span> <span class='ocrx_word' id='word_1_11' title='bbox 643 416 677 456; x_wconf 93' lang='lat' dir='ltr'><strong>ne</strong></span> <span class='ocrx_word' id='word_1_12' title='bbox 690 416 787 458; x_wconf 89' lang='lat' dir='ltr'><strong>verum</strong></span> <span class='ocrx_word' id='word_1_13' title='bbox 797 400 920 475; x_wconf 91' lang='lat' dir='ltr'><strong>quidem,</strong></span> <span class='ocrx_word' id='word_1_14' title='bbox 937 401 962 461; x_wconf 82' lang='lat' dir='ltr'>A</span> <span class='ocrx_word' id='word_1_15' title='bbox 976 401 1063 472; x_wconf 80' lang='lat' dir='ltr'><strong>exuit,</strong></span> <span class='ocrx_word' id='word_1_16' title='bbox 1078 418 1175 460; x_wconf 87' lang='lat' dir='ltr'><strong>verum</strong></span> <span class='ocrx_word' id='word_1_17' title='bbox 1189 402 1300 459; x_wconf 82' lang='lat' dir='ltr'><strong>etiams</strong></span> <span class='ocrx_word' id='word_1_18' title='bbox 1314 400 1501 476; x_wconf 81' lang='lat' dir='ltr'><strong>periculorum</strong></span> <span class='ocrx_word' id='word_1_19' title='bbox 1517 398 1686 458; x_wconf 76' lang='lat' dir='ltr'>incursione</span> <span class='ocrx_word' id='word_1_20' title='bbox 1701 413 1779 458; x_wconf 86' lang='lat' dir='ltr'><strong>com-</strong></span> 
     </span>
    </p>
   </div>
   <div class='ocr_carea' id='block_1_5' title="bbox 122 488 929 1725">
    <p class='ocr_par' dir='ltr' id='par_1_5' title="bbox 122 488 929 1725">
     <span class='ocr_line' id='line_1_5' title="bbox 122 488 923 567; baseline -0.004 -18"><span class='ocrx_word' id='word_1_21' title='bbox 122 490 281 567; x_wconf 88' lang='lat' dir='ltr'><strong>juramento</strong></span> <span class='ocrx_word' id='word_1_22' title='bbox 304 507 442 565; x_wconf 79' lang='lat' dir='ltr'><strong>peragere.</strong></span> <span class='ocrx_word' id='word_1_23' title='bbox 458 489 495 547; x_wconf 79' lang='lat' dir='ltr'><strong>At</strong></span> <span class='ocrx_word' id='word_1_24' title='bbox 518 489 541 546; x_wconf 93' lang='lat' dir='ltr'><strong>si</strong></span> <span class='ocrx_word' id='word_1_25' title='bbox 562 488 610 564; x_wconf 92' lang='lat' dir='ltr'><strong>qui</strong></span> <span class='ocrx_word' id='word_1_26' title='bbox 629 491 726 547; x_wconf 89' lang='lat' dir='ltr'><strong>saltem</strong></span> <span class='ocrx_word' id='word_1_27' title='bbox 750 490 780 548; x_wconf 94' lang='lat' dir='ltr'><strong>in</strong></span> <span class='ocrx_word' id='word_1_28' title='bbox 802 490 923 548; x_wconf 80' lang='lat' dir='ltr'><strong>ecelesiae</strong></span> 
     </span>
     <span class='ocr_line' id='line_1_6' title="bbox 123 578 923 655; baseline -0.004 -18"><span class='ocrx_word' id='word_1_29' title='bbox 123 579 209 655; x_wconf 87' lang='lat' dir='ltr'><strong>janna</strong></span> <span class='ocrx_word' id='word_1_30' title='bbox 219 579 313 653; x_wconf 87' lang='lat' dir='ltr'><strong>jurare</strong></span> <span class='ocrx_word' id='word_1_31' title='bbox 324 587 476 649; x_wconf 89' lang='lat' dir='ltr'><strong>tentarunt,</strong></span> <span class='ocrx_word' id='word_1_32' title='bbox 491 578 648 636; x_wconf 90' lang='lat' dir='ltr'><strong>inevitabili</strong></span> <span class='ocrx_word' id='word_1_33' title='bbox 665 597 730 637; x_wconf 88' lang='lat' dir='ltr'><strong>mox</strong></span> <span class='ocrx_word' id='word_1_34' title='bbox 745 579 850 637; x_wconf 92' lang='lat' dir='ltr'><strong>ultione</strong></span> <span class='ocrx_word' id='word_1_35' title='bbox 865 596 923 653; x_wconf 91' lang='lat' dir='ltr'><strong>per·</strong></span> 
     </span>
     <span class='ocr_line' id='line_1_7' title="bbox 126 667 924 743; baseline -0.004 -16"><span class='ocrx_word' id='word_1_36' title='bbox 126 670 196 728; x_wconf 89' lang='lat' dir='ltr'><strong>culsi</strong></span> <span class='ocrx_word' id='word_1_37' title='bbox 207 670 417 743; x_wconf 87' lang='lat' dir='ltr'><strong>exspiraverunt</strong></span> <span class='ocrx_word' id='word_1_38' title='bbox 431 667 499 738; x_wconf 89' lang='lat' dir='ltr'><strong>alii;</strong></span> <span class='ocrx_word' id='word_1_39' title='bbox 516 668 565 726; x_wconf 90' lang='lat' dir='ltr'><strong>alii</strong></span> <span class='ocrx_word' id='word_1_40' title='bbox 582 669 735 727; x_wconf 89' lang='lat' dir='ltr'><strong>imbecilles</strong></span> <span class='ocrx_word' id='word_1_41' title='bbox 748 669 849 738; x_wconf 87' lang='lat' dir='ltr'><strong>effecti,</strong></span> <span class='ocrx_word' id='word_1_42' title='bbox 866 684 924 742; x_wconf 87' lang='lat' dir='ltr'><strong>per·</strong></span> 
     </span>
     <span class='ocr_line' id='line_1_8' title="bbox 127 758 923 835; baseline -0.001 -18"><span class='ocrx_word' id='word_1_43' title='bbox 127 768 210 835; x_wconf 92' lang='lat' dir='ltr'><strong>petuo</strong></span> <span class='ocrx_word' id='word_1_44' title='bbox 231 759 355 834; x_wconf 77' lang='lat' dir='ltr'><strong>profanis</strong></span> <span class='ocrx_word' id='word_1_45' title='bbox 377 758 490 826; x_wconf 80' lang='lat' dir='ltr'>ausibus</span> <span class='ocrx_word' id='word_1_46' title='bbox 515 775 610 834; x_wconf 84' lang='lat' dir='ltr'><strong>pmnas</strong></span> <span class='ocrx_word' id='word_1_47' title='bbox 634 759 733 817; x_wconf 83' lang='lat' dir='ltr'><strong>dedere</strong></span> <span class='ocrx_word' id='word_1_48' title='bbox 757 758 923 833; x_wconf 72' lang='lat' dir='ltr'><strong>precipites.</strong></span> 
     </span>
     <span class='ocr_line' id='line_1_9' title="bbox 127 848 924 924; baseline -0.006 -15"><span class='ocrx_word' id='word_1_49' title='bbox 127 849 198 909; x_wconf 77' lang='lat' dir='ltr'><strong>Caeci</strong></span> <span class='ocrx_word' id='word_1_50' title='bbox 215 850 275 924; x_wconf 81' lang='lat' dir='ltr'><strong>ipso</strong></span> <span class='ocrx_word' id='word_1_51' title='bbox 289 849 317 906; x_wconf 93' lang='lat' dir='ltr'><strong>in</strong></span> <span class='ocrx_word' id='word_1_52' title='bbox 333 849 393 908; x_wconf 88' lang='lat' dir='ltr'><strong>loco</strong></span> <span class='ocrx_word' id='word_1_53' title='bbox 406 849 500 906; x_wconf 89' lang='lat' dir='ltr'><strong>lumen</strong></span> <span class='ocrx_word' id='word_1_54' title='bbox 510 866 705 924; x_wconf 79' lang='lat' dir='ltr'><strong>recuperavere</strong></span> <span class='ocrx_word' id='word_1_55' title='bbox 716 848 924 923; x_wconf 87' lang='lat' dir='ltr'><strong>quamplurimi,</strong></span> 
     </span>
     <span class='ocr_line' id='line_1_10' title="bbox 126 938 924 1012; baseline -0.005 -15"><span class='ocrx_word' id='word_1_56' title='bbox 126 939 217 998; x_wconf 85' lang='lat' dir='ltr'><strong>claudi</strong></span> <span class='ocrx_word' id='word_1_57' title='bbox 241 938 373 1011; x_wconf 84' lang='lat' dir='ltr'><strong>gressum,</strong></span> <span class='ocrx_word' id='word_1_58' title='bbox 392 938 490 1012; x_wconf 83' lang='lat' dir='ltr'><strong>leprosi</strong></span> <span class='ocrx_word' id='word_1_59' title='bbox 518 939 630 1012; x_wconf 79' lang='lat' dir='ltr'><strong>pollute</strong></span> <span class='ocrx_word' id='word_1_60' title='bbox 653 941 726 997; x_wconf 88' lang='lat' dir='ltr'><strong>cutis</strong></span> <span class='ocrx_word' id='word_1_61' title='bbox 748 940 924 1008; x_wconf 87' lang='lat' dir='ltr'><strong>munditiam,</strong></span> 
     </span>
     <span class='ocr_line' id='line_1_11' title="bbox 125 1024 925 1099; baseline -0.005 -15"><span class='ocrx_word' id='word_1_62' title='bbox 125 1024 283 1098; x_wconf 74' lang='lat' dir='ltr'><strong>frigoritici,</strong></span> <span class='ocrx_word' id='word_1_63' title='bbox 299 1024 330 1096; x_wconf 76' lang='lat' dir='ltr'><strong>(i.</strong></span> <span class='ocrx_word' id='word_1_64' title='bbox 347 1041 369 1081; x_wconf 86' lang='lat' dir='ltr'><strong>e.</strong></span> <span class='ocrx_word' id='word_1_65' title='bbox 380 1024 580 1097; x_wconf 80' lang='lat' dir='ltr'><strong>febricitantes)</strong></span> <span class='ocrx_word' id='word_1_66' title='bbox 592 1025 761 1099; x_wconf 83' lang='lat' dir='ltr'><strong>sospitatem.</strong></span> <span class='ocrx_word' id='word_1_67' title='bbox 773 1024 836 1083; x_wconf 78' lang='lat' dir='ltr'><strong>Hac</strong></span> <span class='ocrx_word' id='word_1_68' title='bbox 853 1042 925 1083; x_wconf 84' lang='lat' dir='ltr'><strong>conr·</strong></span> 
     </span>
     <span class='ocr_line' id='line_1_12' title="bbox 126 1113 926 1193; baseline -0.003 -19"><span class='ocrx_word' id='word_1_69' title='bbox 126 1115 228 1193; x_wconf 89' lang='lat' dir='ltr'><strong>pendio</strong></span> <span class='ocrx_word' id='word_1_70' title='bbox 242 1113 394 1189; x_wconf 78' lang='lat' dir='ltr'><strong>tetigimus,</strong></span> <span class='ocrx_word' id='word_1_71' title='bbox 409 1130 444 1170; x_wconf 89' lang='lat' dir='ltr'><strong>ne</strong></span> <span class='ocrx_word' id='word_1_72' title='bbox 464 1114 541 1172; x_wconf 87' lang='lat' dir='ltr'><strong>locus</strong></span> <span class='ocrx_word' id='word_1_73' title='bbox 555 1115 725 1189; x_wconf 86' lang='lat' dir='ltr'><strong>quotidianis</strong></span> <span class='ocrx_word' id='word_1_74' title='bbox 740 1116 848 1172; x_wconf 88' lang='lat' dir='ltr'><strong>illuster</strong></span> <span class='ocrx_word' id='word_1_75' title='bbox 862 1114 926 1191; x_wconf 82' lang='lat' dir='ltr'><strong>[ol.,</strong></span> 
     </span>
     <span class='ocr_line' id='line_1_13' title="bbox 126 1201 926 1280; baseline -0.003 -19"><span class='ocrx_word' id='word_1_76' title='bbox 126 1202 254 1280; x_wconf 87' lang='lat' dir='ltr'><strong>illustris]</strong></span> <span class='ocrx_word' id='word_1_77' title='bbox 269 1201 421 1272; x_wconf 85' lang='lat' dir='ltr'><strong>beneficiis,</strong></span> <span class='ocrx_word' id='word_1_78' title='bbox 432 1203 586 1276; x_wconf 83' lang='lat' dir='ltr'><strong>excipiatur</strong></span> <span class='ocrx_word' id='word_1_79' title='bbox 592 1203 627 1260; x_wconf 90' lang='lat' dir='ltr'><strong>ab</strong></span> <span class='ocrx_word' id='word_1_80' title='bbox 640 1203 732 1262; x_wconf 88' lang='lat' dir='ltr'><strong>officio</strong></span> <span class='ocrx_word' id='word_1_81' title='bbox 743 1212 843 1261; x_wconf 89' lang='lat' dir='ltr'><strong>nostrae</strong></span> <span class='ocrx_word' id='word_1_82' title='bbox 853 1220 926 1261; x_wconf 93' lang='lat' dir='ltr'><strong>com·</strong></span> 
     </span>
     <span class='ocr_line' id='line_1_14' title="bbox 126 1288 925 1362; baseline -0.003 -14"><span class='ocrx_word' id='word_1_83' title='bbox 126 1288 925 1362; x_wconf 80' lang='lat' dir='ltr'><strong>memorationisCaeteruminlocisCinomannicis‚dnde·</strong></span> 
     </span>
     <span class='ocr_line' id='line_1_15' title="bbox 127 1379 925 1454; baseline 0 -18"><span class='ocrx_word' id='word_1_84' title='bbox 127 1379 235 1453; x_wconf 89' lang='lat' dir='ltr'><strong>gavinis</strong></span> <span class='ocrx_word' id='word_1_85' title='bbox 247 1396 367 1454; x_wconf 91' lang='lat' dir='ltr'><strong>quoqne,</strong></span> <span class='ocrx_word' id='word_1_86' title='bbox 378 1379 591 1438; x_wconf 89' lang='lat' dir='ltr'><strong>acBaiocasinis</strong></span> <span class='ocrx_word' id='word_1_87' title='bbox 602 1381 773 1439; x_wconf 80' lang='lat' dir='ltr'><strong>&#39;certissime</strong></span> <span class='ocrx_word' id='word_1_88' title='bbox 788 1387 925 1451; x_wconf 88' lang='lat' dir='ltr'><strong>asserunt,</strong></span> 
     </span>
     <span class='ocr_line' id='line_1_16' title="bbox 126 1469 926 1545; baseline -0.004 -17"><span class='ocrx_word' id='word_1_89' title='bbox 126 1470 278 1528; x_wconf 84' lang='lat' dir='ltr'><strong>beatissimi</strong></span> <span class='ocrx_word' id='word_1_90' title='bbox 289 1469 418 1528; x_wconf 89' lang='lat' dir='ltr'><strong>Germani</strong></span> <span class='ocrx_word' id='word_1_91' title='bbox 436 1470 549 1543; x_wconf 88' lang='lat' dir='ltr'><strong>gloriam</strong></span> <span class='ocrx_word' id='word_1_92' title='bbox 565 1487 633 1545; x_wconf 90' lang='lat' dir='ltr'><strong>pene</strong></span> <span class='ocrx_word' id='word_1_93' title='bbox 648 1471 788 1544; x_wconf 90' lang='lat' dir='ltr'><strong>copiosius</strong></span> <span class='ocrx_word' id='word_1_94' title='bbox 802 1469 836 1526; x_wconf 92' lang='lat' dir='ltr'><strong>ab</strong></span> <span class='ocrx_word' id='word_1_95' title='bbox 850 1470 926 1527; x_wconf 90' lang='lat' dir='ltr'><strong>omni</strong></span> 
     </span>
     <span class='ocr_line' id='line_1_17' title="bbox 127 1560 928 1637; baseline -0.004 -18"><span class='ocrx_word' id='word_1_96' title='bbox 127 1562 229 1637; x_wconf 93' lang='lat' dir='ltr'><strong>populo</strong></span> <span class='ocrx_word' id='word_1_97' title='bbox 252 1560 388 1633; x_wconf 88' lang='lat' dir='ltr'><strong>venerari,</strong></span> <span class='ocrx_word' id='word_1_98' title='bbox 404 1577 486 1634; x_wconf 89' lang='lat' dir='ltr'><strong>quam</strong></span> <span class='ocrx_word' id='word_1_99' title='bbox 506 1560 541 1633; x_wconf 84' lang='lat' dir='ltr'><strong>(si</strong></span> <span class='ocrx_word' id='word_1_100' title='bbox 566 1560 620 1618; x_wconf 92' lang='lat' dir='ltr'><strong>dici</strong></span> <span class='ocrx_word' id='word_1_101' title='bbox 649 1561 741 1634; x_wconf 83' lang='lat' dir='ltr'><strong>liceat)</strong></span> <span class='ocrx_word' id='word_1_102' title='bbox 757 1577 811 1634; x_wconf 89' lang='lat' dir='ltr'><strong>quo</strong></span> <span class='ocrx_word' id='word_1_103' title='bbox 834 1567 928 1616; x_wconf 90' lang='lat' dir='ltr'><strong>sancta</strong></span> 
     </span>
     <span class='ocr_line' id='line_1_18' title="bbox 128 1649 929 1725; baseline -0.004 -17"><span class='ocrx_word' id='word_1_104' title='bbox 128 1651 188 1725; x_wconf 88' lang='lat' dir='ltr'><strong>ejus</strong></span> <span class='ocrx_word' id='word_1_105' title='bbox 213 1649 336 1711; x_wconf 87' lang='lat' dir='ltr'><strong>membra</strong></span> <span class='ocrx_word' id='word_1_106' title='bbox 358 1649 491 1708; x_wconf 86' lang='lat' dir='ltr'><strong>recubant</strong></span> <span class='ocrx_word' id='word_1_107' title='bbox 508 1650 641 1707; x_wconf 89' lang='lat' dir='ltr'><strong>tumulata</strong></span> <span class='ocrx_word' id='word_1_108' title='bbox 652 1669 659 1720; x_wconf 91' lang='lat'>;</span> <span class='ocrx_word' id='word_1_109' title='bbox 682 1652 750 1707; x_wconf 86' lang='lat' dir='ltr'><strong>adeo</strong></span> <span class='ocrx_word' id='word_1_110' title='bbox 769 1658 800 1706; x_wconf 92' lang='lat' dir='ltr'><strong>ut</strong></span> <span class='ocrx_word' id='word_1_111' title='bbox 819 1649 929 1706; x_wconf 84' lang='lat' dir='ltr'><strong>infinita</strong></span> 
     </span>
    </p>
   </div>
   <div class='ocr_carea' id='block_1_6' title="bbox 979 483 1782 1738">
    <p class='ocr_par' dir='ltr' id='par_1_6' title="bbox 979 483 1779 1280">
     <span class='ocr_line' id='line_1_19' title="bbox 980 483 1778 558; baseline 0.003 -16"><span class='ocrx_word' id='word_1_112' title='bbox 980 488 1079 545; x_wconf 91' lang='lat' dir='ltr'><strong>munit.</strong></span> <span class='ocrx_word' id='word_1_113' title='bbox 1094 489 1228 546; x_wconf 89' lang='lat' dir='ltr'><strong>Novimus</strong></span> <span class='ocrx_word' id='word_1_114' title='bbox 1243 489 1286 545; x_wconf 89' lang='lat' dir='ltr'><strong>bis</strong></span> <span class='ocrx_word' id='word_1_115' title='bbox 1305 489 1334 545; x_wconf 92' lang='lat' dir='ltr'><strong>in</strong></span> <span class='ocrx_word' id='word_1_116' title='bbox 1348 486 1416 544; x_wconf 91' lang='lat' dir='ltr'><strong>locis</strong></span> <span class='ocrx_word' id='word_1_117' title='bbox 1430 486 1582 544; x_wconf 90' lang='lat' dir='ltr'><strong>nonnullas</strong></span> <span class='ocrx_word' id='word_1_118' title='bbox 1596 483 1659 558; x_wconf 80' lang='lat' dir='ltr'><strong>ejus</strong></span> <span class='ocrx_word' id='word_1_119' title='bbox 1677 483 1778 544; x_wconf 87' lang='lat' dir='ltr'><strong>bonore</strong></span> 
     </span>
     <span class='ocr_line' id='line_1_20' title="bbox 979 574 1777 653; baseline 0 -21"><span class='ocrx_word' id='word_1_120' title='bbox 979 574 1116 648; x_wconf 88' lang='lat' dir='ltr'><strong>basilicas,</strong></span> <span class='ocrx_word' id='word_1_121' title='bbox 1124 578 1259 653; x_wconf 90' lang='lat' dir='ltr'><strong>inquibus</strong></span> <span class='ocrx_word' id='word_1_122' title='bbox 1269 578 1321 634; x_wconf 90' lang='lat' dir='ltr'><strong>olei</strong></span> <span class='ocrx_word' id='word_1_123' title='bbox 1335 576 1432 635; x_wconf 90' lang='lat' dir='ltr'><strong>crebro</strong></span> <span class='ocrx_word' id='word_1_124' title='bbox 1445 592 1557 632; x_wconf 88' lang='lat' dir='ltr'><strong>manare</strong></span> <span class='ocrx_word' id='word_1_125' title='bbox 1568 574 1777 649; x_wconf 87' lang='lat' dir='ltr'><strong>pinguedinem,</strong></span> 
     </span>
     <span class='ocr_line' id='line_1_21' title="bbox 980 664 1778 740; baseline 0.003 -18"><span class='ocrx_word' id='word_1_126' title='bbox 980 674 1007 722; x_wconf 89' lang='lat' dir='ltr'><strong>et</strong></span> <span class='ocrx_word' id='word_1_127' title='bbox 1021 667 1150 726; x_wconf 88' lang='lat' dir='ltr'><strong>miraculi</strong></span> <span class='ocrx_word' id='word_1_128' title='bbox 1165 668 1329 740; x_wconf 87' lang='lat' dir='ltr'><strong>frequentia,</strong></span> <span class='ocrx_word' id='word_1_129' title='bbox 1343 674 1370 722; x_wconf 93' lang='lat' dir='ltr'><strong>et</strong></span> <span class='ocrx_word' id='word_1_130' title='bbox 1383 667 1535 723; x_wconf 88' lang='lat' dir='ltr'><strong>multorum</strong></span> <span class='ocrx_word' id='word_1_131' title='bbox 1547 664 1778 724; x_wconf 84' lang='lat' dir='ltr'><strong>testimonioeon-</strong></span> 
     </span>
     <span class='ocr_line' id='line_1_22' title="bbox 981 754 1779 830; baseline 0.005 -19"><span class='ocrx_word' id='word_1_132' title='bbox 981 755 1116 812; x_wconf 88' lang='lat' dir='ltr'><strong>firmatur.</strong></span> <span class='ocrx_word' id='word_1_133' title='bbox 1141 759 1180 814; x_wconf 87' lang='lat' dir='ltr'><strong>De</strong></span> <span class='ocrx_word' id='word_1_134' title='bbox 1194 756 1318 813; x_wconf 88' lang='lat' dir='ltr'><strong>febribus</strong></span> <span class='ocrx_word' id='word_1_135' title='bbox 1342 754 1477 829; x_wconf 90' lang='lat' dir='ltr'><strong>pellendis</strong></span> <span class='ocrx_word' id='word_1_136' title='bbox 1502 771 1661 812; x_wconf 90' lang='lat' dir='ltr'><strong>memorare</strong></span> <span class='ocrx_word' id='word_1_137' title='bbox 1680 755 1779 830; x_wconf 89' lang='lat' dir='ltr'><strong>aliquid</strong></span> 
     </span>
     <span class='ocr_line' id='line_1_23' title="bbox 981 843 1778 920; baseline 0.004 -19"><span class='ocrx_word' id='word_1_138' title='bbox 981 845 1148 919; x_wconf 84' lang='lat' dir='ltr'><strong>superfluum</strong></span> <span class='ocrx_word' id='word_1_139' title='bbox 1157 846 1300 913; x_wconf 89' lang='lat' dir='ltr'><strong>ducimus;</strong></span> <span class='ocrx_word' id='word_1_140' title='bbox 1316 845 1426 919; x_wconf 88' lang='lat' dir='ltr'><strong>quando</strong></span> <span class='ocrx_word' id='word_1_141' title='bbox 1438 843 1491 903; x_wconf 92' lang='lat' dir='ltr'><strong>hoc</strong></span> <span class='ocrx_word' id='word_1_142' title='bbox 1504 844 1677 901; x_wconf 86' lang='lat' dir='ltr'><strong>beneficium</strong></span> <span class='ocrx_word' id='word_1_143' title='bbox 1694 847 1778 920; x_wconf 91' lang='lat' dir='ltr'><strong>quoti·</strong></span> 
     </span>
     <span class='ocr_line' id='line_1_24' title="bbox 981 933 1779 1012; baseline 0.006 -21"><span class='ocrx_word' id='word_1_144' title='bbox 981 934 1093 992; x_wconf 79' lang='lat' dir='ltr'><strong>alianum</strong></span> <span class='ocrx_word' id='word_1_145' title='bbox 1120 952 1176 993; x_wconf 91' lang='lat' dir='ltr'><strong>non</strong></span> <span class='ocrx_word' id='word_1_146' title='bbox 1196 935 1253 1009; x_wconf 86' lang='lat' dir='ltr'><strong>jam</strong></span> <span class='ocrx_word' id='word_1_147' title='bbox 1270 935 1405 992; x_wconf 91' lang='lat' dir='ltr'><strong>miraculo</strong></span> <span class='ocrx_word' id='word_1_148' title='bbox 1428 933 1553 992; x_wconf 89' lang='lat' dir='ltr'><strong>ducitur.</strong></span> <span class='ocrx_word' id='word_1_149' title='bbox 1582 935 1662 992; x_wconf 86' lang='lat' dir='ltr'><strong>Alias</strong></span> <span class='ocrx_word' id='word_1_150' title='bbox 1679 952 1779 1012; x_wconf 90' lang='lat' dir='ltr'><strong>quoquc</strong></span> 
     </span>
     <span class='ocr_line' id='line_1_25' title="bbox 981 1021 1779 1100; baseline 0.005 -20"><span class='ocrx_word' id='word_1_151' title='bbox 981 1025 1082 1081; x_wconf 90' lang='lat' dir='ltr'><strong>scimus</strong></span> <span class='ocrx_word' id='word_1_152' title='bbox 1092 1041 1140 1097; x_wconf 89' lang='lat' dir='ltr'><strong>per</strong></span> <span class='ocrx_word' id='word_1_153' title='bbox 1154 1023 1275 1097; x_wconf 83' lang='lat' dir='ltr'><strong>ejusdem</strong></span> <span class='ocrx_word' id='word_1_154' title='bbox 1288 1021 1534 1081; x_wconf 88' lang='lat' dir='ltr'><strong>solitudinisvasta</strong></span> <span class='ocrx_word' id='word_1_155' title='bbox 1543 1024 1675 1093; x_wconf 81' lang='lat' dir='ltr'><strong>diffusas,</strong></span> <span class='ocrx_word' id='word_1_156' title='bbox 1688 1025 1779 1100; x_wconf 91' lang='lat' dir='ltr'><strong>quibus</strong></span> 
     </span>
     <span class='ocr_line' id='line_1_26' title="bbox 981 1114 1778 1190; baseline 0.004 -19"><span class='ocrx_word' id='word_1_157' title='bbox 981 1123 1084 1190; x_wconf 92' lang='lat' dir='ltr'><strong>quanto</strong></span> <span class='ocrx_word' id='word_1_158' title='bbox 1095 1115 1185 1171; x_wconf 90' lang='lat' dir='ltr'><strong>minor</strong></span> <span class='ocrx_word' id='word_1_159' title='bbox 1194 1115 1228 1171; x_wconf 92' lang='lat' dir='ltr'><strong>ab</strong></span> <span class='ocrx_word' id='word_1_160' title='bbox 1242 1114 1355 1171; x_wconf 87' lang='lat' dir='ltr'><strong>homine</strong></span> <span class='ocrx_word' id='word_1_161' title='bbox 1368 1114 1461 1173; x_wconf 89' lang='lat' dir='ltr'><strong>cultus</strong></span> <span class='ocrx_word' id='word_1_162' title='bbox 1468 1115 1658 1188; x_wconf 90' lang='lat' dir='ltr'><strong>impenditur,</strong></span> <span class='ocrx_word' id='word_1_163' title='bbox 1670 1123 1747 1174; x_wconf 90' lang='lat' dir='ltr'><strong>tanto</strong></span> <span class='ocrx_word' id='word_1_164' title='bbox 1755 1116 1778 1174; x_wconf 93' lang='lat' dir='ltr'><strong>in</strong></span> 
     </span>
     <span class='ocr_line' id='line_1_27' title="bbox 981 1204 1645 1280; baseline 0.002 -17"><span class='ocrx_word' id='word_1_165' title='bbox 981 1207 1021 1263; x_wconf 89' lang='lat' dir='ltr'><strong>eis</strong></span> <span class='ocrx_word' id='word_1_166' title='bbox 1037 1204 1195 1262; x_wconf 89' lang='lat' dir='ltr'><strong>divinitatis</strong></span> <span class='ocrx_word' id='word_1_167' title='bbox 1209 1206 1354 1279; x_wconf 76' lang='lat' dir='ltr'><strong>praesentia</strong></span> <span class='ocrx_word' id='word_1_168' title='bbox 1365 1207 1456 1280; x_wconf 91' lang='lat' dir='ltr'><strong>potior</strong></span> <span class='ocrx_word' id='word_1_169' title='bbox 1471 1207 1645 1265; x_wconf 88' lang='lat' dir='ltr'><strong>declaratur.</strong></span> 
     </span>
    </p>

    <p class='ocr_par' dir='ltr' id='par_1_7' title="bbox 982 1299 1782 1738">
     <span class='ocr_line' id='line_1_28' title="bbox 1018 1299 1781 1359; baseline 0.003 -2"><span class='ocrx_word' id='word_1_170' title='bbox 1018 1299 1061 1357; x_wconf 82' lang='lat'><strong>72.</strong></span> <span class='ocrx_word' id='word_1_171' title='bbox 1077 1299 1144 1355; x_wconf 90' lang='lat' dir='ltr'><strong>Nam</strong></span> <span class='ocrx_word' id='word_1_172' title='bbox 1161 1306 1188 1355; x_wconf 92' lang='lat' dir='ltr'><strong>et</strong></span> <span class='ocrx_word' id='word_1_173' title='bbox 1202 1300 1350 1356; x_wconf 87' lang='lat' dir='ltr'><strong>luminaria</strong></span> <span class='ocrx_word' id='word_1_174' title='bbox 1364 1300 1387 1357; x_wconf 88' lang='lat' dir='ltr'><strong>si</strong></span> <span class='ocrx_word' id='word_1_175' title='bbox 1402 1308 1450 1357; x_wconf 90' lang='lat' dir='ltr'><strong>aut</strong></span> <span class='ocrx_word' id='word_1_176' title='bbox 1463 1299 1575 1358; x_wconf 90' lang='lat' dir='ltr'><strong>tardius</strong></span> <span class='ocrx_word' id='word_1_177' title='bbox 1595 1301 1713 1359; x_wconf 86' lang='lat' dir='ltr'><strong>accendi</strong></span> <span class='ocrx_word' id='word_1_178' title='bbox 1727 1319 1781 1359; x_wconf 89' lang='lat' dir='ltr'><strong>eou-</strong></span> 
     </span>
     <span class='ocr_line' id='line_1_29' title="bbox 983 1388 1781 1467; baseline 0.009 -23"><span class='ocrx_word' id='word_1_179' title='bbox 983 1388 1084 1462; x_wconf 91' lang='lat' dir='ltr'><strong>tigerit,</strong></span> <span class='ocrx_word' id='word_1_180' title='bbox 1099 1395 1147 1445; x_wconf 88' lang='lat' dir='ltr'><strong>aut</strong></span> <span class='ocrx_word' id='word_1_181' title='bbox 1167 1405 1280 1447; x_wconf 89' lang='lat' dir='ltr'><strong>aceensa</strong></span> <span class='ocrx_word' id='word_1_182' title='bbox 1304 1391 1455 1464; x_wconf 81' lang='lat' dir='ltr'><strong>exstingui,</strong></span> <span class='ocrx_word' id='word_1_183' title='bbox 1470 1407 1667 1464; x_wconf 73' lang='lat' dir='ltr'><strong>sepenumero</strong></span> <span class='ocrx_word' id='word_1_184' title='bbox 1691 1393 1781 1467; x_wconf 90' lang='lat' dir='ltr'><strong>depre-</strong></span> 
     </span>
     <span class='ocr_line' id='line_1_30' title="bbox 982 1477 1782 1557; baseline 0.006 -23"><span class='ocrx_word' id='word_1_185' title='bbox 982 1478 1067 1535; x_wconf 88' lang='lat' dir='ltr'><strong>hensa</strong></span> <span class='ocrx_word' id='word_1_186' title='bbox 1074 1477 1320 1537; x_wconf 86' lang='lat' dir='ltr'><strong>suntilliccoelitus</strong></span> <span class='ocrx_word' id='word_1_187' title='bbox 1329 1478 1515 1549; x_wconf 79' lang='lat' dir='ltr'><strong>inflammari3</strong></span> <span class='ocrx_word' id='word_1_188' title='bbox 1528 1480 1610 1554; x_wconf 90' lang='lat' dir='ltr'><strong>signa</strong></span> <span class='ocrx_word' id='word_1_189' title='bbox 1620 1497 1732 1557; x_wconf 92' lang='lat' dir='ltr'><strong>quoque</strong></span> <span class='ocrx_word' id='word_1_190' title='bbox 1741 1498 1782 1540; x_wconf 88' lang='lat' dir='ltr'><strong>ee-</strong></span> 
     </span>
     <span class='ocr_line' id='line_1_31' title="bbox 982 1571 1782 1648; baseline 0.005 -19"><span class='ocrx_word' id='word_1_191' title='bbox 982 1571 1071 1629; x_wconf 80' lang='lat' dir='ltr'><strong>clesiae</strong></span> <span class='ocrx_word' id='word_1_192' title='bbox 1082 1571 1233 1642; x_wconf 89' lang='lat' dir='ltr'><strong>interdum,</strong></span> <span class='ocrx_word' id='word_1_193' title='bbox 1247 1572 1327 1629; x_wconf 93' lang='lat' dir='ltr'><strong>nullo</strong></span> <span class='ocrx_word' id='word_1_194' title='bbox 1345 1573 1484 1647; x_wconf 87' lang='lat' dir='ltr'><strong>pulsante,</strong></span> <span class='ocrx_word' id='word_1_195' title='bbox 1501 1574 1637 1631; x_wconf 85' lang='lat' dir='ltr'><strong>sonantia</strong></span> <span class='ocrx_word' id='word_1_196' title='bbox 1651 1575 1782 1648; x_wconf 89' lang='lat' dir='ltr'><strong>periculo-</strong></span> 
     </span>
     <span class='ocr_line' id='line_1_32' title="bbox 983 1662 1782 1738; baseline 0.005 -19"><span class='ocrx_word' id='word_1_197' title='bbox 983 1680 1039 1720; x_wconf 90' lang='lat' dir='ltr'><strong>sam</strong></span> <span class='ocrx_word' id='word_1_198' title='bbox 1069 1664 1214 1722; x_wconf 89' lang='lat' dir='ltr'><strong>custodum</strong></span> <span class='ocrx_word' id='word_1_199' title='bbox 1241 1662 1436 1737; x_wconf 90' lang='lat' dir='ltr'><strong>negligentiam</strong></span> <span class='ocrx_word' id='word_1_200' title='bbox 1472 1681 1537 1738; x_wconf 90' lang='lat' dir='ltr'><strong>erga</strong></span> <span class='ocrx_word' id='word_1_201' title='bbox 1570 1664 1686 1722; x_wconf 89' lang='lat' dir='ltr'><strong>divinas</strong></span> <span class='ocrx_word' id='word_1_202' title='bbox 1713 1664 1782 1723; x_wconf 88' lang='lat' dir='ltr'><strong>horas</strong></span> 
     </span>
    </p>
   </div>
   <div class='ocr_carea' id='block_1_7' title="bbox 129 1742 1781 1832">
    <p class='ocr_par' dir='ltr' id='par_1_8' title="bbox 129 1742 1781 1832">
     <span class='ocr_line' id='line_1_33' title="bbox 129 1742 1781 1832; baseline 0.001 -20"><span class='ocrx_word' id='word_1_203' title='bbox 129 1742 271 1813; x_wconf 61' lang='lat' dir='ltr'><strong>miracula,</strong></span> <span class='ocrx_word' id='word_1_204' title='bbox 288 1759 336 1818; x_wconf 92' lang='lat' dir='ltr'><strong>per</strong></span> <span class='ocrx_word' id='word_1_205' title='bbox 349 1759 412 1800; x_wconf 59' lang='lat' dir='ltr'><strong>eum</strong></span> <span class='ocrx_word' id='word_1_206' title='bbox 423 1742 452 1800; x_wconf 64' lang='lat'><strong>5¹¹</strong></span> <span class='ocrx_word' id='word_1_207' title='bbox 463 1742 508 1799; x_wconf 57' lang='lat' dir='ltr'><strong>his</strong></span> <span class='ocrx_word' id='word_1_208' title='bbox 522 1742 927 1817; x_wconf 59' lang='lat' dir='ltr'><strong>Plilalaf0850¹lib1¹³2¹lssvtll·</strong></span> <span class='ocrx_word' id='word_1_209' title='bbox 944 1771 967 1832; x_wconf 77' lang='lat' dir='ltr'>B</span> <span class='ocrx_word' id='word_1_210' title='bbox 985 1761 1136 1826; x_wconf 88' lang='lat' dir='ltr'><strong>spontaneo</strong></span> <span class='ocrx_word' id='word_1_211' title='bbox 1149 1753 1240 1810; x_wconf 89' lang='lat' dir='ltr'><strong>oflicio</strong></span> <span class='ocrx_word' id='word_1_212' title='bbox 1254 1755 1406 1829; x_wconf 89' lang='lat' dir='ltr'><strong>increpare.</strong></span> <span class='ocrx_word' id='word_1_213' title='bbox 1423 1755 1459 1813; x_wconf 90' lang='lat' dir='ltr'><strong>Ut</strong></span> <span class='ocrx_word' id='word_1_214' title='bbox 1472 1755 1567 1828; x_wconf 88' lang='lat' dir='ltr'><strong>palam</strong></span> <span class='ocrx_word' id='word_1_215' title='bbox 1584 1757 1720 1826; x_wconf 90' lang='lat' dir='ltr'><strong>emineat,</strong></span> <span class='ocrx_word' id='word_1_216' title='bbox 1730 1774 1781 1814; x_wconf 78' lang='lat' dir='ltr'><strong>ees-</strong></span> 
     </span>
    </p>
   </div>
   <div class='ocr_carea' id='block_1_8' title="bbox 128 1829 892 1906">
    <p class='ocr_par' dir='ltr' id='par_1_9' title="bbox 128 1829 892 1906">
     <span class='ocr_line' id='line_1_34' title="bbox 128 1829 892 1906; baseline -0.004 -17"><span class='ocrx_word' id='word_1_217' title='bbox 128 1831 171 1890; x_wconf 86' lang='lat' dir='ltr'><strong>bis</strong></span> <span class='ocrx_word' id='word_1_218' title='bbox 185 1832 296 1906; x_wconf 90' lang='lat' dir='ltr'><strong>quidem</strong></span> <span class='ocrx_word' id='word_1_219' title='bbox 309 1831 419 1903; x_wconf 88' lang='lat' dir='ltr'><strong>attingi,</strong></span> <span class='ocrx_word' id='word_1_220' title='bbox 435 1830 535 1887; x_wconf 90' lang='lat' dir='ltr'><strong>nedum</strong></span> <span class='ocrx_word' id='word_1_221' title='bbox 552 1829 659 1904; x_wconf 85' lang='lat' dir='ltr'><strong>paginis</strong></span> <span class='ocrx_word' id='word_1_222' title='bbox 673 1830 756 1888; x_wconf 89' lang='lat' dir='ltr'><strong>inseri</strong></span> <span class='ocrx_word' id='word_1_223' title='bbox 773 1831 892 1887; x_wconf 91' lang='lat' dir='ltr'><strong>valeant.</strong></span> 
     </span>
    </p>
   </div>
   <div class='ocr_carea' id='block_1_9' title="bbox 116 1935 929 3089">
    <p class='ocr_par' dir='ltr' id='par_1_10' title="bbox 116 1935 929 3089">
     <span class='ocr_line' id='line_1_35' title="bbox 165 1935 929 2009; baseline -0.004 -15"><span class='ocrx_word' id='word_1_224' title='bbox 165 1938 208 1995; x_wconf 86' lang='lat'><strong>70.</strong></span> <span class='ocrx_word' id='word_1_225' title='bbox 226 1937 282 1994; x_wconf 88' lang='lat' dir='ltr'><strong>Nec</strong></span> <span class='ocrx_word' id='word_1_226' title='bbox 294 1945 396 1994; x_wconf 88' lang='lat' dir='ltr'><strong>temere</strong></span> <span class='ocrx_word' id='word_1_227' title='bbox 409 1937 640 2009; x_wconf 79' lang='lat' dir='ltr'><strong>pretereundum,</strong></span> <span class='ocrx_word' id='word_1_228' title='bbox 656 1937 730 2009; x_wconf 90' lang='lat' dir='ltr'><strong>quod</strong></span> <span class='ocrx_word' id='word_1_229' title='bbox 744 1935 929 2009; x_wconf 76' lang='lat' dir='ltr'><strong>portiunculae</strong></span> 
     </span>
     <span class='ocr_line' id='line_1_36' title="bbox 128 2022 929 2098; baseline -0.001 -18"><span class='ocrx_word' id='word_1_230' title='bbox 128 2040 163 2080; x_wconf 83' lang='lat' dir='ltr'><strong>ex</strong></span> <span class='ocrx_word' id='word_1_231' title='bbox 173 2024 265 2082; x_wconf 89' lang='lat' dir='ltr'><strong>loculo</strong></span> <span class='ocrx_word' id='word_1_232' title='bbox 275 2025 344 2081; x_wconf 89' lang='lat' dir='ltr'><strong>sacri</strong></span> <span class='ocrx_word' id='word_1_233' title='bbox 355 2025 478 2096; x_wconf 92' lang='lat' dir='ltr'><strong>corporis</strong></span> <span class='ocrx_word' id='word_1_234' title='bbox 488 2023 668 2098; x_wconf 90' lang='lat' dir='ltr'><strong>proreliquiis</strong></span> <span class='ocrx_word' id='word_1_235' title='bbox 681 2022 760 2091; x_wconf 80' lang='lat' dir='ltr'><strong>datm,</strong></span> <span class='ocrx_word' id='word_1_236' title='bbox 771 2023 929 2080; x_wconf 88' lang='lat' dir='ltr'><strong>coelestibus</strong></span> 
     </span>
     <span class='ocr_line' id='line_1_37' title="bbox 116 2111 928 2184; baseline -0.004 -12"><span class='ocrx_word' id='word_1_237' title='bbox 116 2113 268 2172; x_wconf 76' lang='lat' dir='ltr'><strong>interdum</strong></span> <span class='ocrx_word' id='word_1_238' title='bbox 278 2114 400 2171; x_wconf 91' lang='lat' dir='ltr'><strong>claruere</strong></span> <span class='ocrx_word' id='word_1_239' title='bbox 408 2111 550 2169; x_wconf 88' lang='lat' dir='ltr'><strong>miraculis</strong></span> <span class='ocrx_word' id='word_1_240' title='bbox 560 2130 566 2169; x_wconf 93' lang='lat'>:</span> <span class='ocrx_word' id='word_1_241' title='bbox 577 2128 695 2184; x_wconf 91' lang='lat' dir='ltr'><strong>namque</strong></span> <span class='ocrx_word' id='word_1_242' title='bbox 706 2112 808 2169; x_wconf 85' lang='lat' dir='ltr'><strong>illustri</strong></span> <span class='ocrx_word' id='word_1_243' title='bbox 819 2113 928 2170; x_wconf 90' lang='lat' dir='ltr'><strong>cuidam</strong></span> 
     </span>
     <span class='ocr_line' id='line_1_38' title="bbox 128 2201 929 2277; baseline -0.002 -16"><span class='ocrx_word' id='word_1_244' title='bbox 128 2201 279 2273; x_wconf 90' lang='lat' dir='ltr'><strong>viro‚beati</strong></span> <span class='ocrx_word' id='word_1_245' title='bbox 291 2203 419 2259; x_wconf 89' lang='lat' dir='ltr'><strong>Germani</strong></span> <span class='ocrx_word' id='word_1_246' title='bbox 430 2202 561 2275; x_wconf 92' lang='lat' dir='ltr'><strong>reliquias</strong></span> <span class='ocrx_word' id='word_1_247' title='bbox 571 2203 735 2277; x_wconf 86' lang='lat' dir='ltr'><strong>postulanti,</strong></span> <span class='ocrx_word' id='word_1_248' title='bbox 748 2205 885 2261; x_wconf 78' lang='lat' dir='ltr'><strong>astulaml</strong></span> <span class='ocrx_word' id='word_1_249' title='bbox 895 2221 929 2260; x_wconf 84' lang='lat' dir='ltr'><strong>ex</strong></span> 
     </span>
     <span class='ocr_line' id='line_1_39' title="bbox 128 2292 927 2367; baseline 0.003 -16"><span class='ocrx_word' id='word_1_250' title='bbox 128 2309 266 2367; x_wconf 88' lang='lat' dir='ltr'><strong>cupresso,</strong></span> <span class='ocrx_word' id='word_1_251' title='bbox 278 2309 329 2366; x_wconf 92' lang='lat' dir='ltr'><strong>qua</strong></span> <span class='ocrx_word' id='word_1_252' title='bbox 345 2292 483 2365; x_wconf 89' lang='lat' dir='ltr'><strong>quondam</strong></span> <span class='ocrx_word' id='word_1_253' title='bbox 494 2308 600 2350; x_wconf 89' lang='lat' dir='ltr'><strong>sacrum</strong></span> <span class='ocrx_word' id='word_1_254' title='bbox 612 2292 755 2366; x_wconf 89' lang='lat' dir='ltr'><strong>tegebatur</strong></span> <span class='ocrx_word' id='word_1_255' title='bbox 764 2310 875 2367; x_wconf 89' lang='lat' dir='ltr'><strong>corpus,</strong></span> <span class='ocrx_word' id='word_1_256' title='bbox 893 2296 927 2354; x_wconf 89' lang='lat' dir='ltr'><strong>ab</strong></span> 
     </span>
     <span class='ocr_line' id='line_1_40' title="bbox 128 2368 928 2456; baseline 0.003 -16"><span class='ocrx_word' id='word_1_257' title='bbox 128 2368 286 2447; x_wconf 70' lang='lat' dir='ltr'><strong>archiclavo</strong></span> <span class='ocrx_word' id='word_1_258' title='bbox 308 2380 408 2456; x_wconf 68' lang='lat' dir='ltr'><strong>[oulgm</strong></span> <span class='ocrx_word' id='word_1_259' title='bbox 419 2381 603 2456; x_wconf 88' lang='lat' dir='ltr'><strong>thesaurario]</strong></span> <span class='ocrx_word' id='word_1_260' title='bbox 615 2382 737 2440; x_wconf 79' lang='lat' dir='ltr'><strong>ecclesia</strong></span> <span class='ocrx_word' id='word_1_261' title='bbox 752 2383 928 2442; x_wconf 85' lang='lat' dir='ltr'><strong>meminimus</strong></span> 
     </span>
     <span class='ocr_line' id='line_1_41' title="bbox 129 2470 926 2547; baseline -0.003 -16"><span class='ocrx_word' id='word_1_262' title='bbox 129 2471 440 2531; x_wconf 78' lang='lat' dir='ltr'><strong>fuisseconcessamllle</strong></span> <span class='ocrx_word' id='word_1_263' title='bbox 450 2487 557 2528; x_wconf 90' lang='lat' dir='ltr'><strong>summa</strong></span> <span class='ocrx_word' id='word_1_264' title='bbox 566 2487 629 2530; x_wconf 90' lang='lat' dir='ltr'><strong>curn</strong></span> <span class='ocrx_word' id='word_1_265' title='bbox 641 2470 788 2529; x_wconf 91' lang='lat' dir='ltr'><strong>devotione</strong></span> <span class='ocrx_word' id='word_1_266' title='bbox 797 2475 926 2547; x_wconf 91' lang='lat' dir='ltr'><strong>suscepit;</strong></span> 
     </span>
     <span class='ocr_line' id='line_1_42' title="bbox 129 2561 928 2639; baseline 0.001 -19"><span class='ocrx_word' id='word_1_267' title='bbox 129 2561 928 2639; x_wconf 87' lang='lat' dir='ltr'><strong>etinsuperioribuspartibusAntissiodorensispagiinpa-</strong></span> 
     </span>
     <span class='ocr_line' id='line_1_43' title="bbox 127 2651 927 2725; baseline -0.001 -14"><span class='ocrx_word' id='word_1_268' title='bbox 127 2651 927 2725; x_wconf 88' lang='lat' dir='ltr'><strong>trimoniosuo,quodlfeldinnusdicitur,oratoriumsancti</strong></span> 
     </span>
     <span class='ocr_line' id='line_1_44' title="bbox 128 2741 928 2815; baseline 0.001 -17"><span class='ocrx_word' id='word_1_269' title='bbox 128 2741 254 2815; x_wconf 81' lang='lat' dir='ltr'><strong>presulis</strong></span> <span class='ocrx_word' id='word_1_270' title='bbox 263 2742 368 2798; x_wconf 89' lang='lat' dir='ltr'><strong>bonore</strong></span> <span class='ocrx_word' id='word_1_271' title='bbox 378 2741 607 2798; x_wconf 80' lang='lat' dir='ltr'><strong>construxitlluc</strong></span> <span class='ocrx_word' id='word_1_272' title='bbox 620 2757 648 2797; x_wconf 91' lang='lat' dir='ltr'><strong>se</strong></span> <span class='ocrx_word' id='word_1_273' title='bbox 656 2743 773 2815; x_wconf 91' lang='lat' dir='ltr'><strong>quadam</strong></span> <span class='ocrx_word' id='word_1_274' title='bbox 783 2743 828 2799; x_wconf 91' lang='lat' dir='ltr'><strong>die</strong></span> <span class='ocrx_word' id='word_1_275' title='bbox 838 2745 928 2815; x_wconf 91' lang='lat' dir='ltr'><strong>puella</strong></span> 
     </span>
     <span class='ocr_line' id='line_1_45' title="bbox 130 2830 928 2904; baseline 0.01 -19"><span class='ocrx_word' id='word_1_276' title='bbox 130 2831 253 2904; x_wconf 81' lang='lat' dir='ltr'><strong>quasdam</strong></span> <span class='ocrx_word' id='word_1_277' title='bbox 268 2830 376 2903; x_wconf 88' lang='lat' dir='ltr'><strong>reptilis</strong></span> <span class='ocrx_word' id='word_1_278' title='bbox 388 2832 517 2900; x_wconf 91' lang='lat' dir='ltr'><strong>contulit,</strong></span> <span class='ocrx_word' id='word_1_279' title='bbox 529 2847 609 2903; x_wconf 92' lang='lat' dir='ltr'><strong>quam</strong></span> <span class='ocrx_word' id='word_1_280' title='bbox 622 2833 660 2888; x_wconf 90' lang='lat' dir='ltr'><strong>ita</strong></span> <span class='ocrx_word' id='word_1_281' title='bbox 674 2832 819 2890; x_wconf 77' lang='lat' dir='ltr'><strong>horrendae</strong></span> <span class='ocrx_word' id='word_1_282' title='bbox 829 2836 872 2892; x_wconf 90' lang='lat' dir='ltr'><strong>vis</strong></span> <span class='ocrx_word' id='word_1_283' title='bbox 882 2837 928 2893; x_wconf 89' lang='lat' dir='ltr'><strong>de·</strong></span> 
     </span>
     <span class='ocr_line' id='line_1_46' title="bbox 130 2918 928 3002; baseline 0.013 -25"><span class='ocrx_word' id='word_1_284' title='bbox 130 2918 247 2977; x_wconf 91' lang='lat' dir='ltr'><strong>bilitatis</strong></span> <span class='ocrx_word' id='word_1_285' title='bbox 260 2919 397 2990; x_wconf 75' lang='lat' dir='ltr'><strong>affecerat,</strong></span> <span class='ocrx_word' id='word_1_286' title='bbox 411 2929 442 2977; x_wconf 87' lang='lat' dir='ltr'><strong>ul</strong></span> <span class='ocrx_word' id='word_1_287' title='bbox 456 2923 583 2978; x_wconf 88' lang='lat' dir='ltr'><strong>cruribus</strong></span> <span class='ocrx_word' id='word_1_288' title='bbox 598 2929 756 2997; x_wconf 88' lang='lat' dir='ltr'><strong>contractis,</strong></span> <span class='ocrx_word' id='word_1_289' title='bbox 772 2937 798 2984; x_wconf 90' lang='lat' dir='ltr'><strong>et</strong></span> <span class='ocrx_word' id='word_1_290' title='bbox 813 2930 928 3002; x_wconf 90' lang='lat' dir='ltr'><strong>pedibus</strong></span> 
     </span>
     <span class='ocr_line' id='line_1_47' title="bbox 131 3009 927 3089; baseline 0.01 -23"><span class='ocrx_word' id='word_1_291' title='bbox 131 3017 204 3067; x_wconf 90' lang='lat' dir='ltr'><strong>retro</strong></span> <span class='ocrx_word' id='word_1_292' title='bbox 214 3009 348 3079; x_wconf 88' lang='lat' dir='ltr'><strong>distortis,</strong></span> <span class='ocrx_word' id='word_1_293' title='bbox 363 3009 520 3067; x_wconf 86' lang='lat' dir='ltr'><strong>universam</strong></span> <span class='ocrx_word' id='word_1_294' title='bbox 531 3011 654 3071; x_wconf 90' lang='lat' dir='ltr'><strong>incessus</strong></span> <span class='ocrx_word' id='word_1_295' title='bbox 665 3015 688 3070; x_wconf 89' lang='lat' dir='ltr'><strong>ei</strong></span> <span class='ocrx_word' id='word_1_296' title='bbox 701 3017 810 3087; x_wconf 88' lang='lat' dir='ltr'><strong>penitus</strong></span> <span class='ocrx_word' id='word_1_297' title='bbox 820 3017 927 3089; x_wconf 87' lang='lat' dir='ltr'><strong>abjura-</strong></span> 
     </span>
    </p>
   </div>
   <div class='ocr_carea' id='block_1_10' title="bbox 129 3095 1150 3210">
    <p class='ocr_par' dir='ltr' id='par_1_11' title="bbox 129 3095 1150 3210">
     <span class='ocr_line' id='line_1_48' title="bbox 129 3095 1150 3210; baseline 0.018 -54"><span class='ocrx_word' id='word_1_298' title='bbox 129 3095 201 3156; x_wconf 80' lang='lat' dir='ltr'><strong>verit</strong></span> <span class='ocrx_word' id='word_1_299' title='bbox 221 3098 390 3157; x_wconf 87' lang='lat' dir='ltr'><strong>facultatem.</strong></span> <span class='ocrx_word' id='word_1_300' title='bbox 409 3100 474 3159; x_wconf 79' lang='lat' dir='ltr'><strong>Hac</strong></span> <span class='ocrx_word' id='word_1_301' title='bbox 491 3100 653 3174; x_wconf 92' lang='lat' dir='ltr'><strong>aliquandiu</strong></span> <span class='ocrx_word' id='word_1_302' title='bbox 676 3103 749 3161; x_wconf 91' lang='lat' dir='ltr'><strong>intra</strong></span> <span class='ocrx_word' id='word_1_303' title='bbox 775 3107 925 3164; x_wconf 90' lang='lat' dir='ltr'><strong>oratorium</strong></span> <span class='ocrx_word' id='word_1_304' title='bbox 941 3138 963 3200; x_wconf 73' lang='lat' dir='ltr'>C</span> <span class='ocrx_word' id='word_1_305' title='bbox 982 3137 1116 3195; x_wconf 54' lang='lat' dir='ltr'><strong>mmm„</strong></span> <span class='ocrx_word' id='word_1_306' title='bbox 1134 3137 1150 3210; x_wconf 65' lang='lat' dir='ltr'><strong><em>s</em></strong></span> 
     </span>
    </p>
   </div>
   <div class='ocr_carea' id='block_1_11' title="bbox 127 3192 930 4232">
    <p class='ocr_par' dir='ltr' id='par_1_12' title="bbox 127 3192 930 4232">
     <span class='ocr_line' id='line_1_49' title="bbox 127 3192 928 3273; baseline 0.009 -23"><span class='ocrx_word' id='word_1_307' title='bbox 127 3198 305 3260; x_wconf 85' lang='lat' dir='ltr'><strong>commorata,</strong></span> <span class='ocrx_word' id='word_1_308' title='bbox 321 3207 384 3273; x_wconf 91' lang='lat' dir='ltr'><strong>cum</strong></span> <span class='ocrx_word' id='word_1_309' title='bbox 397 3207 426 3247; x_wconf 90' lang='lat' dir='ltr'><strong>se</strong></span> <span class='ocrx_word' id='word_1_310' title='bbox 440 3192 559 3249; x_wconf 87' lang='lat' dir='ltr'><strong>orationi</strong></span> <span class='ocrx_word' id='word_1_311' title='bbox 576 3195 768 3267; x_wconf 89' lang='lat' dir='ltr'><strong>expromptius</strong></span> <span class='ocrx_word' id='word_1_312' title='bbox 782 3198 928 3272; x_wconf 90' lang='lat' dir='ltr'><strong>implicas-</strong></span> 
     </span>
     <span class='ocr_line' id='line_1_50' title="bbox 127 3279 929 3362; baseline 0.014 -26"><span class='ocrx_word' id='word_1_313' title='bbox 127 3287 178 3350; x_wconf 90' lang='lat' dir='ltr'><strong>set,</strong></span> <span class='ocrx_word' id='word_1_314' title='bbox 194 3279 233 3337; x_wconf 91' lang='lat' dir='ltr'><strong>ita</strong></span> <span class='ocrx_word' id='word_1_315' title='bbox 254 3280 400 3353; x_wconf 87' lang='lat' dir='ltr'><strong>derepente</strong></span> <span class='ocrx_word' id='word_1_316' title='bbox 422 3280 617 3353; x_wconf 82' lang='lat' dir='ltr'><strong>juncturarum</strong></span> <span class='ocrx_word' id='word_1_317' title='bbox 642 3301 673 3342; x_wconf 94' lang='lat' dir='ltr'><strong>ac</strong></span> <span class='ocrx_word' id='word_1_318' title='bbox 697 3303 847 3344; x_wconf 89' lang='lat' dir='ltr'><strong>nervorum</strong></span> <span class='ocrx_word' id='word_1_319' title='bbox 870 3290 929 3362; x_wconf 91' lang='lat' dir='ltr'><strong>ejus</strong></span> 
     </span>
     <span class='ocr_line' id='line_1_51' title="bbox 129 3369 928 3449; baseline 0.016 -25"><span class='ocrx_word' id='word_1_320' title='bbox 129 3384 273 3442; x_wconf 88' lang='lat' dir='ltr'><strong>compages</strong></span> <span class='ocrx_word' id='word_1_321' title='bbox 287 3369 478 3440; x_wconf 89' lang='lat' dir='ltr'><strong>dissiluerunt,</strong></span> <span class='ocrx_word' id='word_1_322' title='bbox 487 3378 519 3428; x_wconf 91' lang='lat' dir='ltr'><strong>ut</strong></span> <span class='ocrx_word' id='word_1_323' title='bbox 530 3372 701 3430; x_wconf 91' lang='lat' dir='ltr'><strong>confractum</strong></span> <span class='ocrx_word' id='word_1_324' title='bbox 715 3376 821 3449; x_wconf 92' lang='lat' dir='ltr'><strong>aliquid</strong></span> <span class='ocrx_word' id='word_1_325' title='bbox 831 3378 860 3434; x_wconf 90' lang='lat' dir='ltr'><strong>in</strong></span> <span class='ocrx_word' id='word_1_326' title='bbox 872 3378 928 3437; x_wconf 89' lang='lat' dir='ltr'><strong>fru-</strong></span> 
     </span>
     <span class='ocr_line' id='line_1_52' title="bbox 129 3456 930 3536; baseline 0.012 -21"><span class='ocrx_word' id='word_1_327' title='bbox 129 3464 172 3515; x_wconf 89' lang='lat' dir='ltr'><strong>sta</strong></span> <span class='ocrx_word' id='word_1_328' title='bbox 183 3456 295 3516; x_wconf 85' lang='lat' dir='ltr'><strong>cessisse</strong></span> <span class='ocrx_word' id='word_1_329' title='bbox 317 3468 442 3532; x_wconf 89' lang='lat' dir='ltr'><strong>putaros;</strong></span> <span class='ocrx_word' id='word_1_330' title='bbox 468 3459 528 3534; x_wconf 88' lang='lat' dir='ltr'><strong>ipsa</strong></span> <span class='ocrx_word' id='word_1_331' title='bbox 549 3472 657 3536; x_wconf 90' lang='lat' dir='ltr'><strong>quoque</strong></span> <span class='ocrx_word' id='word_1_332' title='bbox 672 3464 853 3524; x_wconf 89' lang='lat' dir='ltr'><strong>articulorum</strong></span> <span class='ocrx_word' id='word_1_333' title='bbox 869 3485 930 3525; x_wconf 90' lang='lat' dir='ltr'><strong>ossa</strong></span> 
     </span>
     <span class='ocr_line' id='line_1_53' title="bbox 130 3546 929 3630; baseline 0.014 -28"><span class='ocrx_word' id='word_1_334' title='bbox 130 3546 276 3604; x_wconf 88' lang='lat' dir='ltr'><strong>transcorii</strong></span> <span class='ocrx_word' id='word_1_335' title='bbox 297 3547 461 3606; x_wconf 88' lang='lat' dir='ltr'><strong>densitatem</strong></span> <span class='ocrx_word' id='word_1_336' title='bbox 485 3549 553 3606; x_wconf 89' lang='lat' dir='ltr'><strong>adeo</strong></span> <span class='ocrx_word' id='word_1_337' title='bbox 568 3551 706 3609; x_wconf 86' lang='lat' dir='ltr'><strong>violenter</strong></span> <span class='ocrx_word' id='word_1_338' title='bbox 719 3570 782 3610; x_wconf 91' lang='lat' dir='ltr'><strong>cum</strong></span> <span class='ocrx_word' id='word_1_339' title='bbox 797 3558 929 3630; x_wconf 88' lang='lat' dir='ltr'><strong>sanguino</strong></span> 
     </span>
     <span class='ocr_line' id='line_1_54' title="bbox 131 3637 928 3714; baseline 0.016 -24"><span class='ocrx_word' id='word_1_340' title='bbox 131 3643 326 3708; x_wconf 89' lang='lat' dir='ltr'><strong>proruperunt,</strong></span> <span class='ocrx_word' id='word_1_341' title='bbox 339 3653 370 3694; x_wconf 93' lang='lat' dir='ltr'><strong>ac</strong></span> <span class='ocrx_word' id='word_1_342' title='bbox 380 3637 401 3692; x_wconf 90' lang='lat' dir='ltr'><strong>si</strong></span> <span class='ocrx_word' id='word_1_343' title='bbox 411 3637 529 3694; x_wconf 89' lang='lat' dir='ltr'><strong>admotis</strong></span> <span class='ocrx_word' id='word_1_344' title='bbox 543 3639 658 3696; x_wconf 86' lang='lat' dir='ltr'><strong>totidem</strong></span> <span class='ocrx_word' id='word_1_345' title='bbox 673 3641 787 3714; x_wconf 88' lang='lat' dir='ltr'><strong>spiculis</strong></span> <span class='ocrx_word' id='word_1_346' title='bbox 801 3646 928 3704; x_wconf 89' lang='lat' dir='ltr'><strong>miseram</strong></span> 
     </span>
     <span class='ocr_line' id='line_1_55' title="bbox 130 3725 929 3802; baseline 0.016 -23"><span class='ocrx_word' id='word_1_347' title='bbox 130 3729 221 3779; x_wconf 89' lang='lat' dir='ltr'><strong>cutem</strong></span> <span class='ocrx_word' id='word_1_348' title='bbox 233 3738 357 3781; x_wconf 90' lang='lat' dir='ltr'><strong>cerneres</strong></span> <span class='ocrx_word' id='word_1_349' title='bbox 372 3725 504 3796; x_wconf 90' lang='lat' dir='ltr'><strong>perforari</strong></span> <span class='ocrx_word' id='word_1_350' title='bbox 523 3744 529 3782; x_wconf 75' lang='grc' dir='ltr'><strong><em>ε</em></strong></span> <span class='ocrx_word' id='word_1_351' title='bbox 545 3743 576 3784; x_wconf 93' lang='lat' dir='ltr'><strong>ac</strong></span> <span class='ocrx_word' id='word_1_352' title='bbox 590 3734 648 3784; x_wconf 91' lang='lat' dir='ltr'><strong>turn</strong></span> <span class='ocrx_word' id='word_1_353' title='bbox 664 3730 775 3802; x_wconf 89' lang='lat' dir='ltr'><strong>quidem</strong></span> <span class='ocrx_word' id='word_1_354' title='bbox 793 3734 929 3793; x_wconf 88' lang='lat' dir='ltr'><strong>exanimis</strong></span> 
     </span>
     <span class='ocr_line' id='line_1_56' title="bbox 130 3812 929 3898; baseline 0.02 -32"><span class='ocrx_word' id='word_1_355' title='bbox 130 3827 199 3885; x_wconf 89' lang='lat' dir='ltr'><strong>pene</strong></span> <span class='ocrx_word' id='word_1_356' title='bbox 214 3812 295 3881; x_wconf 89' lang='lat' dir='ltr'><strong>facta,</strong></span> <span class='ocrx_word' id='word_1_357' title='bbox 311 3815 393 3886; x_wconf 89' lang='lat' dir='ltr'><strong>paulo</strong></span> <span class='ocrx_word' id='word_1_358' title='bbox 407 3823 468 3887; x_wconf 91' lang='lat' dir='ltr'><strong>post</strong></span> <span class='ocrx_word' id='word_1_359' title='bbox 484 3817 600 3888; x_wconf 89' lang='lat' dir='ltr'><strong>receptis</strong></span> <span class='ocrx_word' id='word_1_360' title='bbox 614 3818 722 3885; x_wconf 87' lang='lat' dir='ltr'><strong>officiis,</strong></span> <span class='ocrx_word' id='word_1_361' title='bbox 739 3820 793 3878; x_wconf 90' lang='lat' dir='ltr'><strong>lruc</strong></span> <span class='ocrx_word' id='word_1_362' title='bbox 807 3821 929 3898; x_wconf 87' lang='lat' dir='ltr'><strong>illucque</strong></span> 
     </span>
     <span class='ocr_line' id='line_1_57' title="bbox 130 3899 929 3978; baseline 0.019 -22"><span class='ocrx_word' id='word_1_363' title='bbox 130 3899 319 3970; x_wconf 86' lang='lat' dir='ltr'><strong>deambulans,</strong></span> <span class='ocrx_word' id='word_1_364' title='bbox 336 3903 432 3974; x_wconf 92' lang='lat' dir='ltr'><strong>ingens</strong></span> <span class='ocrx_word' id='word_1_365' title='bbox 447 3905 526 3974; x_wconf 90' lang='lat' dir='ltr'><strong>longe</strong></span> <span class='ocrx_word' id='word_1_366' title='bbox 538 3904 643 3978; x_wconf 91' lang='lat' dir='ltr'><strong>lateque</strong></span> <span class='ocrx_word' id='word_1_367' title='bbox 658 3909 825 3977; x_wconf 78' lang='lat' dir='ltr'><strong>preconium</strong></span> <span class='ocrx_word' id='word_1_368' title='bbox 840 3913 929 3970; x_wconf 89' lang='lat' dir='ltr'><strong>mira-</strong></span> 
     </span>
     <span class='ocr_line' id='line_1_58' title="bbox 132 3986 928 4075; baseline 0.024 -32"><span class='ocrx_word' id='word_1_369' title='bbox 132 3987 195 4043; x_wconf 92' lang='lat' dir='ltr'><strong>culo</strong></span> <span class='ocrx_word' id='word_1_370' title='bbox 205 3986 353 4051; x_wconf 89' lang='lat' dir='ltr'><strong>dedicavit,</strong></span> <span class='ocrx_word' id='word_1_371' title='bbox 364 3991 439 4046; x_wconf 85' lang='lat' dir='ltr'><strong>Exin</strong></span> <span class='ocrx_word' id='word_1_372' title='bbox 455 3989 530 4047; x_wconf 92' lang='lat' dir='ltr'><strong>locus</strong></span> <span class='ocrx_word' id='word_1_373' title='bbox 540 3991 587 4047; x_wconf 92' lang='lat' dir='ltr'><strong>ille</strong></span> <span class='ocrx_word' id='word_1_374' title='bbox 598 4000 624 4048; x_wconf 90' lang='lat' dir='ltr'><strong>et</strong></span> <span class='ocrx_word' id='word_1_375' title='bbox 638 3993 789 4056; x_wconf 90' lang='lat' dir='ltr'><strong>virtutibus</strong></span> <span class='ocrx_word' id='word_1_376' title='bbox 800 4001 928 4075; x_wconf 90' lang='lat' dir='ltr'><strong>frequens</strong></span> 
     </span>
     <span class='ocr_line' id='line_1_59' title="bbox 132 4078 927 4170; baseline 0.029 -41"><span class='ocrx_word' id='word_1_377' title='bbox 132 4081 159 4131; x_wconf 93' lang='lat' dir='ltr'><strong>et</strong></span> <span class='ocrx_word' id='word_1_378' title='bbox 182 4078 365 4135; x_wconf 90' lang='lat' dir='ltr'><strong>conventibus</strong></span> <span class='ocrx_word' id='word_1_379' title='bbox 383 4079 499 4149; x_wconf 84' lang='lat' dir='ltr'><strong>celeber,</strong></span> <span class='ocrx_word' id='word_1_380' title='bbox 515 4081 660 4153; x_wconf 86' lang='lat' dir='ltr'><strong>specialem</strong></span> <span class='ocrx_word' id='word_1_381' title='bbox 682 4086 755 4159; x_wconf 93' lang='lat' dir='ltr'><strong>apud</strong></span> <span class='ocrx_word' id='word_1_382' title='bbox 776 4106 804 4146; x_wconf 92' lang='lat' dir='ltr'><strong>se</strong></span> <span class='ocrx_word' id='word_1_383' title='bbox 819 4108 927 4170; x_wconf 91' lang='lat' dir='ltr'><strong>quoque</strong></span> 
     </span>
     <span class='ocr_line' id='line_1_60' title="bbox 130 4164 707 4232; baseline 0.021 -12"><span class='ocrx_word' id='word_1_384' title='bbox 130 4164 313 4222; x_wconf 89' lang='lat' dir='ltr'><strong>reverentiam</strong></span> <span class='ocrx_word' id='word_1_385' title='bbox 328 4166 426 4223; x_wconf 90' lang='lat' dir='ltr'><strong>divino</strong></span> <span class='ocrx_word' id='word_1_386' title='bbox 439 4169 528 4226; x_wconf 90' lang='lat' dir='ltr'><strong>cultui</strong></span> <span class='ocrx_word' id='word_1_387' title='bbox 542 4169 707 4232; x_wconf 90' lang='lat' dir='ltr'><strong>vindicavit.</strong></span> 
     </span>
    </p>
   </div>
   <div class='ocr_carea' id='block_1_12' title="bbox 130 4271 926 4450">
    <p class='ocr_par' dir='ltr' id='par_1_13' title="bbox 130 4271 926 4450">
     <span class='ocr_line' id='line_1_61' title="bbox 167 4271 926 4349; baseline 0.03 -23"><span class='ocrx_word' id='word_1_388' title='bbox 167 4271 209 4328; x_wconf 86' lang='lat' dir='ltr'><strong>ll.</strong></span> <span class='ocrx_word' id='word_1_389' title='bbox 223 4271 414 4331; x_wconf 88' lang='lat' dir='ltr'><strong>llforvennicos</strong></span> <span class='ocrx_word' id='word_1_390' title='bbox 429 4276 535 4333; x_wconf 74' lang='lat' dir='ltr'><strong>saltus⁶</strong></span> <span class='ocrx_word' id='word_1_391' title='bbox 549 4277 709 4349; x_wconf 87' lang='lat' dir='ltr'><strong>hujusmodi</strong></span> <span class='ocrx_word' id='word_1_392' title='bbox 725 4287 854 4346; x_wconf 90' lang='lat' dir='ltr'><strong>oratoriis</strong></span> <span class='ocrx_word' id='word_1_393' title='bbox 868 4307 926 4349; x_wconf 89' lang='lat' dir='ltr'><strong>esse</strong></span> 
     </span>
     <span class='ocr_line' id='line_1_62' title="bbox 130 4360 923 4450; baseline 0.029 -34"><span class='ocrx_word' id='word_1_394' title='bbox 130 4360 245 4418; x_wconf 87' lang='lat' dir='ltr'><strong>refertos</strong></span> <span class='ocrx_word' id='word_1_395' title='bbox 254 4362 370 4432; x_wconf 91' lang='lat' dir='ltr'><strong>nemini,</strong></span> <span class='ocrx_word' id='word_1_396' title='bbox 382 4364 435 4420; x_wconf 92' lang='lat' dir='ltr'><strong>nisi</strong></span> <span class='ocrx_word' id='word_1_397' title='bbox 448 4364 571 4423; x_wconf 88' lang='lat' dir='ltr'><strong>locorum</strong></span> <span class='ocrx_word' id='word_1_398' title='bbox 579 4367 853 4445; x_wconf 90' lang='lat' dir='ltr'><strong>inscio,incognitum</strong></span> <span class='ocrx_word' id='word_1_399' title='bbox 864 4389 905 4438; x_wconf 92' lang='lat' dir='ltr'><strong>est</strong></span> <span class='ocrx_word' id='word_1_400' title='bbox 916 4401 923 4450; x_wconf 91' lang='lat'>;</span> 
     </span>
    </p>
   </div>
   <div class='ocr_carea' id='block_1_13' title="bbox 983 1842 1783 2994">
    <p class='ocr_par' dir='ltr' id='par_1_14' title="bbox 983 1842 1783 2994">
     <span class='ocr_line' id='line_1_63' title="bbox 985 1842 1780 1916; baseline 0.004 -16"><span class='ocrx_word' id='word_1_401' title='bbox 985 1850 1061 1900; x_wconf 90' lang='lat' dir='ltr'><strong>sante</strong></span> <span class='ocrx_word' id='word_1_402' title='bbox 1069 1843 1214 1916; x_wconf 87' lang='lat' dir='ltr'><strong>diligentia</strong></span> <span class='ocrx_word' id='word_1_403' title='bbox 1223 1842 1379 1913; x_wconf 90' lang='lat' dir='ltr'><strong>bominum,</strong></span> <span class='ocrx_word' id='word_1_404' title='bbox 1389 1860 1444 1900; x_wconf 91' lang='lat' dir='ltr'><strong>non</strong></span> <span class='ocrx_word' id='word_1_405' title='bbox 1454 1845 1553 1902; x_wconf 89' lang='lat' dir='ltr'><strong>abesse</strong></span> <span class='ocrx_word' id='word_1_406' title='bbox 1565 1844 1629 1902; x_wconf 92' lang='lat' dir='ltr'><strong>loco</strong></span> <span class='ocrx_word' id='word_1_407' title='bbox 1637 1846 1780 1904; x_wconf 88' lang='lat' dir='ltr'><strong>custodiam</strong></span> 
     </span>
     <span class='ocr_line' id='line_1_64' title="bbox 984 1933 1781 2012; baseline 0.006 -22"><span class='ocrx_word' id='word_1_408' title='bbox 984 1935 1153 2006; x_wconf 86' lang='lat' dir='ltr'><strong>angelorum.</strong></span> <span class='ocrx_word' id='word_1_409' title='bbox 1165 1933 1221 1991; x_wconf 84' lang='lat' dir='ltr'><strong>Nec</strong></span> <span class='ocrx_word' id='word_1_410' title='bbox 1231 1951 1295 1991; x_wconf 91' lang='lat' dir='ltr'><strong>vero</strong></span> <span class='ocrx_word' id='word_1_411' title='bbox 1306 1935 1506 2009; x_wconf 90' lang='lat' dir='ltr'><strong>aspernandum</strong></span> <span class='ocrx_word' id='word_1_412' title='bbox 1522 1943 1577 2006; x_wconf 91' lang='lat' dir='ltr'><strong>est,</strong></span> <span class='ocrx_word' id='word_1_413' title='bbox 1589 1937 1614 1993; x_wconf 89' lang='lat' dir='ltr'><strong>si</strong></span> <span class='ocrx_word' id='word_1_414' title='bbox 1627 1937 1781 2012; x_wconf 83' lang='lat' dir='ltr'><strong>magnisllei</strong></span> 
     </span>
     <span class='ocr_line' id='line_1_65' title="bbox 983 2021 1781 2083; baseline 0.006 -5"><span class='ocrx_word' id='word_1_415' title='bbox 983 2021 1125 2080; x_wconf 81' lang='lat' dir='ltr'><strong>beneficiis</strong></span> <span class='ocrx_word' id='word_1_416' title='bbox 1139 2023 1222 2079; x_wconf 89' lang='lat' dir='ltr'><strong>etiam</strong></span> <span class='ocrx_word' id='word_1_417' title='bbox 1247 2024 1364 2080; x_wconf 87' lang='lat' dir='ltr'><strong>minima</strong></span> <span class='ocrx_word' id='word_1_418' title='bbox 1386 2025 1567 2081; x_wconf 88' lang='lat' dir='ltr'><strong>inserantur:</strong></span> <span class='ocrx_word' id='word_1_419' title='bbox 1590 2033 1667 2081; x_wconf 87' lang='lat' dir='ltr'><strong>tanta</strong></span> <span class='ocrx_word' id='word_1_420' title='bbox 1688 2026 1781 2083; x_wconf 87' lang='lat' dir='ltr'><strong>etenim</strong></span> 
     </span>
     <span class='ocr_line' id='line_1_66' title="bbox 983 2111 1783 2189; baseline 0.008 -22"><span class='ocrx_word' id='word_1_421' title='bbox 983 2111 1146 2170; x_wconf 87' lang='lat' dir='ltr'><strong>auctoritate</strong></span> <span class='ocrx_word' id='word_1_422' title='bbox 1167 2111 1264 2170; x_wconf 86' lang='lat' dir='ltr'><strong>beatus</strong></span> <span class='ocrx_word' id='word_1_423' title='bbox 1282 2113 1434 2171; x_wconf 86' lang='lat' dir='ltr'><strong>Germanus</strong></span> <span class='ocrx_word' id='word_1_424' title='bbox 1450 2132 1493 2171; x_wconf 89' lang='lat' dir='ltr'><strong>res</strong></span> <span class='ocrx_word' id='word_1_425' title='bbox 1510 2115 1548 2172; x_wconf 91' lang='lat' dir='ltr'><strong>ad</strong></span> <span class='ocrx_word' id='word_1_426' title='bbox 1571 2132 1601 2172; x_wconf 91' lang='lat' dir='ltr'><strong>se</strong></span> <span class='ocrx_word' id='word_1_427' title='bbox 1627 2115 1783 2189; x_wconf 85' lang='lat' dir='ltr'><strong>pertinentes</strong></span> 
     </span>
     <span class='ocr_line' id='line_1_67' title="bbox 984 2200 1782 2278; baseline 0.008 -21"><span class='ocrx_word' id='word_1_428' title='bbox 984 2200 1097 2257; x_wconf 83' lang='lat' dir='ltr'><strong>etiams</strong></span> <span class='ocrx_word' id='word_1_429' title='bbox 1117 2200 1214 2258; x_wconf 91' lang='lat' dir='ltr'><strong>bestiis</strong></span> <span class='ocrx_word' id='word_1_430' title='bbox 1228 2203 1364 2276; x_wconf 90' lang='lat' dir='ltr'><strong>protegit;</strong></span> <span class='ocrx_word' id='word_1_431' title='bbox 1385 2210 1426 2273; x_wconf 93' lang='lat' dir='ltr'><strong>ut,</strong></span> <span class='ocrx_word' id='word_1_432' title='bbox 1440 2204 1464 2260; x_wconf 90' lang='lat' dir='ltr'><strong>si</strong></span> <span class='ocrx_word' id='word_1_433' title='bbox 1481 2203 1558 2260; x_wconf 92' lang='lat' dir='ltr'><strong>forte</strong></span> <span class='ocrx_word' id='word_1_434' title='bbox 1582 2205 1685 2278; x_wconf 84' lang='lat' dir='ltr'><strong>vulpes</strong></span> <span class='ocrx_word' id='word_1_435' title='bbox 1708 2205 1747 2276; x_wconf 84' lang='lat' dir='ltr'><strong>(ut</strong></span> <span class='ocrx_word' id='word_1_436' title='bbox 1759 2224 1782 2263; x_wconf 87' lang='lat' dir='ltr'><strong>se</strong></span> 
     </span>
     <span class='ocr_line' id='line_1_68' title="bbox 985 2286 1782 2370; baseline 0.009 -25"><span class='ocrx_word' id='word_1_437' title='bbox 985 2289 1243 2364; x_wconf 87' lang='lat' dir='ltr'><strong>habentsilvestria)</strong></span> <span class='ocrx_word' id='word_1_438' title='bbox 1254 2292 1382 2364; x_wconf 88' lang='lat' dir='ltr'><strong>gallinam</strong></span> <span class='ocrx_word' id='word_1_439' title='bbox 1395 2294 1550 2352; x_wconf 91' lang='lat' dir='ltr'><strong>sacerdotis</strong></span> <span class='ocrx_word' id='word_1_440' title='bbox 1560 2294 1711 2366; x_wconf 88' lang='lat' dir='ltr'><strong>invaserit,</strong></span> <span class='ocrx_word' id='word_1_441' title='bbox 1718 2286 1782 2370; x_wconf 87' lang='lat' dir='ltr'><strong>ra&#39;pto</strong></span> 
     </span>
     <span class='ocr_line' id='line_1_69' title="bbox 984 2379 1780 2457; baseline 0.006 -21"><span class='ocrx_word' id='word_1_442' title='bbox 984 2379 1066 2452; x_wconf 91' lang='lat' dir='ltr'><strong>potiri</strong></span> <span class='ocrx_word' id='word_1_443' title='bbox 1082 2381 1275 2439; x_wconf 90' lang='lat' dir='ltr'><strong>nullaratione</strong></span> <span class='ocrx_word' id='word_1_444' title='bbox 1285 2382 1410 2452; x_wconf 89' lang='lat' dir='ltr'><strong>sinatur;</strong></span> <span class='ocrx_word' id='word_1_445' title='bbox 1426 2385 1495 2457; x_wconf 92' lang='lat' dir='ltr'><strong>quin</strong></span> <span class='ocrx_word' id='word_1_446' title='bbox 1508 2384 1608 2457; x_wconf 91' lang='lat' dir='ltr'><strong>potius</strong></span> <span class='ocrx_word' id='word_1_447' title='bbox 1622 2384 1780 2453; x_wconf 82' lang='lat' dir='ltr'><strong>locodefira,</strong></span> 
     </span>
     <span class='ocr_line' id='line_1_70' title="bbox 984 2468 1781 2546; baseline 0.009 -20"><span class='ocrx_word' id='word_1_448' title='bbox 984 2486 1033 2528; x_wconf 89' lang='lat' dir='ltr'><strong>nec</strong></span> <span class='ocrx_word' id='word_1_449' title='bbox 1043 2468 1166 2544; x_wconf 91' lang='lat' dir='ltr'><strong>fugiendi</strong></span> <span class='ocrx_word' id='word_1_450' title='bbox 1177 2472 1294 2546; x_wconf 89' lang='lat' dir='ltr'><strong>copiam,</strong></span> <span class='ocrx_word' id='word_1_451' title='bbox 1305 2473 1480 2532; x_wconf 80' lang='lat' dir='ltr'><strong>necladendi</strong></span> <span class='ocrx_word' id='word_1_452' title='bbox 1491 2474 1599 2532; x_wconf 88' lang='lat' dir='ltr'><strong>habeat</strong></span> <span class='ocrx_word' id='word_1_453' title='bbox 1615 2475 1781 2544; x_wconf 88' lang='lat' dir='ltr'><strong>facultatem;</strong></span> 
     </span>
     <span class='ocr_line' id='line_1_71' title="bbox 983 2559 1783 2638; baseline 0.008 -24"><span class='ocrx_word' id='word_1_454' title='bbox 983 2559 1071 2616; x_wconf 87' lang='lat' dir='ltr'><strong>donec</strong></span> <span class='ocrx_word' id='word_1_455' title='bbox 1091 2569 1258 2634; x_wconf 89' lang='lat' dir='ltr'><strong>superventu</strong></span> <span class='ocrx_word' id='word_1_456' title='bbox 1278 2560 1423 2618; x_wconf 90' lang='lat' dir='ltr'><strong>bominum</strong></span> <span class='ocrx_word' id='word_1_457' title='bbox 1447 2580 1512 2619; x_wconf 89' lang='lat' dir='ltr'><strong>cum</strong></span> <span class='ocrx_word' id='word_1_458' title='bbox 1540 2564 1676 2637; x_wconf 82' lang='lat' dir='ltr'><strong>praedone</strong></span> <span class='ocrx_word' id='word_1_459' title='bbox 1694 2564 1783 2638; x_wconf 86' lang='lat' dir='ltr'><strong>pariter</strong></span> 
     </span>
     <span class='ocr_line' id='line_1_72' title="bbox 983 2650 1782 2728; baseline 0.011 -25"><span class='ocrx_word' id='word_1_460' title='bbox 983 2650 1074 2722; x_wconf 84' lang='lat' dir='ltr'><strong>pracda</strong></span> <span class='ocrx_word' id='word_1_461' title='bbox 1090 2651 1224 2724; x_wconf 87' lang='lat' dir='ltr'><strong>capiatur.</strong></span> <span class='ocrx_word' id='word_1_462' title='bbox 1241 2651 1305 2726; x_wconf 79' lang='lat' dir='ltr'><strong>agit</strong></span> <span class='ocrx_word' id='word_1_463' title='bbox 1319 2651 1372 2708; x_wconf 89' lang='lat' dir='ltr'><strong>hoc</strong></span> <span class='ocrx_word' id='word_1_464' title='bbox 1385 2652 1536 2726; x_wconf 87' lang='lat' dir='ltr'><strong>dignanter</strong></span> <span class='ocrx_word' id='word_1_465' title='bbox 1548 2655 1580 2710; x_wconf 91' lang='lat' dir='ltr'><strong>in</strong></span> <span class='ocrx_word' id='word_1_466' title='bbox 1592 2655 1727 2724; x_wconf 87' lang='lat' dir='ltr'><strong>minimis,</strong></span> <span class='ocrx_word' id='word_1_467' title='bbox 1743 2654 1782 2728; x_wconf 82' lang='lat' dir='ltr'><strong>qui</strong></span> 
     </span>
     <span class='ocr_line' id='line_1_73' title="bbox 985 2739 1781 2820; baseline 0.008 -27"><span class='ocrx_word' id='word_1_468' title='bbox 985 2739 1104 2795; x_wconf 81' lang='lat' dir='ltr'><strong>rrraxima</strong></span> <span class='ocrx_word' id='word_1_469' title='bbox 1114 2756 1228 2814; x_wconf 78' lang='lat' dir='ltr'><strong>quaeque</strong></span> <span class='ocrx_word' id='word_1_470' title='bbox 1239 2749 1364 2815; x_wconf 91' lang='lat' dir='ltr'><strong>potenter</strong></span> <span class='ocrx_word' id='word_1_471' title='bbox 1373 2752 1505 2815; x_wconf 87' lang='lat' dir='ltr'><strong>oporatur</strong></span> <span class='ocrx_word' id='word_1_472' title='bbox 1517 2743 1547 2799; x_wconf 91' lang='lat' dir='ltr'><strong>in</strong></span> <span class='ocrx_word' id='word_1_473' title='bbox 1560 2744 1683 2818; x_wconf 90' lang='lat' dir='ltr'><strong>magnis,</strong></span> <span class='ocrx_word' id='word_1_474' title='bbox 1692 2744 1781 2820; x_wconf 90' lang='lat' dir='ltr'><strong>quique</strong></span> 
     </span>
     <span class='ocr_line' id='line_1_74' title="bbox 984 2828 1780 2904; baseline 0.005 -21"><span class='ocrx_word' id='word_1_475' title='bbox 984 2828 1147 2886; x_wconf 88' lang='lat' dir='ltr'><strong>universalis</strong></span> <span class='ocrx_word' id='word_1_476' title='bbox 1155 2838 1259 2887; x_wconf 76' lang='lat' dir='ltr'><strong>naturae</strong></span> <span class='ocrx_word' id='word_1_477' title='bbox 1269 2839 1296 2887; x_wconf 89' lang='lat' dir='ltr'><strong>et</strong></span> <span class='ocrx_word' id='word_1_478' title='bbox 1304 2831 1432 2888; x_wconf 89' lang='lat' dir='ltr'><strong>conditor</strong></span> <span class='ocrx_word' id='word_1_479' title='bbox 1440 2841 1466 2890; x_wconf 89' lang='lat' dir='ltr'><strong>el</strong></span> <span class='ocrx_word' id='word_1_480' title='bbox 1478 2832 1656 2904; x_wconf 90' lang='lat' dir='ltr'><strong>moderator,</strong></span> <span class='ocrx_word' id='word_1_481' title='bbox 1666 2851 1698 2890; x_wconf 89' lang='lat' dir='ltr'><strong>ne</strong></span> <span class='ocrx_word' id='word_1_482' title='bbox 1706 2848 1780 2889; x_wconf 89' lang='lat' dir='ltr'><strong>uuum</strong></span> 
     </span>
     <span class='ocr_line' id='line_1_75' title="bbox 983 2917 1612 2994; baseline 0.008 -20"><span class='ocrx_word' id='word_1_483' title='bbox 983 2917 1092 2990; x_wconf 75' lang='lat' dir='ltr'><strong>quidem</strong></span> <span class='ocrx_word' id='word_1_484' title='bbox 1108 2935 1244 2992; x_wconf 90' lang='lat' dir='ltr'><strong>passerem</strong></span> <span class='ocrx_word' id='word_1_485' title='bbox 1259 2935 1335 2976; x_wconf 89' lang='lat' dir='ltr'><strong>casso</strong></span> <span class='ocrx_word' id='word_1_486' title='bbox 1349 2921 1439 2993; x_wconf 89' lang='lat' dir='ltr'><strong>perire</strong></span> <span class='ocrx_word' id='word_1_487' title='bbox 1454 2922 1612 2994; x_wconf 86' lang='lat' dir='ltr'><strong>permittit.</strong></span> 
     </span>
    </p>
   </div>
   <div class='ocr_carea' id='block_1_14' title="bbox 1283 3043 1479 3102">
    <p class='ocr_par' dir='ltr' id='par_1_15' title="bbox 1283 3043 1479 3102">
     <span class='ocr_line' id='line_1_76' title="bbox 1283 3043 1479 3102; baseline 0.005 -2"><span class='ocrx_word' id='word_1_488' title='bbox 1283 3043 1396 3101; x_wconf 82' lang='lat' dir='ltr'><strong>CAPUT</strong></span> <span class='ocrx_word' id='word_1_489' title='bbox 1418 3045 1479 3102; x_wconf 85' lang='lat' dir='ltr'><strong>VII.</strong></span> 
     </span>
    </p>
   </div>
   <div class='ocr_carea' id='block_1_15' title="bbox 1148 3140 1781 3270">
    <p class='ocr_par' dir='ltr' id='par_1_16' title="bbox 1148 3140 1781 3270">
     <span class='ocr_line' id='line_1_77' title="bbox 1148 3140 1781 3215; baseline 0.008 -20"><span class='ocrx_word' id='word_1_490' title='bbox 1148 3145 1208 3196; x_wconf 85' lang='lat' dir='ltr'><strong>ecla</strong></span> <span class='ocrx_word' id='word_1_491' title='bbox 1223 3140 1296 3212; x_wconf 86' lang='lat' dir='ltr'><strong>opud</strong></span> <span class='ocrx_word' id='word_1_492' title='bbox 1310 3140 1453 3196; x_wconf 80' lang='lat' dir='ltr'><strong>currulium</strong></span> <span class='ocrx_word' id='word_1_493' title='bbox 1466 3143 1497 3199; x_wconf 89' lang='lat' dir='ltr'><strong>S.</strong></span> <span class='ocrx_word' id='word_1_494' title='bbox 1520 3142 1656 3200; x_wconf 82' lang='lat' dir='ltr'><strong>Germani</strong></span> <span class='ocrx_word' id='word_1_495' title='bbox 1669 3143 1781 3215; x_wconf 73' lang='lat' dir='ltr'><strong>dfenfol-</strong></span> 
     </span>
     <span class='ocr_line' id='line_1_78' title="bbox 1326 3230 1440 3270; baseline 0.026 -3"><span class='ocrx_word' id='word_1_496' title='bbox 1326 3230 1440 3270; x_wconf 76' lang='lat' dir='ltr'><strong>corruisse.</strong></span> 
     </span>
    </p>
   </div>
   <div class='ocr_carea' id='block_1_16' title="bbox 971 3297 1779 3380">
    <p class='ocr_par' dir='ltr' id='par_1_17' title="bbox 971 3297 1779 3380">
     <span class='ocr_line' id='line_1_79' title="bbox 971 3297 1779 3380; baseline 0.014 -27"><span class='ocrx_word' id='word_1_497' title='bbox 971 3355 975 3361; x_wconf 82' lang='grc'>,</span> <span class='ocrx_word' id='word_1_498' title='bbox 1020 3297 1062 3354; x_wconf 86' lang='grc'><strong>73.</strong></span> <span class='ocrx_word' id='word_1_499' title='bbox 1080 3298 1207 3355; x_wconf 73' lang='lat' dir='ltr'><strong>falconis</strong></span> <span class='ocrx_word' id='word_1_500' title='bbox 1228 3307 1371 3359; x_wconf 77' lang='lat' dir='ltr'><strong>monternl</strong></span> <span class='ocrx_word' id='word_1_501' title='bbox 1390 3321 1426 3361; x_wconf 82' lang='lat' dir='ltr'><strong>ex</strong></span> <span class='ocrx_word' id='word_1_502' title='bbox 1444 3305 1567 3380; x_wconf 88' lang='lat' dir='ltr'><strong>antiquo</strong></span> <span class='ocrx_word' id='word_1_503' title='bbox 1583 3318 1713 3366; x_wconf 89' lang='lat' dir='ltr'><strong>vocatum</strong></span> <span class='ocrx_word' id='word_1_504' title='bbox 1733 3324 1779 3365; x_wconf 92' lang='lat' dir='ltr'><strong>nou</strong></span> 
     </span>
    </p>
   </div>
   <div class='ocr_carea' id='block_1_17' title="bbox 979 3388 1780 4471">
    <p class='ocr_par' dir='ltr' id='par_1_18' title="bbox 979 3388 1780 4471">
     <span class='ocr_line' id='line_1_80' title="bbox 980 3388 1779 3478; baseline 0.023 -34"><span class='ocrx_word' id='word_1_505' title='bbox 980 3388 1042 3462; x_wconf 87' lang='lat' dir='ltr'><strong>jure</strong></span> <span class='ocrx_word' id='word_1_506' title='bbox 1057 3393 1246 3464; x_wconf 75' lang='lat' dir='ltr'><strong>praeterierim,</strong></span> <span class='ocrx_word' id='word_1_507' title='bbox 1258 3410 1291 3451; x_wconf 92' lang='lat' dir='ltr'><strong>nc</strong></span> <span class='ocrx_word' id='word_1_508' title='bbox 1303 3397 1394 3453; x_wconf 91' lang='lat' dir='ltr'><strong>locum</strong></span> <span class='ocrx_word' id='word_1_509' title='bbox 1409 3397 1534 3456; x_wconf 91' lang='lat' dir='ltr'><strong>nobilem</strong></span> <span class='ocrx_word' id='word_1_510' title='bbox 1563 3403 1779 3478; x_wconf 85' lang='lat' dir='ltr'><strong>frequentemque</strong></span> 
     </span>
     <span class='ocr_line' id='line_1_81' title="bbox 983 3481 1780 3562; baseline 0.018 -27"><span class='ocrx_word' id='word_1_511' title='bbox 983 3481 1144 3551; x_wconf 80' lang='lat' dir='ltr'><strong>virtutibus,</strong></span> <span class='ocrx_word' id='word_1_512' title='bbox 1160 3493 1216 3540; x_wconf 90' lang='lat' dir='ltr'><strong>tam</strong></span> <span class='ocrx_word' id='word_1_513' title='bbox 1232 3487 1409 3561; x_wconf 88' lang='lat' dir='ltr'><strong>negligenter,</strong></span> <span class='ocrx_word' id='word_1_514' title='bbox 1427 3504 1512 3562; x_wconf 92' lang='lat' dir='ltr'><strong>quam</strong></span> <span class='ocrx_word' id='word_1_515' title='bbox 1538 3492 1679 3550; x_wconf 90' lang='lat' dir='ltr'><strong>obliviose</strong></span> <span class='ocrx_word' id='word_1_516' title='bbox 1698 3493 1780 3551; x_wconf 83' lang='lat' dir='ltr'><strong>videar</strong></span> 
     </span>
     <span class='ocr_line' id='line_1_82' title="bbox 983 3571 1778 3656; baseline 0.019 -30"><span class='ocrx_word' id='word_1_517' title='bbox 983 3571 1173 3644; x_wconf 86' lang='lat' dir='ltr'><strong>suppressisse.</strong></span> <span class='ocrx_word' id='word_1_518' title='bbox 1190 3574 1221 3630; x_wconf 94' lang='lat' dir='ltr'><strong>ld</strong></span> <span class='ocrx_word' id='word_1_519' title='bbox 1233 3575 1391 3632; x_wconf 87' lang='lat' dir='ltr'><strong>cmnobium</strong></span> <span class='ocrx_word' id='word_1_520' title='bbox 1405 3576 1567 3637; x_wconf 89' lang='lat' dir='ltr'><strong>beatissimi</strong></span> <span class='ocrx_word' id='word_1_521' title='bbox 1582 3582 1711 3641; x_wconf 86' lang='lat' dir='ltr'><strong>Germani</strong></span> <span class='ocrx_word' id='word_1_522' title='bbox 1723 3600 1778 3656; x_wconf 80' lang='lat' dir='ltr'><strong>pre·</strong></span> 
     </span>
     <span class='ocr_line' id='line_1_83' title="bbox 983 3662 1777 3742; baseline 0.018 -25"><span class='ocrx_word' id='word_1_523' title='bbox 983 3662 1085 3718; x_wconf 88' lang='lat' dir='ltr'><strong>celsum</strong></span> <span class='ocrx_word' id='word_1_524' title='bbox 1097 3664 1214 3732; x_wconf 84' lang='lat' dir='ltr'><strong>meritis,</strong></span> <span class='ocrx_word' id='word_1_525' title='bbox 1228 3673 1258 3722; x_wconf 93' lang='lat' dir='ltr'><strong>ut</strong></span> <span class='ocrx_word' id='word_1_526' title='bbox 1273 3665 1428 3724; x_wconf 91' lang='lat' dir='ltr'><strong>illustratur</strong></span> <span class='ocrx_word' id='word_1_527' title='bbox 1447 3669 1578 3742; x_wconf 90' lang='lat' dir='ltr'><strong>nomine,</strong></span> <span class='ocrx_word' id='word_1_528' title='bbox 1592 3672 1632 3729; x_wconf 90' lang='lat' dir='ltr'><strong>ita</strong></span> <span class='ocrx_word' id='word_1_529' title='bbox 1641 3674 1777 3730; x_wconf 89' lang='lat' dir='ltr'><strong>virtutibus</strong></span> 
     </span>
     <span class='ocr_line' id='line_1_84' title="bbox 983 3754 1777 3831; baseline 0.023 -26"><span class='ocrx_word' id='word_1_530' title='bbox 983 3760 1151 3822; x_wconf 85' lang='lat' dir='ltr'><strong>exornatur;</strong></span> <span class='ocrx_word' id='word_1_531' title='bbox 1167 3754 1299 3811; x_wconf 81' lang='lat' dir='ltr'><strong>nsultaibi</strong></span> <span class='ocrx_word' id='word_1_532' title='bbox 1308 3756 1449 3829; x_wconf 90' lang='lat' dir='ltr'><strong>signorum</strong></span> <span class='ocrx_word' id='word_1_533' title='bbox 1465 3759 1569 3831; x_wconf 89' lang='lat' dir='ltr'><strong>gloria,</strong></span> <span class='ocrx_word' id='word_1_534' title='bbox 1590 3765 1680 3822; x_wconf 90' lang='lat' dir='ltr'><strong>multa</strong></span> <span class='ocrx_word' id='word_1_535' title='bbox 1689 3775 1777 3822; x_wconf 88' lang='lat' dir='ltr'><strong>moru-</strong></span> 
     </span>
     <span class='ocr_line' id='line_1_85' title="bbox 983 3839 1776 3924; baseline 0.019 -28"><span class='ocrx_word' id='word_1_536' title='bbox 983 3839 1071 3898; x_wconf 92' lang='lat' dir='ltr'><strong>libuse</strong></span> <span class='ocrx_word' id='word_1_537' title='bbox 1080 3842 1335 3901; x_wconf 84' lang='lat' dir='ltr'><strong>cmloconleruntur</strong></span> <span class='ocrx_word' id='word_1_538' title='bbox 1344 3845 1495 3917; x_wconf 86' lang='lat' dir='ltr'><strong>beneficia;</strong></span> <span class='ocrx_word' id='word_1_539' title='bbox 1508 3849 1550 3907; x_wconf 94' lang='lat' dir='ltr'><strong>ibi</strong></span> <span class='ocrx_word' id='word_1_540' title='bbox 1565 3852 1662 3910; x_wconf 91' lang='lat' dir='ltr'><strong>visum</strong></span> <span class='ocrx_word' id='word_1_541' title='bbox 1672 3856 1776 3924; x_wconf 76' lang='lat' dir='ltr'><strong>cecitas,</strong></span> 
     </span>
     <span class='ocr_line' id='line_1_86' title="bbox 982 3928 1778 4020; baseline 0.018 -34"><span class='ocrx_word' id='word_1_542' title='bbox 982 3928 1109 3987; x_wconf 90' lang='lat' dir='ltr'><strong>debilitas</strong></span> <span class='ocrx_word' id='word_1_543' title='bbox 1133 3935 1343 4007; x_wconf 89' lang='lat' dir='ltr'><strong>reparationem,</strong></span> <span class='ocrx_word' id='word_1_544' title='bbox 1359 3937 1487 3995; x_wconf 91' lang='lat' dir='ltr'><strong>auditum</strong></span> <span class='ocrx_word' id='word_1_545' title='bbox 1511 3942 1621 4001; x_wconf 89' lang='lat' dir='ltr'><strong>surdus</strong></span> <span class='ocrx_word' id='word_1_546' title='bbox 1636 3945 1778 4020; x_wconf 84' lang='lat' dir='ltr'><strong>frequenter</strong></span> 
     </span>
     <span class='ocr_line' id='line_1_87' title="bbox 981 4022 1778 4111; baseline 0.019 -33"><span class='ocrx_word' id='word_1_547' title='bbox 981 4022 1107 4093; x_wconf 88' lang='lat' dir='ltr'><strong>emeruit,</strong></span> <span class='ocrx_word' id='word_1_548' title='bbox 1116 4024 1254 4098; x_wconf 89' lang='lat' dir='ltr'><strong>frigoricis</strong></span> <span class='ocrx_word' id='word_1_549' title='bbox 1264 4043 1345 4100; x_wconf 90' lang='lat' dir='ltr'><strong>qnam</strong></span> <span class='ocrx_word' id='word_1_550' title='bbox 1354 4030 1440 4086; x_wconf 89' lang='lat' dir='ltr'><strong>multa</strong></span> <span class='ocrx_word' id='word_1_551' title='bbox 1449 4032 1655 4107; x_wconf 82' lang='lat' dir='ltr'><strong>eximproviso</strong></span> <span class='ocrx_word' id='word_1_552' title='bbox 1668 4045 1778 4111; x_wconf 84' lang='lat' dir='ltr'><strong>percepta</strong></span> 
     </span>
     <span class='ocr_line' id='line_1_88' title="bbox 981 4112 1777 4195; baseline 0.023 -28"><span class='ocrx_word' id='word_1_553' title='bbox 981 4112 1119 4182; x_wconf 88' lang='lat' dir='ltr'><strong>remedia;</strong></span> <span class='ocrx_word' id='word_1_554' title='bbox 1146 4114 1190 4171; x_wconf 83' lang='lat' dir='ltr'><strong>liis</strong></span> <span class='ocrx_word' id='word_1_555' title='bbox 1203 4132 1284 4188; x_wconf 91' lang='lat' dir='ltr'><strong>quarn</strong></span> <span class='ocrx_word' id='word_1_556' title='bbox 1306 4117 1435 4187; x_wconf 83' lang='lat' dir='ltr'><strong>maxime,</strong></span> <span class='ocrx_word' id='word_1_557' title='bbox 1453 4122 1501 4193; x_wconf 91' lang='lat' dir='ltr'><strong>qui</strong></span> <span class='ocrx_word' id='word_1_558' title='bbox 1518 4136 1662 4195; x_wconf 86' lang='lat' dir='ltr'><strong>quartano</strong></span> <span class='ocrx_word' id='word_1_559' title='bbox 1675 4127 1777 4184; x_wconf 87' lang='lat' dir='ltr'><strong>decum-</strong></span> 
     </span>
     <span class='ocr_line' id='line_1_89' title="bbox 980 4201 1777 4276; baseline 0.018 -18"><span class='ocrx_word' id='word_1_560' title='bbox 980 4201 1075 4259; x_wconf 88' lang='lat' dir='ltr'><strong>bentes</strong></span> <span class='ocrx_word' id='word_1_561' title='bbox 1105 4203 1291 4276; x_wconf 87' lang='lat' dir='ltr'><strong>incommodo,</strong></span> <span class='ocrx_word' id='word_1_562' title='bbox 1311 4208 1418 4265; x_wconf 90' lang='lat' dir='ltr'><strong>acriora</strong></span> <span class='ocrx_word' id='word_1_563' title='bbox 1439 4209 1567 4271; x_wconf 89' lang='lat' dir='ltr'><strong>febrium</strong></span> <span class='ocrx_word' id='word_1_564' title='bbox 1588 4217 1777 4274; x_wconf 84' lang='lat' dir='ltr'><strong>concitamenta</strong></span> 
     </span>
     <span class='ocr_line' id='line_1_90' title="bbox 979 4294 1776 4381; baseline 0.02 -34"><span class='ocrx_word' id='word_1_565' title='bbox 979 4308 1096 4350; x_wconf 90' lang='lat' dir='ltr'><strong>sensere.</strong></span> <span class='ocrx_word' id='word_1_566' title='bbox 1115 4294 1188 4351; x_wconf 94' lang='lat' dir='ltr'><strong>lllud</strong></span> <span class='ocrx_word' id='word_1_567' title='bbox 1198 4312 1254 4352; x_wconf 92' lang='lat' dir='ltr'><strong>non</strong></span> <span class='ocrx_word' id='word_1_568' title='bbox 1269 4297 1451 4368; x_wconf 89' lang='lat' dir='ltr'><strong>reticendum,</strong></span> <span class='ocrx_word' id='word_1_569' title='bbox 1465 4311 1576 4374; x_wconf 89' lang='lat' dir='ltr'><strong>quanta</strong></span> <span class='ocrx_word' id='word_1_570' title='bbox 1586 4305 1615 4363; x_wconf 95' lang='lat' dir='ltr'><strong>in</strong></span> <span class='ocrx_word' id='word_1_571' title='bbox 1634 4323 1776 4381; x_wconf 70' lang='lat' dir='ltr'><strong>pervasores</strong></span> 
     </span>
     <span class='ocr_line' id='line_1_91' title="bbox 980 4380 1776 4471; baseline 0.026 -35"><span class='ocrx_word' id='word_1_572' title='bbox 980 4380 1033 4438; x_wconf 91' lang='lat' dir='ltr'><strong>loci</strong></span> <span class='ocrx_word' id='word_1_573' title='bbox 1044 4381 1168 4439; x_wconf 89' lang='lat' dir='ltr'><strong>vindicta</strong></span> <span class='ocrx_word' id='word_1_574' title='bbox 1180 4383 1327 4456; x_wconf 83' lang='lat' dir='ltr'><strong>desaeviat3</strong></span> <span class='ocrx_word' id='word_1_575' title='bbox 1345 4388 1444 4461; x_wconf 92' lang='lat' dir='ltr'><strong>quibus</strong></span> <span class='ocrx_word' id='word_1_576' title='bbox 1455 4389 1484 4446; x_wconf 93' lang='lat' dir='ltr'><strong>in</strong></span> <span class='ocrx_word' id='word_1_577' title='bbox 1496 4391 1564 4450; x_wconf 91' lang='lat' dir='ltr'><strong>loco</strong></span> <span class='ocrx_word' id='word_1_578' title='bbox 1575 4402 1680 4454; x_wconf 88' lang='lat' dir='ltr'><strong>temere</strong></span> <span class='ocrx_word' id='word_1_579' title='bbox 1698 4413 1776 4471; x_wconf 80' lang='lat' dir='ltr'><strong>perpe</strong></span> 
     </span>
    </p>
   </div>
   <div class='ocr_carea' id='block_1_18' title="bbox 28 4450 1775 4558">
    <p class='ocr_par' dir='ltr' id='par_1_19' title="bbox 28 4450 1775 4558">
     <span class='ocr_line' id='line_1_92' title="bbox 28 4450 1775 4558; baseline 0.023 -57"><span class='ocrx_word' id='word_1_580' title='bbox 28 4477 32 4485; x_wconf 73' lang='lat'>‹</span> <span class='ocrx_word' id='word_1_581' title='bbox 129 4450 232 4523; x_wconf 91' lang='lat' dir='ltr'><strong>quippe</strong></span> <span class='ocrx_word' id='word_1_582' title='bbox 245 4468 305 4524; x_wconf 79' lang='lat' dir='ltr'><strong>que</strong></span> <span class='ocrx_word' id='word_1_583' title='bbox 321 4461 428 4511; x_wconf 88' lang='lat' dir='ltr'><strong>constat</strong></span> <span class='ocrx_word' id='word_1_584' title='bbox 442 4456 510 4513; x_wconf 88' lang='lat' dir='ltr'><strong>adeo</strong></span> <span class='ocrx_word' id='word_1_585' title='bbox 524 4474 581 4514; x_wconf 88' lang='lat' dir='ltr'><strong>esse</strong></span> <span class='ocrx_word' id='word_1_586' title='bbox 596 4459 709 4532; x_wconf 90' lang='lat' dir='ltr'><strong>famosa,</strong></span> <span class='ocrx_word' id='word_1_587' title='bbox 722 4473 752 4521; x_wconf 95' lang='lat' dir='ltr'><strong>ut</strong></span> <span class='ocrx_word' id='word_1_588' title='bbox 764 4477 864 4526; x_wconf 89' lang='lat' dir='ltr'><strong>cuncta</strong></span> <span class='ocrx_word' id='word_1_589' title='bbox 879 4471 923 4529; x_wconf 92' lang='lat' dir='ltr'><strong>iti·</strong></span> <span class='ocrx_word' id='word_1_590' title='bbox 939 4499 964 4558; x_wconf 77' lang='lat' dir='ltr'>D</span> <span class='ocrx_word' id='word_1_591' title='bbox 978 4477 1064 4528; x_wconf 89' lang='lat' dir='ltr'><strong>trasse</strong></span> <span class='ocrx_word' id='word_1_592' title='bbox 1084 4472 1201 4547; x_wconf 91' lang='lat' dir='ltr'><strong>aliquid,</strong></span> <span class='ocrx_word' id='word_1_593' title='bbox 1218 4484 1334 4533; x_wconf 89' lang='lat' dir='ltr'><strong>mortem</strong></span> <span class='ocrx_word' id='word_1_594' title='bbox 1359 4477 1413 4534; x_wconf 90' lang='lat' dir='ltr'><strong>sibi</strong></span> <span class='ocrx_word' id='word_1_595' title='bbox 1436 4482 1613 4542; x_wconf 84' lang='lat' dir='ltr'><strong>conscivisse</strong></span> <span class='ocrx_word' id='word_1_596' title='bbox 1637 4487 1710 4544; x_wconf 90' lang='lat' dir='ltr'><strong>fuit:</strong></span> <span class='ocrx_word' id='word_1_597' title='bbox 1725 4505 1775 4545; x_wconf 88' lang='lat' dir='ltr'><strong>narn</strong></span> 
     </span>
    </p>
   </div>
   <div class='ocr_carea' id='block_1_19' title="bbox 128 4541 924 4795">
    <p class='ocr_par' dir='ltr' id='par_1_20' title="bbox 128 4541 924 4795">
     <span class='ocr_line' id='line_1_93' title="bbox 129 4541 922 4627; baseline 0.03 -33"><span class='ocrx_word' id='word_1_598' title='bbox 129 4553 226 4596; x_wconf 89' lang='lat' dir='ltr'><strong>nerum</strong></span> <span class='ocrx_word' id='word_1_599' title='bbox 248 4541 421 4614; x_wconf 89' lang='lat' dir='ltr'><strong>ambiguitas,</strong></span> <span class='ocrx_word' id='word_1_600' title='bbox 437 4561 497 4618; x_wconf 89' lang='lat' dir='ltr'><strong>quae</strong></span> <span class='ocrx_word' id='word_1_601' title='bbox 515 4563 563 4619; x_wconf 90' lang='lat' dir='ltr'><strong>per</strong></span> <span class='ocrx_word' id='word_1_602' title='bbox 583 4548 719 4609; x_wconf 91' lang='lat' dir='ltr'><strong>silvestria</strong></span> <span class='ocrx_word' id='word_1_603' title='bbox 737 4563 825 4627; x_wconf 88' lang='lat' dir='ltr'><strong>potest</strong></span> <span class='ocrx_word' id='word_1_604' title='bbox 846 4558 922 4617; x_wconf 91' lang='lat' dir='ltr'><strong>inci-</strong></span> 
     </span>
     <span class='ocr_line' id='line_1_94' title="bbox 128 4625 924 4719; baseline 0.031 -38"><span class='ocrx_word' id='word_1_605' title='bbox 128 4625 203 4695; x_wconf 91' lang='lat' dir='ltr'><strong>dere,</strong></span> <span class='ocrx_word' id='word_1_606' title='bbox 215 4626 314 4685; x_wconf 92' lang='lat' dir='ltr'><strong>borum</strong></span> <span class='ocrx_word' id='word_1_607' title='bbox 329 4631 442 4688; x_wconf 90' lang='lat' dir='ltr'><strong>notione</strong></span> <span class='ocrx_word' id='word_1_608' title='bbox 454 4633 588 4705; x_wconf 90' lang='lat' dir='ltr'><strong>locorum,</strong></span> <span class='ocrx_word' id='word_1_609' title='bbox 601 4640 678 4709; x_wconf 88' lang='lat' dir='ltr'><strong>quasi</strong></span> <span class='ocrx_word' id='word_1_610' title='bbox 688 4641 806 4712; x_wconf 90' lang='lat' dir='ltr'><strong>quodam</strong></span> <span class='ocrx_word' id='word_1_611' title='bbox 817 4646 924 4719; x_wconf 90' lang='lat' dir='ltr'><strong>lapideo</strong></span> 
     </span>
     <span class='ocr_line' id='line_1_95' title="bbox 129 4715 924 4795; baseline 0.033 -26"><span class='ocrx_word' id='word_1_612' title='bbox 129 4715 271 4786; x_wconf 89' lang='lat' dir='ltr'><strong>milliario,</strong></span> <span class='ocrx_word' id='word_1_613' title='bbox 282 4719 445 4778; x_wconf 89' lang='lat' dir='ltr'><strong>declaretur.</strong></span> <span class='ocrx_word' id='word_1_614' title='bbox 454 4724 494 4780; x_wconf 90' lang='lat' dir='ltr'><strong>lta</strong></span> <span class='ocrx_word' id='word_1_615' title='bbox 508 4724 659 4784; x_wconf 91' lang='lat' dir='ltr'><strong>Germanus</strong></span> <span class='ocrx_word' id='word_1_616' title='bbox 666 4728 840 4791; x_wconf 90' lang='lat' dir='ltr'><strong>beatissimus</strong></span> <span class='ocrx_word' id='word_1_617' title='bbox 850 4735 924 4795; x_wconf 90' lang='lat' dir='ltr'><strong>felici</strong></span> 
     </span>
    </p>
   </div>
   <div class='ocr_carea' id='block_1_20' title="bbox 127 4804 926 4976">
    <p class='ocr_par' dir='ltr' id='par_1_21' title="bbox 127 4804 926 4976">
     <span class='ocr_line' id='line_1_96' title="bbox 127 4804 926 4895; baseline 0.033 -37"><span class='ocrx_word' id='word_1_618' title='bbox 127 4804 281 4876; x_wconf 86' lang='lat' dir='ltr'><strong>patrocinio</strong></span> <span class='ocrx_word' id='word_1_619' title='bbox 306 4809 463 4883; x_wconf 82' lang='lat' dir='ltr'><strong>praevioque</strong></span> <span class='ocrx_word' id='word_1_620' title='bbox 484 4813 585 4872; x_wconf 91' lang='lat' dir='ltr'><strong>ducatu</strong></span> <span class='ocrx_word' id='word_1_621' title='bbox 607 4816 707 4875; x_wconf 89' lang='lat' dir='ltr'><strong>itinera</strong></span> <span class='ocrx_word' id='word_1_622' title='bbox 734 4820 839 4895; x_wconf 90' lang='lat' dir='ltr'><strong>dirigit,</strong></span> <span class='ocrx_word' id='word_1_623' title='bbox 867 4826 926 4884; x_wconf 88' lang='lat' dir='ltr'><strong>vias</strong></span> 
     </span>
     <span class='ocr_line' id='line_1_97' title="bbox 127 4895 925 4976; baseline 0.028 -24"><span class='ocrx_word' id='word_1_624' title='bbox 127 4895 280 4968; x_wconf 82' lang='lat' dir='ltr'><strong>componit,</strong></span> <span class='ocrx_word' id='word_1_625' title='bbox 293 4897 481 4970; x_wconf 87' lang='lat' dir='ltr'><strong>gradientibus</strong></span> <span class='ocrx_word' id='word_1_626' title='bbox 501 4903 640 4976; x_wconf 89' lang='lat' dir='ltr'><strong>subvenit,</strong></span> <span class='ocrx_word' id='word_1_627' title='bbox 656 4926 708 4967; x_wconf 91' lang='lat' dir='ltr'><strong>neo</strong></span> <span class='ocrx_word' id='word_1_628' title='bbox 728 4913 817 4969; x_wconf 90' lang='lat' dir='ltr'><strong>solum</strong></span> <span class='ocrx_word' id='word_1_629' title='bbox 834 4931 925 4974; x_wconf 90' lang='lat' dir='ltr'><strong>errore</strong></span> 
     </span>
    </p>
   </div>
   <div class='ocr_carea' id='block_1_21' title="bbox 119 5039 922 5691">
    <p class='ocr_par' dir='ltr' id='par_1_22' title="bbox 119 5039 922 5333">
     <span class='ocr_line' id='line_1_98' title="bbox 162 5039 910 5128; baseline 0.032 -34"><span class='ocrx_word' id='word_1_630' title='bbox 162 5039 262 5097; x_wconf 75' lang='lat' dir='ltr'><strong>⁸Nota</strong></span> <span class='ocrx_word' id='word_1_631' title='bbox 288 5042 354 5098; x_wconf 89' lang='lat' dir='ltr'><strong>satis</strong></span> <span class='ocrx_word' id='word_1_632' title='bbox 381 5041 439 5102; x_wconf 78' lang='lat' dir='ltr'><strong>haec</strong></span> <span class='ocrx_word' id='word_1_633' title='bbox 467 5045 606 5105; x_wconf 88' lang='lat' dir='ltr'><strong>territoria</strong></span> <span class='ocrx_word' id='word_1_634' title='bbox 631 5061 696 5110; x_wconf 93' lang='lat' dir='ltr'><strong>sunt</strong></span> <span class='ocrx_word' id='word_1_635' title='bbox 718 5053 910 5128; x_wconf 78' lang='lat' dir='ltr'><strong>bajocasinam</strong></span> 
     </span>
     <span class='ocr_line' id='line_1_99' title="bbox 119 5107 921 5203; baseline 0.032 -38"><span class='ocrx_word' id='word_1_636' title='bbox 119 5111 211 5183; x_wconf 85' lang='lat' dir='ltr'><strong>vulgo</strong></span> <span class='ocrx_word' id='word_1_637' title='bbox 237 5113 276 5195; x_wconf 39' lang='lat' dir='ltr'><strong>de·</strong></span> <span class='ocrx_word' id='word_1_638' title='bbox 292 5114 413 5197; x_wconf 76' lang='lat' dir='ltr'><strong>flageris,</strong></span> <span class='ocrx_word' id='word_1_639' title='bbox 435 5117 463 5172; x_wconf 94' lang='lat' dir='ltr'><strong>in</strong></span> <span class='ocrx_word' id='word_1_640' title='bbox 484 5119 668 5197; x_wconf 82' lang='lat' dir='ltr'><strong>Normaunia3</strong></span> <span class='ocrx_word' id='word_1_641' title='bbox 695 5107 921 5203; x_wconf 62' lang='lat' dir='ltr'><strong>Cenomanicum:</strong></span> 
     </span>
     <span class='ocr_line' id='line_1_100' title="bbox 125 5181 922 5262; baseline 0.034 -26"><span class='ocrx_word' id='word_1_642' title='bbox 125 5181 311 5253; x_wconf 86' lang='lat' dir='ltr'><strong>Normannrae,</strong></span> <span class='ocrx_word' id='word_1_643' title='bbox 328 5194 369 5240; x_wconf 91' lang='lat' dir='ltr'><strong>ntr</strong></span> <span class='ocrx_word' id='word_1_644' title='bbox 379 5186 450 5258; x_wconf 84' lang='lat' dir='ltr'><strong>duxi,</strong></span> <span class='ocrx_word' id='word_1_645' title='bbox 465 5189 623 5261; x_wconf 78' lang='lat' dir='ltr'><strong>adherens;</strong></span> <span class='ocrx_word' id='word_1_646' title='bbox 640 5195 680 5251; x_wconf 92' lang='lat' dir='ltr'><strong>uti</strong></span> <span class='ocrx_word' id='word_1_647' title='bbox 696 5204 723 5254; x_wconf 91' lang='lat' dir='ltr'><strong>et</strong></span> <span class='ocrx_word' id='word_1_648' title='bbox 738 5199 922 5262; x_wconf 73' lang='lat' dir='ltr'><strong>cenomanico</strong></span> 
     </span>
     <span class='ocr_line' id='line_1_101' title="bbox 125 5252 676 5333; baseline 0.025 -24"><span class='ocrx_word' id='word_1_649' title='bbox 125 5252 247 5311; x_wconf 86' lang='lat' dir='ltr'><strong>adhaeret</strong></span> <span class='ocrx_word' id='word_1_650' title='bbox 260 5255 339 5313; x_wconf 82' lang='lat' dir='ltr'><strong>Ande</strong></span> <span class='ocrx_word' id='word_1_651' title='bbox 358 5257 461 5328; x_wconf 90' lang='lat' dir='ltr'><strong>avium,</strong></span> <span class='ocrx_word' id='word_1_652' title='bbox 475 5263 559 5333; x_wconf 92' lang='lat' dir='ltr'><strong>vulgo</strong></span> <span class='ocrx_word' id='word_1_653' title='bbox 574 5264 676 5333; x_wconf 81' lang='lat' dir='ltr'><strong>Aajou.</strong></span> 
     </span>
    </p>

    <p class='ocr_par' dir='ltr' id='par_1_23' title="bbox 127 5273 921 5519">
     <span class='ocr_line' id='line_1_102' title="bbox 162 5273 921 5412; baseline 0.03 -31"><span class='ocrx_word' id='word_1_654' title='bbox 162 5325 178 5405; x_wconf 40' lang='lat' dir='ltr'><strong>l·</strong></span> <span class='ocrx_word' id='word_1_655' title='bbox 188 5326 229 5382; x_wconf 89' lang='lat' dir='ltr'><strong>lta</strong></span> <span class='ocrx_word' id='word_1_656' title='bbox 251 5344 316 5384; x_wconf 89' lang='lat' dir='ltr'><strong>mss.</strong></span> <span class='ocrx_word' id='word_1_657' title='bbox 331 5273 382 5410; x_wconf 53' lang='lat' dir='ltr'><strong>fist</strong></span> <span class='ocrx_word' id='word_1_658' title='bbox 405 5340 496 5389; x_wconf 85' lang='lat' dir='ltr'><strong>autem</strong></span> <span class='ocrx_word' id='word_1_659' title='bbox 515 5336 605 5390; x_wconf 82' lang='lat' dir='ltr'><strong>ortale</strong></span> <span class='ocrx_word' id='word_1_660' title='bbox 618 5353 674 5394; x_wconf 85' lang='lat' dir='ltr'><strong>vox</strong></span> <span class='ocrx_word' id='word_1_661' title='bbox 685 5341 757 5412; x_wconf 92' lang='lat' dir='ltr'><strong>apud</strong></span> <span class='ocrx_word' id='word_1_662' title='bbox 772 5344 856 5401; x_wconf 92' lang='lat' dir='ltr'><strong>medii</strong></span> <span class='ocrx_word' id='word_1_663' title='bbox 869 5348 921 5404; x_wconf 80' lang='lat' dir='ltr'><strong>aevi</strong></span> 
     </span>
     <span class='ocr_line' id='line_1_103' title="bbox 127 5405 920 5519; baseline 0.034 -69"><span class='ocrx_word' id='word_1_664' title='bbox 127 5405 273 5519; x_wconf 53' lang='lat' dir='ltr'><strong>appliptores</strong></span> <span class='ocrx_word' id='word_1_665' title='bbox 296 5408 396 5458; x_wconf 82' lang='lat' dir='ltr'><strong>usitata</strong></span> <span class='ocrx_word' id='word_1_666' title='bbox 422 5419 472 5475; x_wconf 91' lang='lat' dir='ltr'><strong>pro</strong></span> <span class='ocrx_word' id='word_1_667' title='bbox 493 5415 652 5477; x_wconf 79' lang='lat' dir='ltr'><strong>segment03</strong></span> <span class='ocrx_word' id='word_1_668' title='bbox 676 5412 740 5471; x_wconf 91' lang='lat' dir='ltr'><strong>vide</strong></span> <span class='ocrx_word' id='word_1_669' title='bbox 763 5416 836 5488; x_wconf 92' lang='lat' dir='ltr'><strong>apud</strong></span> <span class='ocrx_word' id='word_1_670' title='bbox 851 5419 920 5476; x_wconf 87' lang='lat' dir='ltr'><strong>Can·</strong></span> 
     </span>
    </p>

    <p class='ocr_par' dir='ltr' id='par_1_24' title="bbox 125 5478 920 5691">
     <span class='ocr_line' id='line_1_104' title="bbox 176 5481 214 5522; baseline 0.053 -2"><span class='ocrx_word' id='word_1_671' title='bbox 176 5481 214 5522; x_wconf 93' lang='lat' dir='ltr'><strong>m.</strong></span> 
     </span>
     <span class='ocr_line' id='line_1_105' title="bbox 128 5478 920 5630; baseline 0.038 -42"><span class='ocrx_word' id='word_1_672' title='bbox 128 5478 144 5534; x_wconf 50' lang='grc' dir='ltr'><strong><em>Β</em></strong></span> <span class='ocrx_word' id='word_1_673' title='bbox 163 5542 174 5570; x_wconf 74' lang='lat'>⁸</span> <span class='ocrx_word' id='word_1_674' title='bbox 187 5536 405 5617; x_wconf 80' lang='lat' dir='ltr'><strong>blorvennicum,</strong></span> <span class='ocrx_word' id='word_1_675' title='bbox 418 5561 466 5603; x_wconf 88' lang='lat' dir='ltr'><strong>seu</strong></span> <span class='ocrx_word' id='word_1_676' title='bbox 476 5549 653 5611; x_wconf 85' lang='lat' dir='ltr'><strong>bforvinnum</strong></span> <span class='ocrx_word' id='word_1_677' title='bbox 668 5572 764 5628; x_wconf 88' lang='lat' dir='ltr'><strong>pagum</strong></span> <span class='ocrx_word' id='word_1_678' title='bbox 776 5557 920 5630; x_wconf 88' lang='lat' dir='ltr'><strong>regiuncu-</strong></span> 
     </span>
     <span class='ocr_line' id='line_1_106' title="bbox 125 5600 919 5691; baseline 0.043 -34"><span class='ocrx_word' id='word_1_679' title='bbox 125 5600 181 5658; x_wconf 87' lang='lat' dir='ltr'><strong>lam</strong></span> <span class='ocrx_word' id='word_1_680' title='bbox 198 5605 264 5665; x_wconf 81' lang='lat' dir='ltr'><strong>facit</strong></span> <span class='ocrx_word' id='word_1_681' title='bbox 278 5613 357 5669; x_wconf 91' lang='lat' dir='ltr'><strong>valde</strong></span> <span class='ocrx_word' id='word_1_682' title='bbox 372 5625 524 5678; x_wconf 89' lang='lat' dir='ltr'><strong>montosam</strong></span> <span class='ocrx_word' id='word_1_683' title='bbox 538 5630 566 5680; x_wconf 92' lang='lat' dir='ltr'><strong>et</strong></span> <span class='ocrx_word' id='word_1_684' title='bbox 582 5624 735 5685; x_wconf 88' lang='lat' dir='ltr'><strong>silvestrem</strong></span> <span class='ocrx_word' id='word_1_685' title='bbox 751 5629 875 5688; x_wconf 82' lang='lat' dir='ltr'><strong>Valesius</strong></span> <span class='ocrx_word' id='word_1_686' title='bbox 890 5633 919 5691; x_wconf 91' lang='lat' dir='ltr'><strong>in</strong></span> 
     </span>
    </p>
   </div>
   <div class='ocr_carea' id='block_1_22' title="bbox 978 4562 1776 5011">
    <p class='ocr_par' dir='ltr' id='par_1_25' title="bbox 978 4562 1776 5011">
     <span class='ocr_line' id='line_1_107' title="bbox 980 4562 1775 4645; baseline 0.014 -26"><span class='ocrx_word' id='word_1_687' title='bbox 980 4562 1001 4619; x_wconf 90' lang='lat' dir='ltr'><strong>si</strong></span> <span class='ocrx_word' id='word_1_688' title='bbox 1016 4563 1078 4635; x_wconf 92' lang='lat' dir='ltr'><strong>quis</strong></span> <span class='ocrx_word' id='word_1_689' title='bbox 1093 4563 1164 4620; x_wconf 89' lang='lat' dir='ltr'><strong>inibi</strong></span> <span class='ocrx_word' id='word_1_690' title='bbox 1182 4572 1229 4620; x_wconf 92' lang='lat' dir='ltr'><strong>aut</strong></span> <span class='ocrx_word' id='word_1_691' title='bbox 1243 4566 1381 4623; x_wconf 92' lang='lat' dir='ltr'><strong>dominari</strong></span> <span class='ocrx_word' id='word_1_692' title='bbox 1392 4585 1440 4641; x_wconf 91' lang='lat' dir='ltr'><strong>per</strong></span> <span class='ocrx_word' id='word_1_693' title='bbox 1449 4575 1648 4645; x_wconf 84' lang='lat' dir='ltr'><strong>tyrannidem,</strong></span> <span class='ocrx_word' id='word_1_694' title='bbox 1668 4587 1715 4635; x_wconf 89' lang='lat' dir='ltr'><strong>aut</strong></span> <span class='ocrx_word' id='word_1_695' title='bbox 1726 4592 1775 4635; x_wconf 90' lang='lat' dir='ltr'><strong>cun</strong></span> 
     </span>
     <span class='ocr_line' id='line_1_108' title="bbox 981 4652 1776 4729; baseline 0.018 -21"><span class='ocrx_word' id='word_1_696' title='bbox 981 4652 1100 4710; x_wconf 86' lang='lat' dir='ltr'><strong>coenobii</strong></span> <span class='ocrx_word' id='word_1_697' title='bbox 1114 4653 1220 4710; x_wconf 91' lang='lat' dir='ltr'><strong>familia</strong></span> <span class='ocrx_word' id='word_1_698' title='bbox 1229 4655 1330 4714; x_wconf 80' lang='lat' dir='ltr'><strong>savius</strong></span> <span class='ocrx_word' id='word_1_699' title='bbox 1343 4674 1432 4729; x_wconf 83' lang='lat' dir='ltr'><strong>egem,</strong></span> <span class='ocrx_word' id='word_1_700' title='bbox 1446 4669 1601 4723; x_wconf 90' lang='lat' dir='ltr'><strong>autrerum</strong></span> <span class='ocrx_word' id='word_1_701' title='bbox 1617 4667 1776 4725; x_wconf 86' lang='lat' dir='ltr'><strong>ecclesiasti-</strong></span> 
     </span>
     <span class='ocr_line' id='line_1_109' title="bbox 980 4750 1775 4831; baseline 0.018 -33"><span class='ocrx_word' id='word_1_702' title='bbox 980 4758 1074 4799; x_wconf 87' lang='lat' dir='ltr'><strong>carum</strong></span> <span class='ocrx_word' id='word_1_703' title='bbox 1090 4761 1221 4817; x_wconf 88' lang='lat' dir='ltr'><strong>pervasor</strong></span> <span class='ocrx_word' id='word_1_704' title='bbox 1233 4762 1291 4803; x_wconf 88' lang='lat' dir='ltr'><strong>esse</strong></span> <span class='ocrx_word' id='word_1_705' title='bbox 1306 4751 1462 4817; x_wconf 86' lang='lat' dir='ltr'><strong>tentaverit,</strong></span> <span class='ocrx_word' id='word_1_706' title='bbox 1479 4750 1550 4811; x_wconf 92' lang='lat' dir='ltr'><strong>huic</strong></span> <span class='ocrx_word' id='word_1_707' title='bbox 1564 4758 1667 4813; x_wconf 91' lang='lat' dir='ltr'><strong>nonin</strong></span> <span class='ocrx_word' id='word_1_708' title='bbox 1679 4760 1775 4831; x_wconf 88' lang='lat' dir='ltr'><strong>longum</strong></span> 
     </span>
     <span class='ocr_line' id='line_1_110' title="bbox 980 4831 1776 4920; baseline 0.02 -33"><span class='ocrx_word' id='word_1_709' title='bbox 980 4831 1106 4889; x_wconf 85' lang='lat' dir='ltr'><strong>differtur</strong></span> <span class='ocrx_word' id='word_1_710' title='bbox 1121 4835 1209 4903; x_wconf 75' lang='lat' dir='ltr'><strong>ultio,</strong></span> <span class='ocrx_word' id='word_1_711' title='bbox 1225 4851 1321 4894; x_wconf 89' lang='lat' dir='ltr'><strong>verum</strong></span> <span class='ocrx_word' id='word_1_712' title='bbox 1337 4841 1576 4911; x_wconf 87' lang='lat' dir='ltr'><strong>quamcitissime</strong></span> <span class='ocrx_word' id='word_1_713' title='bbox 1600 4856 1726 4920; x_wconf 81' lang='lat' dir='ltr'><strong>raptatus</strong></span> <span class='ocrx_word' id='word_1_714' title='bbox 1738 4850 1776 4904; x_wconf 89' lang='lat' dir='ltr'><strong>in-</strong></span> 
     </span>
     <span class='ocr_line' id='line_1_111' title="bbox 978 4924 1774 5011; baseline 0.021 -33"><span class='ocrx_word' id='word_1_715' title='bbox 978 4924 1072 4993; x_wconf 90' lang='lat' dir='ltr'><strong>teritu,</strong></span> <span class='ocrx_word' id='word_1_716' title='bbox 1084 4926 1221 5000; x_wconf 76' lang='lat' dir='ltr'><strong>sacrilegae</strong></span> <span class='ocrx_word' id='word_1_717' title='bbox 1231 4930 1407 4988; x_wconf 90' lang='lat' dir='ltr'><strong>temeritatise</strong></span> <span class='ocrx_word' id='word_1_718' title='bbox 1422 4935 1543 5007; x_wconf 90' lang='lat' dir='ltr'><strong>vestigio</strong></span> <span class='ocrx_word' id='word_1_719' title='bbox 1565 4954 1666 5011; x_wconf 83' lang='lat' dir='ltr'><strong>poenas</strong></span> <span class='ocrx_word' id='word_1_720' title='bbox 1683 4941 1741 4999; x_wconf 92' lang='lat' dir='ltr'><strong>luit.</strong></span> <span class='ocrx_word' id='word_1_721' title='bbox 1752 4940 1774 4996; x_wconf 93' lang='lat' dir='ltr'><strong>ld</strong></span> 
     </span>
    </p>
   </div>
   <div class='ocr_carea' id='block_1_23' title="bbox 975 5066 1775 5286">
    <p class='ocr_par' dir='ltr' id='par_1_26' title="bbox 975 5066 1775 5286">
     <span class='ocr_line' id='line_1_112' title="bbox 978 5066 1773 5158; baseline 0.025 -36"><span class='ocrx_word' id='word_1_722' title='bbox 978 5066 1080 5150; x_wconf 82' lang='lat' dir='ltr'><strong>Notitia</strong></span> <span class='ocrx_word' id='word_1_723' title='bbox 1095 5069 1256 5154; x_wconf 79' lang='lat' dir='ltr'><strong>Galliarum,</strong></span> <span class='ocrx_word' id='word_1_724' title='bbox 1272 5081 1306 5156; x_wconf 34' lang='lat' dir='ltr'><strong>et,</strong></span> <span class='ocrx_word' id='word_1_725' title='bbox 1315 5075 1412 5145; x_wconf 83' lang='lat' dir='ltr'><strong>partim</strong></span> <span class='ocrx_word' id='word_1_726' title='bbox 1424 5075 1522 5153; x_wconf 85' lang='lat' dir='ltr'><strong>inquit</strong></span> <span class='ocrx_word' id='word_1_727' title='bbox 1532 5080 1700 5139; x_wconf 73' lang='lat' dir='ltr'><strong>Nioernensr&#39;</strong></span> <span class='ocrx_word' id='word_1_728' title='bbox 1708 5101 1773 5158; x_wconf 76' lang='lat' dir='ltr'><strong>popo,</strong></span> 
     </span>
     <span class='ocr_line' id='line_1_113' title="bbox 975 5140 1775 5229; baseline 0.02 -37"><span class='ocrx_word' id='word_1_729' title='bbox 975 5145 1076 5222; x_wconf 70' lang='lat' dir='ltr'><strong>portior</strong></span> <span class='ocrx_word' id='word_1_730' title='bbox 1086 5140 1202 5198; x_wconf 75' lang='lat' dir='ltr'><strong>domanio</strong></span> <span class='ocrx_word' id='word_1_731' title='bbox 1216 5144 1305 5200; x_wconf 79' lang='lat' dir='ltr'><strong>flustra</strong></span> <span class='ocrx_word' id='word_1_732' title='bbox 1319 5147 1405 5202; x_wconf 81' lang='lat' dir='ltr'><strong>Gonia</strong></span> <span class='ocrx_word' id='word_1_733' title='bbox 1417 5147 1713 5228; x_wconf 73' lang='lat' dir='ltr'><strong>(chereas-chinon),</strong></span> <span class='ocrx_word' id='word_1_734' title='bbox 1721 5172 1775 5229; x_wconf 88' lang='lat' dir='ltr'><strong>por·</strong></span> 
     </span>
     <span class='ocr_line' id='line_1_114' title="bbox 977 5214 1482 5286; baseline 0.024 -23"><span class='ocrx_word' id='word_1_735' title='bbox 977 5217 1022 5264; x_wconf 87' lang='lat' dir='ltr'><strong>trm</strong></span> <span class='ocrx_word' id='word_1_736' title='bbox 1037 5218 1116 5267; x_wconf 83' lang='lat' dir='ltr'><strong>ettam</strong></span> <span class='ocrx_word' id='word_1_737' title='bbox 1136 5214 1300 5286; x_wconf 82' lang='lat' dir='ltr'><strong>Burgundire</strong></span> <span class='ocrx_word' id='word_1_738' title='bbox 1315 5218 1482 5277; x_wconf 84' lang='lat' dir='ltr'><strong>attribuitur.</strong></span> 
     </span>
    </p>
   </div>
   <div class='ocr_carea' id='block_1_24' title="bbox 1011 5284 1773 5427">
    <p class='ocr_par' dir='ltr' id='par_1_27' title="bbox 1011 5284 1773 5427">
     <span class='ocr_line' id='line_1_115' title="bbox 1011 5284 1773 5427; baseline 0.021 -91"><span class='ocrx_word' id='word_1_739' title='bbox 1011 5284 1160 5339; x_wconf 68' lang='lat' dir='ltr'><strong>eFolcom&#39;s</strong></span> <span class='ocrx_word' id='word_1_740' title='bbox 1185 5303 1269 5355; x_wconf 83' lang='lat' dir='ltr'><strong>mons,</strong></span> <span class='ocrx_word' id='word_1_741' title='bbox 1290 5290 1374 5361; x_wconf 92' lang='lat' dir='ltr'><strong>vulgo</strong></span> <span class='ocrx_word' id='word_1_742' title='bbox 1398 5291 1627 5367; x_wconf 83' lang='lat' dir='ltr'><strong>Mout-Faucon,</strong></span> <span class='ocrx_word' id='word_1_743' title='bbox 1655 5298 1773 5427; x_wconf 64' lang='lat' dir='ltr'><strong>oppidum</strong></span> 
     </span>
    </p>
   </div>
   <div class='ocr_carea' id='block_1_25' title="bbox 975 5353 1772 5575">
    <p class='ocr_par' dir='ltr' id='par_1_28' title="bbox 975 5353 1772 5575">
     <span class='ocr_line' id='line_1_116' title="bbox 976 5353 1691 5429; baseline 0.027 -22"><span class='ocrx_word' id='word_1_744' title='bbox 976 5361 1016 5408; x_wconf 87' lang='lat' dir='ltr'><strong>est</strong></span> <span class='ocrx_word' id='word_1_745' title='bbox 1032 5353 1126 5409; x_wconf 83' lang='lat' dir='ltr'><strong>Galliae</strong></span> <span class='ocrx_word' id='word_1_746' title='bbox 1141 5355 1170 5411; x_wconf 92' lang='lat' dir='ltr'><strong>in</strong></span> <span class='ocrx_word' id='word_1_747' title='bbox 1189 5356 1347 5429; x_wconf 86' lang='lat' dir='ltr'><strong>Campania.</strong></span> <span class='ocrx_word' id='word_1_748' title='bbox 1363 5363 1403 5418; x_wconf 89' lang='lat' dir='ltr'><strong>De</strong></span> <span class='ocrx_word' id='word_1_749' title='bbox 1413 5367 1587 5424; x_wconf 85' lang='lat' dir='ltr'><strong>monasterio</strong></span> <span class='ocrx_word' id='word_1_750' title='bbox 1599 5373 1691 5428; x_wconf 88' lang='lat' dir='ltr'><strong>veroi</strong></span> 
     </span>
     <span class='ocr_line' id='line_1_117' title="bbox 975 5424 1772 5514; baseline 0.023 -36"><span class='ocrx_word' id='word_1_751' title='bbox 975 5424 1075 5504; x_wconf 80' lang='lat' dir='ltr'><strong>celebri</strong></span> <span class='ocrx_word' id='word_1_752' title='bbox 1092 5427 1120 5482; x_wconf 87' lang='lat' dir='ltr'><strong>S.</strong></span> <span class='ocrx_word' id='word_1_753' title='bbox 1135 5427 1260 5485; x_wconf 82' lang='lat' dir='ltr'><strong>Germani</strong></span> <span class='ocrx_word' id='word_1_754' title='bbox 1273 5431 1377 5487; x_wconf 87' lang='lat' dir='ltr'><strong>dietum</strong></span> <span class='ocrx_word' id='word_1_755' title='bbox 1391 5434 1471 5491; x_wconf 89' lang='lat' dir='ltr'><strong>estin</strong></span> <span class='ocrx_word' id='word_1_756' title='bbox 1487 5434 1704 5499; x_wconf 82' lang='lat' dir='ltr'><strong>Commentario</strong></span> <span class='ocrx_word' id='word_1_757' title='bbox 1717 5458 1772 5514; x_wconf 81' lang='lat' dir='ltr'><strong>pre-</strong></span> 
     </span>
     <span class='ocr_line' id='line_1_118' title="bbox 975 5495 1771 5575; baseline 0.034 -27"><span class='ocrx_word' id='word_1_758' title='bbox 975 5511 1021 5549; x_wconf 88' lang='lat' dir='ltr'><strong>vro</strong></span> <span class='ocrx_word' id='word_1_759' title='bbox 1036 5495 1069 5551; x_wconf 93' lang='lat' dir='ltr'><strong>ad</strong></span> <span class='ocrx_word' id='word_1_760' title='bbox 1083 5496 1152 5554; x_wconf 80' lang='lat' dir='ltr'><strong>Acta</strong></span> <span class='ocrx_word' id='word_1_761' title='bbox 1166 5498 1194 5555; x_wconf 90' lang='lat' dir='ltr'><strong>S.</strong></span> <span class='ocrx_word' id='word_1_762' title='bbox 1213 5501 1409 5575; x_wconf 82' lang='lat' dir='ltr'><strong>wandregisili</strong></span> <span class='ocrx_word' id='word_1_763' title='bbox 1428 5504 1475 5562; x_wconf 89' lang='lat' dir='ltr'><strong>die</strong></span> <span class='ocrx_word' id='word_1_764' title='bbox 1491 5508 1527 5565; x_wconf 73' lang='lat'><strong>²2</strong></span> <span class='ocrx_word' id='word_1_765' title='bbox 1542 5511 1614 5570; x_wconf 87' lang='lat' dir='ltr'><strong>lulii</strong></span> <span class='ocrx_word' id='word_1_766' title='bbox 1635 5512 1771 5575; x_wconf 54' lang='lat' dir='ltr'><strong>norlaude</strong></span> 
     </span>
    </p>
   </div>
   <div class='ocr_carea' id='block_1_26' title="bbox 973 5564 1772 5721">
    <p class='ocr_par' dir='ltr' id='par_1_29' title="bbox 973 5564 1772 5721">
     <span class='ocr_line' id='line_1_119' title="bbox 975 5564 1772 5652; baseline 0.033 -34"><span class='ocrx_word' id='word_1_767' title='bbox 975 5564 1032 5647; x_wconf 75' lang='lat' dir='ltr'><strong>rjus</strong></span> <span class='ocrx_word' id='word_1_768' title='bbox 1047 5568 1199 5652; x_wconf 79' lang='lat' dir='ltr'><strong>primordia</strong></span> <span class='ocrx_word' id='word_1_769' title='bbox 1212 5570 1343 5652; x_wconf 87' lang='lat' dir='ltr'><strong>describit</strong></span> <span class='ocrx_word' id='word_1_770' title='bbox 1355 5575 1533 5639; x_wconf 76' lang='lat' dir='ltr'><strong>Frodoardns</strong></span> <span class='ocrx_word' id='word_1_771' title='bbox 1546 5583 1684 5645; x_wconf 78' lang='lat' dir='ltr'><strong>Historia</strong></span> <span class='ocrx_word' id='word_1_772' title='bbox 1699 5585 1772 5643; x_wconf 81' lang='lat' dir='ltr'><strong>eecle-</strong></span> 
     </span>
     <span class='ocr_line' id='line_1_120' title="bbox 973 5638 1446 5721; baseline 0.034 -29"><span class='ocrx_word' id='word_1_773' title='bbox 973 5652 1021 5693; x_wconf 80' lang='lat' dir='ltr'><strong>sim</strong></span> <span class='ocrx_word' id='word_1_774' title='bbox 1036 5638 1196 5700; x_wconf 87' lang='lat' dir='ltr'><strong>Rhemensrs</strong></span> <span class='ocrx_word' id='word_1_775' title='bbox 1209 5643 1258 5716; x_wconf 74' lang='lat' dir='ltr'><strong>lib,</strong></span> <span class='ocrx_word' id='word_1_776' title='bbox 1275 5661 1385 5721; x_wconf 85' lang='lat' dir='ltr'><strong>1v‚cap.</strong></span> <span class='ocrx_word' id='word_1_777' title='bbox 1401 5647 1446 5709; x_wconf 76' lang='lat'><strong>39.</strong></span> 
     </span>
    </p>
   </div>
   <div class='ocr_carea' id='block_1_27' title="bbox 1713 5370 1771 5427">
    <p class='ocr_par' dir='ltr' id='par_1_30' title="bbox 1713 5370 1771 5427">
     <span class='ocr_line' id='line_1_121' title="bbox 1713 5370 1771 5427; baseline -0.052 -1"><span class='ocrx_word' id='word_1_778' title='bbox 1713 5370 1771 5427; x_wconf 87' lang='lat' dir='ltr'><strong>iden</strong></span> 
     </span>
    </p>
   </div>
   <div class='ocr_carea' id='block_1_28' title="bbox 0 0 1922 6132">
    <p class='ocr_par' dir='ltr' id='par_1_31' title="bbox 0 0 1922 6132">
     <span class='ocr_line' id='line_1_122' title="bbox 0 0 1922 6132; baseline 0 0"><span class='ocrx_word' id='word_1_779' title='bbox 0 0 1922 6132; x_wconf 95' lang='lat' dir='ltr'><strong> </strong></span> 
     </span>
    </p>
   </div>
  </div>
 </body>
</html>
