3834 6136
148 213 220 271 rora
744 211 926 270 oeuscuas
943 213 990 270 ar
1012 212 1209 271 sparuna.
1731 212 1803 275 totu
1892 183 1899 281 ζ

143 373 219 431 rent,
236 371 330 420 nostra
345 364 548 436 prestolaretur
557 372 716 432 consumet
727 363 799 420 nibil
810 364 943 435 priusaut
959 371 984 429 Α
998 364 1046 420 sed
1059 365 1146 420 letari
1162 365 1191 420 ia
1206 364 1304 421 officiis
1316 371 1343 420 et
1357 362 1533 435 dogmatibus
1548 364 1648 420 vestris
1658 364 1803 423 mereami-

143 455 223 518 aliud
239 453 436 520 decerneretis,
449 470 531 526 quam
543 454 615 528 quod
629 453 711 510 nobis
725 454 948 525 placereooqno-
1002 455 1042 510 ni.
1059 455 1145 526 lgitur
1160 455 1324 511 erubescant
1334 454 1412 519 talla,
1427 452 1624 524 etbujusmodi
1642 453 1803 528 blasphema

142 545 267 610 viscatis,
283 543 323 598 ita
337 550 368 596 ut
383 558 398 597 a
419 543 521 615 regulis
546 543 707 616 praestitutis
722 544 808 610 nulla,
831 550 878 598 aut
894 560 948 599 ne-
1001 544 1161 600 subtrabere
1176 544 1317 612 festinent,
1334 544 1357 600 si
1374 543 1545 600 noluerinta
1567 544 1728 600 sacerdotali
1746 563 1802 603 uo-

143 631 289 707 gligentia
307 637 355 686 aut
368 633 583 703 praesumptione
598 632 770 688 recederetis.
783 631 875 689 Cesset
888 632 947 689 bu-
1001 643 1057 690 stro
1072 635 1189 706 collegio
1201 633 1346 705 segregari,
1361 639 1389 688 et
1402 648 1418 687 a
1432 631 1585 688 Christiani
1600 633 1695 704 populi
1710 635 1802 690 socie-

139 721 268 796 jusmodi
283 735 376 792 pressa
391 730 485 776 nostra
505 720 669 777 auctoritate
693 721 880 793 presumptio,
897 721 945 777 vi-
1000 729 1055 777 tate
1079 722 1187 778 divelli.
1204 721 1280 777 Licet
1305 735 1424 792 namque
1447 720 1480 775 de
1498 719 1542 776 his
1561 719 1641 792 plura
1654 727 1681 775 et
1698 736 1801 792 perne-

139 822 239 871 tentur
253 809 415 883 hujusmodi
430 818 605 876 nocumenta,
617 811 682 881 quia
692 827 863 884 nequaquam
878 812 945 868 talia
1001 812 1126 879 cessaria,
1148 827 1208 883 quae
1237 811 1266 865 in
1289 808 1406 865 decretis
1430 807 1502 864 sedis
1527 809 1703 880 apostolice,
1720 819 1747 867 et
1768 811 1801 868 ab

139 903 281 976 patienter
303 899 375 955 ferre
398 914 542 970 possumus
566 899 797 968 machinamenta,
813 901 944 973 quoniam
1002 901 1142 971 Apostolis
1157 897 1800 971 eorumquesuccessoribusstatuts,inveuiun·

139 988 277 1048 conuenit
292 1002 344 1043 uos
357 993 531 1059 paternarum
548 988 722 1044 sanctionum
732 987 878 1060 diligentes
886 1003 943 1044 esee
1000 999 1056 1057 tur,
1070 989 1163 1045 dicere
1178 997 1205 1045 et
1218 988 1392 1044 conscribere
1403 986 1598 1059 potuissemus,
1614 993 1706 1043 amen
1720 988 1800 1044 uobis

139 1078 282 1137 custodes.
299 1101 309 1126 ι
999 1079 1098 1135 melius
1112 1079 1203 1135 visum
1219 1085 1271 1146 est,
1282 1084 1313 1134 ut
1327 1077 1472 1149 epistolam
1489 1075 1614 1132 oratione
1627 1076 1798 1135 claudamus.

139 1189 189 1246 Ea
202 1186 316 1257 epistola
338 1182 497 1238 sanctissimi
514 1183 704 1256 archiepiscopi
727 1184 823 1240 Felicia
843 1191 868 1240 et
887 1184 943 1254 ejas
997 1168 1301 1240 ⁰⁰⁰850m¹¹590200820i
1315 1165 1399 1238 h⁰i¹¹⁸
1414 1165 1798 1237 “ssidessilffiffillfflmllfl‘
1862 1158 1872 1172 „

178 1255 388 1322 sancticancitii,
398 1255 557 1321 Atbanasio,
568 1256 732 1310 etnniversis
743 1256 941 1327 AEqpptiarum,
997 1265 1041 1313 tor
1055 1264 1148 1313 noster
1161 1257 1238 1312 lesus
1255 1255 1393 1323 Christus,
1416 1255 1469 1312 boc
1482 1254 1562 1311 vobis
1577 1255 1679 1312 tribuat
1694 1254 1799 1313 incita-

181 1329 374 1388 Titbfll'dffllm
395 1333 418 1381 ⁶²
444 1327 588 1397 liblffl'l‘m
608 1327 735 1398 episcopis
749 1329 896 1408 rescripta:
914 1328 943 1382 Ψ
998 1354 1132 1414 mentum,
1146 1353 1177 1402 ut
1191 1346 1322 1403 omnibus
1336 1346 1478 1414 iratribus,
1504 1352 1532 1401 et
1550 1346 1718 1418 coepiscopis
1742 1363 1797 1402 no-

176 1418 240 1526 m
256 1399 491 1545 &mmm
505 1416 942 1540 ἕξάᾝεὲζῖξήῖἵξθέἱξξὲῗβῖἕὶ,
997 1436 1071 1503 stris,
1101 1435 1311 1508 quibuscunque
1335 1433 1563 1492 tribulationibus
1595 1433 1794 1502 laborantibus,

176 1542 304 1598 senonim
320 1542 504 1612 respondetur.
997 1524 1064 1582 tutis
1077 1525 1246 1583 succurratis
1261 1523 1379 1591 viribus,
1400 1532 1427 1579 et
1452 1537 1516 1579 cum
1532 1522 1572 1579 eis
1586 1523 1795 1595 compatientes,

178 1641 279 1711 (Faria
301 1637 336 1706 ll,
361 1636 436 1708 epist.
453 1637 493 1708 l.)
523 1637 614 1692 «Non
635 1636 674 1693 ira
693 1636 722 1692 in
742 1637 941 1694 Ecclesiaspjcqs
995 1629 1104 1670 crucem
1121 1614 1243 1686 ejusdem
1259 1612 1371 1669 Domini
1389 1611 1534 1668 salvatoris
1544 1608 1679 1684 'portetis
1695 1619 1726 1667 ut
1736 1612 1794 1668 ueri

137 1727 277 1803 agendum
291 1734 332 1782 est
349 1725 478 1797 negotiis,
492 1725 563 1782 sicut
578 1726 607 1780 in
623 1725 810 1783 saecularibus.
826 1727 894 1782 Nam
911 1727 940 1782 in
956 1743 980 1803 Β
995 1706 1082 1780 il⁸il¹⁸
1105 1707 1234 1779 disoilmli
1260 1722 1352 1761 ΜΠ]
1375 1704 1505 1760 ⁰¹1¹¹¹ib1¹⁸
1524 1705 1696 1776 “limiti
1714 1712 1745 1762 11⁸
1767 1715 1794 1763 tl

138 1817 330 1886 saecularibus,
346 1823 490 1889 postquam
514 1816 620 1887 legibus
639 1824 753 1873 vocatus
778 1817 896 1885 venerit,
912 1827 940 1874 (η
995 1813 1054 1865 vos,
1070 1805 1096 1853 et
1110 1796 1157 1870 qui
1172 1796 1316 1852 vobiscum
1326 1803 1401 1862 suut,
1418 1793 1464 1850 hio
1479 1802 1507 1850 et
1525 1794 1555 1849 in
1569 1793 1664 1850 tuturo
1679 1795 1795 1851 meliora

138 1909 170 1965 ln
181 1909 243 1964 loro
256 1905 395 1964 decertare
410 1907 524 1977 caperit
534 1906 645 1980 aliquis,
660 1922 717 1962 non
731 1906 796 1963 licet
814 1915 877 1963 ante
887 1923 940 1979 pe·
994 1887 1169 1959 ll⁰⁸⁸id⁹³iib
1178 1903 1239 1959 ‘lum
1254 1885 1352 1941 00⁰¹¹¹⁸
1361 1899 1417 1938 ¹¹⁰⁰
1429 1883 1510 1951 Vidits
1520 1898 1570 1940 ¹¹⁰⁰
1584 1885 1659 1939 ³¹¹1ss
1673 1884 1791 1952 andilli,

136 2003 243 2053 tactam
271 2011 380 2052 caumm
408 1995 549 2052 recedere:
577 1995 606 2050 in
635 1996 830 2052 ecclesiasticis
860 2013 937 2066 nero,
995 1971 1433 2038 ¹¹³⁰i¹¹⁰⁰fh⁰mi¹¹i⁸³⁸⁰⁰¹¹di¹2
1455 1972 1794 2043 (11ῙῶΙΜΒΡΜΝῙΗΜ)118

136 2086 215 2144 dicta
233 2100 314 2140 causa
328 2083 454 2140 recedere
469 2084 544 2151 licet,
560 2083 596 2140 sit
615 2100 725 2142 necesse
739 2085 833 2152 luerit,
854 2092 901 2141 aut
915 2085 938 2141 si
993 2063 1176 2136 difidemibffi
1191 2080 1229 2131 ⁸⁰,
1246 2079 1294 2135 l)er
1307 2063 1458 2119 D⁰¹¹¹i¹¹¹¹¹¹¹
1473 2060 1792 2118 ¹¹⁰⁸if¹1ffl10⁸11¹1¹chfl·

135 2173 304 2247 praegravari
316 2172 440 2228 viderit·
463 2174 527 2229 ltem
540 2190 572 2228 ea
586 2174 682 2230 mdem:
707 2175 783 2229 «lam
799 2175 937 2230 enimfor·
993 2166 1078 2226 stum»
1095 2175 1144 2231 per
1157 2174 1238 2231 (lum
1255 2166 1282 2213 θῑ
1295 2174 1359 2214 ⁰¹¹¹ss
1381 2172 1437 2229 ‘1¹1⁰
1449 2157 1633 2228 omnipotenti
1648 2156 1706 2212 Βθῡ
1718 2155 1792 2212 Patri

134 2281 212 2322 mam
226 2263 363 2332 dedimus,
380 2273 407 2319 et
427 2278 443 2317 a
457 2263 703 2335 predecessoribus
719 2265 821 2320 nostris
845 2264 936 2321 datam
994 2247 1081 2319 ssl⁰sl³
1095 2248 1123 2302 5¹³
1135 2248 1235 2303 Simia
1245 2248 1419 2317 ⁸ffl0⁰¹⁰fl¹¹¹l
1436 2245 1636 2301 Affl⁰¹¹=V³¹⁰f⁰
1651 2262 1702 2301 V⁰⁸
1715 2252 1790 2317 ⁰9²⁰,

134 2370 196 2410 0330
211 2355 403 2426 cognovimus,
420 2362 450 2409 up
465 2355 487 2410 εἰ
499 2353 566 2427 ⁴quis
586 2369 614 2408 30
633 2353 776 2424 agnffi-erjq
798 2351 938 2410 christia.
991 2335 1147 2392 charissimi
1164 2335 1270 2390 lratres.
1287 2336 1355 2390 Data
1368 2332 1464 2389 Idibus
1478 2332 1631 2402 Februarii,
1647 2333 1748 2404 ligario
1764 2341 1792 2389 et

134 2459 217 2511 num,
233 2443 305 2499 illud
318 2451 407 2499 servet
423 2443 497 2516 quod
511 2443 545 2498 ab
570 2442 711 2513 apostolis
733 2443 857 2499 noscitur
880 2458 937 2498 esse

134 2533 336 2601 contraditum,
347 2533 455 2589 dicente
470 2532 603 2605 Apostolo
615 2531 719 2589 Paulo:
744 2530 773 2588 Si
791 2531 850 2602 qais
865 2531 937 2586 nobis

133 2623 338 2683 annuntiaverit
353 2629 452 2693 prater
475 2622 545 2692 qnod
565 2623 709 2694 accepistis,
734 2622 874 2677 anatliema
903 2621 937 2676 sit

135 2714 215 2785 (Gal.
232 2730 251 2782 r,
266 2713 306 2783 8).
323 2711 451 2770 Christus
467 2714 543 2769 enim
559 2714 606 2768 liei
622 2713 721 2782 Filius,
736 2713 872 2768 Dominus
888 2729 935 2768 no·

133 2811 202 2872 ster,
219 2802 340 2859 humano
355 2804 445 2876 generi
465 2821 512 2876 per
532 2805 670 2877 propriam
686 2805 839 2877 passionem
857 2804 936 2858 salu-

133 2901 193 2949 tern
205 2893 392 2966 plenissimam
404 2894 581 2963 condonavit,
593 2901 623 2949 ut
639 2910 689 2949 noa
707 2894 844 2950 liberaret.
862 2893 896 2948 Et
911 2893 934 2949 si

133 2983 210 3038 Deus
221 2983 249 3038 ln
265 2991 372 3039 matura
388 2999 438 3038 nos
451 2983 561 3051 dilexit,
578 2991 607 3037 ut
623 2982 706 3037 etiam
729 2983 840 3055 proprio
863 2982 935 3037 Filio
977 3000 981 3006 ·

992 2422 1101 2479 iuliano
1114 2423 1148 2480 V.
1164 2423 1207 2480 Cl.
1221 2438 1333 2478 coam·

1109 2548 1175 2602 lant
1187 2564 1220 2601 ea
1235 2545 1333 2601 Gracia
1347 2552 1372 2600 et
1386 2543 1489 2600 Latinis
1502 2539 1656 2597 canonibus.

1027 2664 1108 2735 (Cap.
1125 2663 1164 2734 5.)
1196 2662 1288 2719 «Nam
1303 2661 1327 2717 si
1343 2660 1401 2718 suis
1415 2658 1496 2715 rebus
1511 2657 1596 2715 luerit
1619 2655 1790 2731 exspoliatus

990 2754 1144 2826 episcopus,
1161 2761 1209 2809 aut
1222 2752 1296 2826 quod
1313 2751 1395 2820 absit,
1417 2749 1490 2823 quod
1506 2748 1628 2806 alienum
1645 2748 1680 2805 ab
1693 2747 1790 2805 omui·
1861 2798 1863 2802 ,

990 2843 1041 2900 bus
1058 2843 1207 2899 debetesse
1223 2841 1361 2911 fidelibus,
1379 2857 1394 2895 a
1409 2840 1472 2897 sede
1486 2839 1598 2911 propria
1612 2838 1726 2909 ejectus,
1742 2847 1790 2895 aut

990 2932 1021 2989 iu
1034 2931 1193 2988 detentione
1208 2931 1302 3003 aliqua
1315 2947 1331 2986 a
1343 2929 1400 2985 suis
1415 2928 1515 2998 ovibus
1528 2927 1612 2984 luerit
1631 2935 1791 3001 sequestra·

990 3033 1045 3094 tus,
1062 3033 1129 3083 tunc
1141 3024 1285 3090 canonice,
1298 3032 1443 3096 antequam
1460 3021 1489 3076 in
1505 3019 1653 3091 pristinum
1665 3018 1790 3076 restitua-

132 3088 193 3128 ΜΠ
209 3080 341 3145 pameret’
357 3073 403 3130 sed
421 3089 470 3145 pm
482 3072 562 3127 ΝΜ
575 3071 791 3127 mmmmm
802 3072 933 3139 Μῶα
949 3103 971 3163 G
988 3121 1034 3171 tur
1049 3115 1194 3181 bonorem,
1205 3122 1233 3169 et
1247 3113 1399 3170 suaomnia
1413 3128 1474 3183 quaa
1488 3108 1599 3165 insidiis
1611 3108 1791 3164 inimicorum

132 3172 168 3219 ut
182 3180 231 3218 nos
242 3163 378 3231 liberaret,
394 3173 425 3220 nt
441 3164 507 3235 quid
522 3180 572 3219 nos
586 3180 642 3218 non
661 3162 804 3233 diligimus
824 3162 932 3230 fratres,

132 3260 185 3308 aut
199 3268 243 3308 eos
255 3260 356 3309 temere
368 3253 536 3326 judicamus,
546 3269 609 3309 cum
620 3252 768 3324 praedictus
777 3252 850 3307 dicat
861 3251 932 3323 Apo·

120 3339 221 3401 'stolus
234 3364 239 3401 :
254 3345 342 3401 Nolite
351 3345 475 3415 judicare
489 3345 606 3412 invicem,
623 3346 667 3400 sed
681 3347 726 3398 bac
737 3343 856 3412 judicate
869 3361 932 3399 aaa·

130 3436 182 3508 pis,
207 3453 239 3490 ne
263 3438 371 3511 ponatis
399 3436 584 3505 afferrdicnlnm
610 3434 694 3504 fratri
721 3437 760 3489 rel
778 3436 933 3490 scandalunt

132 3525 223 3598 (Ram.
240 3539 300 3592 xrv,
316 3524 360 3593 ta)
373 3523 464 3578 iNam
480 3522 502 3576 si
518 3522 559 3575 illi
575 3521 621 3593 qui
640 3521 738 3577 iratres
752 3521 882 3594 diligunt.
898 3539 932 3578 ex

129 3614 189 3672 Dea
204 3614 262 3668 nati
278 3620 344 3666 sunt
358 3618 385 3664 et
400 3609 496 3664 uident
518 3611 616 3678 Deum,
636 3610 702 3683 qnid
717 3626 780 3682 ergo
795 3612 846 3667 erit
864 3611 930 3681 illis,

130 3704 177 3783 qul
194 3719 242 3758 eos
267 3707 478 3773 persequuntur,
496 3707 522 3755 et
543 3715 588 3754 eos
612 3698 791 3768 detrahendo,
822 3701 932 3758 machi-

127 3793 235 3858 nando,
248 3788 413 3856 aeousando,
430 3788 595 3858 infestando,
610 3790 739 3845 damnare
755 3790 932 3846 moliuntur?

128 3880 160 3938 si
176 3878 218 3935 illl
234 3878 285 3934 lilii
303 3877 361 3945 liei,
381 3878 475 3949 procul
491 3876 576 3932 dubio
587 3876 617 3931 bi
628 3877 678 3931 lilii
690 3885 754 3932 sunt
765 3877 930 3951 diaboli,qui

130 3986 240 4042 semper
255 3969 326 4025 sicut
341 3969 383 4023 leo
399 3968 509 4038 rugiens
524 3967 623 4022 circuit
637 3983 762 4038 quarens
777 3984 856 4041 quem
878 3971 931 4026 de-

128 4068 219 4127 voret,
236 4059 274 4114 ita
288 4058 386 4114 iratres
401 4057 585 4129 insequuntur
598 4064 629 4112 nt
644 4056 769 4128 perdant.
799 4056 850 4123 Qui
865 4075 930 4115 voro

130 4150 262 4229 adjuvare
285 4148 382 4203 fratres
401 4147 552 4218 refugiunt,
569 4144 657 4219 majus
671 4162 742 4201 orius
757 4154 929 4218 peccatorum

129 4237 277 4315 acquirunt
292 4245 319 4293 et
335 4236 516 4294 fraternitatis
536 4235 634 4291 solatio
649 4235 688 4290 rei
712 4236 867 4293 existunt.»
893 4239 931 4293 nt

126 4335 188 4415 post
199 4345 300 4399 pauca:
324 4326 395 4381 ‹Non
406 4325 480 4380 enim
496 4322 663 4380 delentibus
676 4324 836 4391 salutiferis,
849 4325 927 4396 spiri-

989 3221 1103 3261 suorum
1114 3206 1139 3260 ei
1149 3202 1240 3258 ablata
1254 3202 1365 3256 fuerant
1378 3198 1609 3269 redintegrentur,
1626 3211 1677 3254 nec
1689 3213 1789 3253 conuo-

988 3294 1045 3355 cari
1060 3309 1111 3350 nec
1123 3291 1244 3364 judicari
1259 3289 1370 3363 poterit,
1391 3289 1446 3343 nisi
1470 3289 1528 3359 ipse
1541 3302 1591 3359 pro
1604 3302 1652 3343 sua
1667 3287 1790 3344 necessi-

989 3392 1054 3453 tate,
1066 3385 1181 3441 minime
1193 3391 1284 3437 amen
1291 3378 1469 3452 judicandus,
1480 3376 1611 3434 advenire
1624 3376 1790 3446 spoutsele-

989 3474 1068 3548 gerit.
1089 3474 1143 3529 Neo
1157 3472 1272 3527 omuino
1291 3484 1459 3542 equaquam
1478 3464 1642 3538 respondere
1664 3472 1787 3536 cogatur,

988 3578 1133 3640 antequam
1150 3563 1326 3637 integerrime
1350 3562 1454 3629 omnia,
1480 3576 1541 3632 que
1565 3573 1613 3632 par
1632 3560 1788 3631 suggestio-

987 3673 1050 3712 nem
1068 3654 1247 3712 inimiaorum
1265 3668 1377 3709 auorum
1388 3651 1528 3717 amiserat,
1544 3648 1672 3722 potestati
1686 3647 1787 3719 ejusab

987 3745 1143 3801 honorabili
1158 3744 1277 3803 concilio
1292 3740 1523 3813 redintegrentur,
1542 3747 1569 3794 et
1584 3739 1685 3811 praesul
1710 3736 1787 3809 prius

987 3837 1069 3892 statui
1086 3836 1204 3907 pristino
1222 3833 1363 3899 reddatur,
1386 3839 1413 3887 et
1434 3830 1491 3902 ipse
1515 3828 1658 3900 dispositis
1678 3826 1786 3884 ordina·

987 3941 1054 3997 sque
1069 3925 1154 3981 libere
1170 3940 1201 3979 ao
1215 3939 1309 3979 secure
1323 3922 1390 3989 suis,
1412 3927 1480 3975 tunc
1498 3915 1630 3974 canonice
1653 3932 1786 3973 convoca·

985 4022 1040 4082 tus,
1064 4014 1098 4069 ad
1113 4021 1222 4084 tempus
1237 4012 1344 4085 synodo
1359 4012 1388 4066 in
1408 4009 1531 4081 legitima
1545 4015 1573 4064 et
1595 4005 1728 4064 manniae
1741 4020 1785 4061 va·

986 4103 1045 4158 nist
1058 4102 1092 4156 ud
1105 4118 1226 4167 causam,
1242 4110 1269 4156 et
1288 4101 1310 4154 si
1325 4101 1364 4153 ita
1372 4098 1446 4168 juste
1460 4099 1581 4166 videtur,
1597 4095 1785 4155 accusantium

985 4191 1219 4266 propositionibus
1235 4188 1428 4259 respondeat·

1172 4317 1218 4372 Ea
1232 4313 1340 4369 decretis
1355 4307 1488 4367 Caelestini
1497 4324 1586 4380 papa.

128 4424 243 4485 tualiter
257 4422 290 4477 ad
305 4421 517 4495 acquisitionem
540 4426 649 4473 aeterna
674 4419 749 4485 rite,
775 4419 928 4491 procedunt
943 4453 968 4512 D
1022 4425 1122 4498 (Epist.
1133 4424 1163 4480 ll
1176 4416 1545 4495 episcopisCalabetApnl.)
1560 4414 1653 4472 «Nulli
1661 4410 1783 4471 sacerdo·

128 4515 197 4572 tales
211 4510 399 4569 accusationes
418 4517 445 4565 et
457 4507 653 4573 detractiones,
669 4513 750 4579 atque
771 4508 833 4564 ideo
847 4525 928 4568 com-

127 4611 252 4689 petenter
267 4617 316 4656 uos
326 4601 422 4655 beatus
436 4599 537 4654 Paulus
552 4595 692 4668 apostolus
705 4595 904 4652 admonensait
920 4617 926 4655 :

126 4698 190 4754 Non
203 4692 292 4747 debere
304 4692 365 4763 plns
380 4707 472 4761 sapere
485 4705 566 4761 qaam
589 4694 691 4758 oportet
705 4704 807 4758 sapere,
828 4688 872 4741 sed
887 4705 928 4744 sa·

124 4803 189 4858 pere
208 4784 244 4839 ad
268 4783 433 4838 sobrietatem
459 4781 546 4852 (Rom.
572 4797 625 4847 xrs,
646 4779 685 4849 3).
715 4778 928 4849 lndillinitione

125 4874 238 4959 pietatis
253 4871 442 4951 perduremus.
455 4870 507 4937 Qui
518 4870 591 4926 enim
605 4866 678 4927 bana
693 4877 927 4946 praetereunt,non

124 4971 236 5020 tantum
254 4963 306 5034 ipsi
323 4968 388 5019 sunt
403 4960 560 5017 decidentes
582 4976 596 5014 a
619 4959 843 5016 corroboratione
866 4976 927 5028 sua,

124 5053 173 5115 sed
188 5052 357 5128 insipientiae
372 5069 428 5108 suae
442 5050 651 5124 dereliquerunt
665 5048 795 5104 omnibus
815 5066 926 5106 memo-

124 5141 208 5208 riam,
220 5149 251 5196 ut
264 5141 293 5196 in
308 5140 353 5204 bis
368 5139 396 5193 in
410 5138 510 5211 quibus
521 5145 702 5209 peccaverunt
713 5136 828 5193 minime
843 5138 927 5194 latere

123 5232 292 5311 potuissent.
305 5230 399 5288 Gloria
415 5229 489 5284 enim
504 5237 530 5284 et
542 5227 710 5284 contumelia
724 5227 754 5283 iu
769 5227 887 5300 loquela,
899 5234 926 5282 et

124 5324 155 5380 in
185 5323 279 5393 lingua
293 5320 416 5379 hominis
430 5335 509 5375 casus
524 5317 599 5373 illius
612 5324 661 5373 est.
679 5317 796 5389 Ideoque
820 5332 926 5371 eonve-

124 5412 208 5469 niens
233 5417 274 5466 est
297 5409 368 5465 banc
391 5408 501 5482 quidem
528 5405 712 5461 ostensionem
730 5403 926 5475 reprehensio-

123 5518 194 5558 num
215 5501 327 5557 illorum
344 5497 446 5554 nostris
460 5495 568 5552 actibus
586 5494 681 5561 inseri,
695 5509 729 5547 ne
744 5491 925 5565 ulteriusjam

123 5583 628 5662 taliapatiamini,seminantibusillis
640 5581 923 5651 amaniaetscandala,

982 4522 1040 4571 tum
1057 4515 1137 4572 liceat
1158 4526 1276 4569 canones
1303 4509 1438 4581 ignorare,
1455 4521 1507 4561 nec
1530 4501 1679 4579 quidquam
1694 4499 1784 4559 facere

984 4604 1057 4679 quod
1072 4605 1183 4660 Petrum
1207 4599 1293 4673 possit
1316 4597 1419 4671 regulis
1442 4594 1564 4651 obviare.
1592 4592 1657 4662 Quae
1680 4590 1755 4647 enim
1767 4607 1784 4670 a

983 4694 1063 4749 nobis
1077 4709 1120 4748 res
1132 4691 1217 4762 digna
1231 4686 1396 4755 servabitur,
1413 4686 1435 4742 si
1456 4681 1640 4742 decretalium
1656 4695 1782 4737 normam

983 4783 1210 4848 constitutorum,
1220 4795 1271 4852 pro
1280 4778 1436 4853 aliquorum
1447 4775 1541 4844 libitu,
1554 4771 1666 4832 licentia
1674 4769 1783 4846 populis

983 4872 1124 4950 permissa,
1148 4868 1315 4943 frangatur?
1337 4867 1476 4925 Carreum
1497 4882 1545 4923 111:
1567 4863 1642 4934 Quod
1655 4860 1783 4917 docendus

983 4961 1017 5018 sit
1029 4962 1156 5035 popalus,
1171 4977 1226 5015 non
1249 4957 1403 5029 sequendas.
1430 4954 1575 5012 Docendus
1594 4959 1635 5008 est
1653 4949 1780 5024 populus,

983 5066 1038 5105 non
1057 5048 1222 5122 sequendus.
1242 5047 1360 5120 Nosque,
1387 5043 1411 5101 si
1437 5042 1573 5107 nesciunt,
1599 5053 1644 5095 eos
1663 5036 1730 5109 quid
1749 5034 1781 5090 li·

981 5145 1040 5195 ceat
1054 5137 1157 5214 quidve
1172 5153 1228 5192 non
1242 5135 1323 5193 liceat
1337 5150 1396 5191 com
1402 5146 1521 5197 monere,
1537 5143 1593 5183 non
1609 5124 1654 5181 bis
1667 5139 1780 5180 consen·

981 5244 1042 5284 sum
1066 5226 1187 5298 praebere
1209 5224 1349 5281 debemus.
1367 5218 1497 5295 Quisquis
1511 5233 1578 5273 reru
1594 5222 1709 5275 conatus
1723 5204 1781 5269 iue-

981 5316 1018 5372 rit
1031 5323 1135 5370 tentare
1151 5312 1302 5387 prohibita,
1318 5310 1418 5367 sentiet
1431 5311 1575 5365 censuram
1587 5304 1632 5361 sed
1640 5303 1662 5358 is
1675 5311 1782 5376 aposto·

981 5403 1042 5461 lica
1058 5402 1171 5457 minime
1185 5401 1351 5457 defuturam.
1366 5399 1432 5467 Qus
1447 5397 1521 5453 enim
1535 5395 1593 5450 sola
1615 5389 1781 5449 admonitio·

980 5491 1025 5548 nis
1057 5489 1221 5547 auctoritate
1241 5504 1297 5543 non
1325 5487 1500 5561 corrigimus,
1526 5498 1636 5542 necesse
1663 5487 1704 5537 est
1732 5495 1781 5554 per

986 5582 1160 5639 seueritatem
1185 5586 1380 5652 congruentem
1400 5575 1502 5648 regulis
1528 5573 1712 5632 vindicemus.
1733 5572 1785 5629 Per
