3834 6136
44 283 113 341 litt

657 282 774 341 SERMO
793 283 829 341 ΙΝ
846 284 876 342 S.
896 283 1088 344 Lucullum.

1634 297 1708 354 ii„

43 450 107 494 mus
123 433 205 490 mori.
221 432 329 502 Quibus
338 435 441 491 auditis
450 435 583 492 continuo
593 451 685 493 coram
695 436 846 495 beatissimi
860 445 885 506 Α
901 440 1122 511 progenitoribus
1132 440 1245 514 quidem
1256 441 1325 499 meis
1335 441 1705 515 vereLuciussumvocatum

43 521 162 581 Luciani
181 520 328 577 obtutibus
339 519 480 592 jusserunt
493 537 540 579 eos
557 523 647 595 gladio
664 523 766 597 puniri.
783 523 853 593 Quis

42 609 152 667 busita
166 610 291 682 patratis,
309 611 458 683 promissas
484 612 537 668 sibi
556 628 571 668 e
592 613 712 669 Domino
733 614 852 669 immar-

43 699 192 759 cescibiles
207 710 386 772 perceperunt
400 717 524 770 coronas,
552 710 579 758 et
601 702 631 758 in
655 719 770 759 numero
784 719 852 759 sau-

44 797 157 846 ctorum
168 796 335 860 martyrum,
350 806 413 845 cum
429 806 494 863 pace
505 798 571 847 sunt
592 793 704 864 recepti.
720 792 772 848 Pro
786 808 851 864 quo·

45 893 109 933 rum
126 875 215 948 gloria
238 876 270 931 B.
286 876 425 934 Lucienus
440 879 590 936 Dominum
611 880 770 938 collaudans
785 898 852 938 voce

47 963 252 1038 gratulabunda
263 980 356 1021 coram
371 967 502 1024 omnibus
511 968 585 1024 dixit
599 987 605 1025 :
628 970 748 1026 Exsullo
762 979 789 1027 et
800 970 853 1042 ju—

47 1054 155 1114 cundor
166 1055 196 1111 in
211 1063 248 1124 te,
260 1058 333 1113 Deus
348 1074 436 1129 meus,
454 1060 519 1132 quia
530 1060 604 1118 lilios
614 1078 689 1120 meos
701 1079 744 1120 me
756 1063 853 1136 praeire

48 1145 83 1202 ad
98 1160 230 1204 eoronam
243 1145 363 1204 intueor.

364 1302 478 1361 CAPUT
493 1304 542 1363 Ν.

183 1419 212 1478 S.
228 1420 362 1477 Lucienus
377 1423 450 1479 varie
465 1431 559 1493 tortus,
576 1426 716 1484 omiditmn

88 1543 135 1600 16.
156 1543 234 1601 Tune
244 1544 370 1615 Latinus,
382 1547 481 1618 larius,
493 1557 520 1605 et
534 1551 625 1607 Antor
639 1567 702 1608 cum
717 1552 759 1607 ira
772 1561 799 1609 et
814 1551 855 1607 in·

51 1631 222 1706 dignatione,
247 1636 324 1708 quasi
347 1654 382 1692 ex
412 1654 467 1695 uuo
497 1656 544 1696 ore
565 1641 698 1697 atrociter
712 1658 773 1698 enin
789 1643 856 1698 allo·

51 1731 194 1796 quantur:
213 1723 290 1780 Tune
303 1742 332 1783 es
342 1727 398 1794 ille,
415 1727 557 1801 inquiunt,
582 1729 629 1803 qui
645 1729 787 1786 maleficiis
801 1729 857 1786 tuis

907 527 936 582 in
951 528 1155 600 regeneratione
1171 547 1247 601 vern,
1263 546 1316 603 qua
1330 538 1443 588 renatus
1452 546 1512 587 sum
1527 532 1561 588 ad
1576 542 1705 592 aeternam

907 624 992 678 vitam
1010 625 1040 680 iu
1050 624 1171 695 Christo,
1185 629 1323 687 Lucienus
1338 647 1432 687 vocor.
1452 629 1627 687 Conditiouis
1641 647 1707 688 vero

906 719 985 792 cujus
996 722 1066 790 sim;
1082 723 1234 779 Romanum
1252 739 1294 778 me
1308 741 1366 781 esse
1381 740 1488 795 genere,
1502 724 1575 797 quod
1589 726 1617 783 in
1631 728 1707 784 omni

906 808 971 865 orbe
986 809 1161 867 notissimum
1173 819 1214 867 est
1228 827 1339 881 nonreu,
1350 813 1498 884 profiteor:
1514 813 1563 869 sed
1577 814 1651 886 quod
1660 831 1708 872 no·

906 896 991 954 bilius
1000 907 1042 955 est
1055 898 1134 968 mihi,
1145 916 1255 956 servum
1268 916 1311 957 me
1323 917 1381 958 esse
1392 901 1496 960 Christi
1505 901 1569 957 lesu
1581 904 1707 972 osteudo;

907 986 981 1059 quod
996 986 1086 1044 lucide
1107 995 1189 1060 petet,
1215 992 1279 1062 quia
1293 990 1363 1046 mibi
1379 991 1450 1047 nibil
1466 993 1541 1052 eliud
1559 1005 1600 1054 est
1616 999 1709 1057 vivere

908 1077 961 1132 nisi
976 1078 1111 1134 Dominus
1126 1096 1202 1135 virens
1215 1080 1293 1136 lesus
1303 1080 1439 1150 Christus,
1456 1092 1483 1141 et
1491 1088 1561 1143 mori
1579 1089 1707 1149 lucrum:

908 1163 970 1220 ideo
983 1182 1026 1221 me
1041 1166 1099 1238 ejus
1113 1184 1171 1225 esse
1184 1185 1295 1224 servum
1311 1169 1415 1240 gaudeo
1430 1179 1458 1226 et
1472 1175 1615 1233 confiteor.
1632 1179 1709 1237 Tunc

909 1254 1021 1322 milites,
1038 1255 1091 1311 hoc
1104 1264 1154 1324 est,
1171 1256 1312 1331 inquiunt,
1330 1259 1403 1331 quod
1419 1259 1505 1318 locuti
1520 1281 1615 1322 sumus
1626 1285 1634 1336 ;
1646 1269 1710 1341 quia

909 1363 1004 1419 magus
1021 1356 1049 1404 et
1058 1349 1186 1407 seductor
1204 1367 1232 1407 es
1244 1368 1339 1407 eorum
1351 1352 1397 1425 qni
1408 1355 1580 1415 teaudiunt:
1598 1358 1711 1434 insuper
1768 1384 1773 1390 ·

909 1445 1059 1495 contumax
1070 1441 1267 1512 comprobaris,
1278 1442 1388 1515 quando
1399 1451 1425 1499 et
1435 1447 1588 1516 procaciter
1597 1464 1711 1523 quasque

910 1524 986 1598 loqui
1001 1542 1056 1582 non
1071 1544 1169 1597 cessas,
1186 1539 1213 1586 et
1235 1537 1290 1586 tue
1313 1532 1402 1587 nescis
1425 1532 1536 1591 undem
1562 1537 1712 1611 aliquando

910 1614 988 1672 fessae
1008 1634 1168 1675 succurrere
1190 1619 1336 1677 senectuti.
1361 1621 1441 1688 Quod
1463 1623 1486 1679 si
1512 1625 1651 1684 Romanus
1671 1643 1710 1697 es,
1794 1678 1801 1690 .

911 1720 990 1760 cura
1014 1708 1123 1763 culture
1146 1707 1260 1765 deorum
1284 1710 1459 1767 insanissime
1479 1715 1627 1784 recessisti,
1643 1731 1712 1791 quos

51 1809 162 1869 seducis
175 1815 317 1886 populum,
329 1831 364 1870 ne
375 1815 506 1875 obedient
514 1817 600 1889 jussis
614 1818 793 1875 invictissimi
803 1818 857 1874 Au·
872 1805 895 1864 Β
909 1797 1049 1870 A⁰S¹¹⁸¹¹¹⁸
1071 1799 1161 1856 ΕΜΓ
1184 1809 1331 1857 venemur
1353 1819 1415 1860 ⁰¹¹⁰]
1441 1805 1517 1860 ⁰¹¹¹¹¹i
1533 1805 1635 1864 senatu
1654 1811 1713 1868 Re·

52 1900 127 1972 gusti
154 1909 234 1976 atque
248 1904 360 1961 Senatui
383 1907 517 1975 Romano,
534 1915 564 1963 ut
579 1907 724 1963 immolent
738 1907 793 1964 diis
807 1908 857 1963 im-

55 1989 222 2047 mortalibus
236 2000 311 2065 grate
325 1991 479 2049 libamine?
498 1993 603 2060 Quibus
616 1994 643 2050 S.
664 1994 801 2052 Lucienus
815 2011 858 2051 re·

53 2078 185 2150 spondit:
211 2081 268 2152 Ego
297 2080 437 2137 maleficus
460 2098 516 2138 nou
531 2099 609 2150 sum3
627 2083 674 2139 sed
689 2101 749 2139 sum
764 2100 860 2141 servus

53 2166 118 2223 lesu
133 2168 250 2239 Christi,
271 2171 394 2227 eruditus
419 2171 523 2229 divinis
542 2172 686 2230 doctrinis.
707 2174 783 2231 Unde
809 2174 859 2230 Dei

55 2257 159 2328 populo
175 2257 249 2313 viam
267 2258 390 2315 veritatis
404 2261 532 2331 ostendo,
547 2271 573 2318 et
588 2263 738 2318 Dominum
766 2278 859 2318 rrreum

55 2346 150 2403 lesum
165 2348 317 2418 Christum,
329 2350 378 2423 qui
393 2350 526 2407 lecturam
538 2353 701 2408 suamvenit
711 2353 741 2409 in
756 2352 860 2408 mundo

55 2436 203 2504 redimere,
217 2448 245 2496 et
259 2441 393 2497 accitura
404 2441 562 2498 daemonnm
572 2451 705 2511 avertere,
722 2442 860 2515 quomodo

56 2525 195 2585 inoffenso
209 2528 277 2601 pede
284 2530 362 2603 sequi
374 2530 501 2599 debeant,
512 2532 667 2601 innotesco,
679 2539 710 2588 ut
723 2531 758 2587 ad
771 2531 860 2588 lucem

56 2619 181 2674 revocati
195 2635 379 2692 supernam,e
398 2621 455 2677 suis
470 2621 591 2678 tenebris
604 2621 686 2690 eruti,
708 2622 860 2690 salventur,

57 2706 126 2779 quia
144 2706 250 2780 justum
269 2718 311 2766 est
332 2717 363 2765 ut
388 2710 432 2766 illi
452 2711 504 2766 soli
519 2711 654 2768 cervicem
668 2711 760 2767 cordis
774 2710 861 2766 incli-

59 2804 141 2865 nent,
154 2797 201 2869 qui
217 2814 267 2870 pro
281 2797 406 2854 omnium
417 2799 505 2854 salute
514 2800 664 2857 crucifixus
675 2802 765 2856 voluit
780 2800 860 2857 mori.

99 2884 141 2940 ll.
156 2884 315 2942 Atheecilli
331 2905 336 2942 :
354 2887 509 2956 Quomodo,
524 2888 665 2961 inquiunt,
678 2896 709 2944 tu
718 2890 806 2945 Deum
821 2903 861 2943 as·

60 2973 131 3029 seris
141 2990 222 3048 quem
237 2991 293 3031 nou
308 2976 398 3032 solum
409 2984 550 3032 mortuum
565 2977 739 3050 pronunties,
764 2992 861 3034 verum

59 3063 147 3120 etiam
174 3066 364 3124 crucifixum?
387 3068 415 3124 S.
447 3068 586 3125 Lucienus
607 3069 766 3143 respondit:
786 3068 862 3125 Licet

915 1902 1006 1957 mano,
1019 1896 1046 1945 et
1054 1889 1122 1945 colit
1136 1890 1284 1947 universus
1297 1892 1397 1949 orbis?
1411 1894 1438 1950 S.
1454 1893 1593 1955 Lucienus
1603 1915 1713 1971 respon·

914 1977 975 2033 dil:
993 1979 1037 2034 En
1051 1995 1106 2053 qun
1119 1988 1230 2036 renatus
1245 1998 1305 2037 sum
1323 1984 1351 2037 in
1368 1982 1490 2053 Christo,
1507 1993 1535 2041 et
1550 2002 1647 2043 verum
1662 2005 1715 2045 co-

915 2072 998 2142 gnovi
1012 2073 1163 2129 Dominum
1178 2090 1268 2130 meum
1284 2075 1375 2133 lesum
1387 2075 1539 2147 Christum,
1555 2095 1612 2136 non
1624 2082 1714 2138 solum

914 2161 1027 2219 diabolo
1040 2171 1121 2236 atque
1136 2165 1229 2234 idolis,
1246 2167 1435 2223 verumetiam
1448 2170 1578 2227 omnibus
1587 2172 1716 2245 operibus

915 2249 973 2321 ejus
988 2249 1259 2308 fideabrenuntievi.
1275 2252 1329 2308 Sed
1342 2254 1415 2325 quod
1425 2272 1474 2327 ego
1488 2261 1595 2329 loquor,
1611 2266 1638 2316 et
1651 2276 1715 2317 con·

915 2339 995 2397 liteor
1008 2341 1041 2396 de
1056 2341 1167 2398 Christo
1181 2343 1312 2408 Domino,
1327 2359 1415 2417 neque
1429 2345 1543 2402 auribus
1563 2348 1715 2421 percipitis,

916 2448 1004 2505 neque
1029 2431 1147 2488 retinere
1172 2441 1264 2488 mente
1278 2433 1388 2490 valetis.
1404 2435 1563 2493 Excaecavit
1577 2440 1650 2494 euim
1666 2454 1716 2495 vos

917 2519 1065 2576 infidelitas
1088 2520 1190 2590 cordis,
1214 2537 1322 2578 necnon
1352 2531 1379 2580 et
1404 2521 1538 2581 Caesarem
1560 2525 1715 2598 Augustum

916 2624 971 2664 nna
986 2626 1049 2665 cnm
1063 2609 1175 2679 Senatu,
1189 2626 1205 2666 a
1220 2610 1321 2684 quibus
1344 2612 1410 2669 talia
1436 2613 1576 2671 detulistis
1597 2613 1717 2692 decreta,

917 2706 948 2754 ut
973 2715 1023 2754 uos
1038 2698 1164 2756 homines
1187 2701 1366 2758 rationabiles
1377 2703 1565 2760 sacrificemus
1579 2704 1719 2761 demoni-

917 2786 979 2856 bus,
996 2794 1023 2843 et
1034 2787 1200 2846 inclinemus
1215 2790 1336 2847 eervices
1350 2798 1459 2848 nostras
1471 2790 1554 2849 idolis
1566 2808 1650 2850 manu
1662 2793 1719 2849 ho·

918 2881 1026 2937 aninum
1041 2880 1132 2938 iactis.

954 2971 996 3027 19.
1010 2971 1124 3027 Latinus
1137 2985 1215 3038 vero,
1228 2969 1386 3041 lanuadus,
1397 2982 1424 3030 et
1434 2975 1524 3030 Antor
1536 2974 1595 3032 hee
1605 2973 1718 3033 audien·

918 3069 958 3116 tes
977 3057 1107 3130 injuriam
1133 3058 1247 3117 Caesaris
1266 3061 1443 3132 impatienter
1465 3062 1578 3118 semul:
1598 3071 1720 3138 tuncque

59 3161 154 3211 vestra
168 3155 317 3213 inlidelitas
336 3156 545 3215 clementissimi
559 3159 639 3232 llegis
655 3175 710 3215 nnn
726 3164 898 3227 mereaturc
917 3147 1151 3221 apprehendentes
1172 3163 1235 3203 eum
1259 3147 1361 3205 vinetis
1388 3150 1515 3207 menibus
1545 3150 1719 3209 erediderunt

60 3243 158 3301 audire
172 3261 280 3316 amna,
299 3254 391 3304 tamen
406 3255 517 3321 propter
531 3248 741 3306 multitudinem
755 3246 864 3304 appan.
919 3236 1087 3294 tortoribus:
1113 3235 1160 3308 qui
1184 3242 1212 3290 et
1236 3235 1416 3294 extendentes
1429 3254 1492 3294 eum
1507 3239 1578 3297 diris
1592 3243 1721 3301 atrociter

61 3342 119 3391 tem
132 3336 225 3406 paucis
239 3337 404 3395 edisseram
421 3341 496 3396 Deus
510 3339 559 3395 pei
577 3339 676 3407 Filius,
693 3338 740 3411 qui
759 3352 867 3410 semper
920 3327 1078 3385 ceciderunt
1093 3324 1216 3398 llagellis.
1230 3322 1354 3397 Cumque
1366 3325 1400 3382 ab
1412 3327 1452 3383 eis
1471 3327 1590 3385 nimium
1603 3331 1720 3405 llagella·

62 3424 119 3482 luit
129 3443 192 3483 curn
202 3428 282 3485 Patre
292 3439 355 3486 ente
368 3430 479 3495 saecula,
491 3438 602 3502 propter
612 3428 867 3501 prevaricationem
921 3426 966 3474 11¹⁵
980 3416 1087 3484 selesei,
1098 3421 1125 3470 el
1136 3413 1246 3469 linem
1260 3413 1408 3513 admodum
1426 3424 1576 3516 iefleeeieb
1592 3418 1641 3476 die
1653 3436 1721 3478 em·

62 3515 148 3588 primi
165 3516 299 3584 hominis,
318 3520 346 3570 in
371 3516 425 3571 bne
449 3524 604 3589 tempomm
628 3535 678 3590 pro
698 3520 869 3592 reparatione
923 3507 1041 3565 cialibus
1054 3511 1143 3561 tortus
1156 3502 1259 3558 athlete
1274 3503 1335 3572 Der,
1351 3519 1402 3604 uec
1415 3503 1557 3563 doloribus
1578 3517 1723 3582 superatur

62 3602 180 3661 hurneni
196 3603 304 3676 generis
319 3603 408 3659 voluit
422 3604 481 3660 lieri
498 3621 580 3663 verus
602 3606 686 3665 homo
700 3624 735 3664 ex
750 3609 867 3682 virgine,
924 3615 974 3656 nee
988 3595 1072 3652 fflissie
1086 3593 1255 3663 deleefeillss
1272 3593 1319 3650 sed
1334 3593 1414 3650 ferie
1431 3595 1459 3652 1¹¹
1469 3595 1523 3653 fide
1537 3596 1642 3657 Cheieli
1654 3615 1723 3674 pene

62 3702 97 3750 ur
111 3701 184 3748 esses
199 3709 280 3750 verus
299 3693 373 3749 Deus
387 3701 414 3749 es
433 3710 515 3751 verus
531 3695 624 3766 homo,
648 3705 772 3771 essetque
796 3698 868 3756 idem
921 3689 977 3762 jam
993 3685 1138 3758 decrepitas
1152 3684 1303 3742 senectutis
1315 3684 1438 3741 membre
1449 3702 1518 3759 puro
1528 3687 1623 3762 vigore
1635 3689 1723 3747 animi

61 3783 141 3840 Deus
151 3790 177 3837 et
193 3781 287 3849 homo,
303 3798 376 3838 unus
391 3782 528 3853 Christus,
543 3801 625 3843 verus
640 3787 689 3843 Dei
710 3796 738 3844 et
748 3787 870 3844 hominis
925 3776 1082 3846 roborabat,
1098 3775 1137 3831 ita
1151 3781 1182 3830 ut
1191 3790 1299 3847 semper
1311 3774 1384 3833 iuter
1398 3775 1512 3833 verbere
1519 3777 1615 3835 eodem
1630 3781 1723 3851 vultu,

63 3869 161 3938 lilius;
178 3877 208 3925 ut
222 3871 270 3942 qui
285 3879 343 3927 erat
356 3870 538 3943 impassibilis
551 3874 581 3929 iu
594 3875 743 3934 divinitate
761 3894 870 3951 semper
925 3869 1019 3926 eedem
1038 3873 1128 3923 menie
1153 3865 1315 3938 perderem»
1338 3864 1443 3923 Cillssfi
1458 3881 1559 3923 nemen
1574 3867 1639 3924 Vive
1657 3883 1724 3927 leee

65 3976 182 4018 manens
196 3976 259 4017 cum
269 3961 358 4032 Patre,
376 3962 453 4021 lieret
463 3980 519 4020 nou
532 3965 623 4022 solum
634 3967 764 4038 visibilis,
774 3987 871 4027 verum
926 3974 982 4015 ¹¹⁰ss
996 3966 1113 4015 eeseeeel
1126 3956 1263 4026 eeefiiefb
1281 3955 1389 4014 dleefl³³
1406 3955 1546 4015 Christum
1561 3958 1611 4016 Dei
1621 3959 1725 4019 Filium

66 4051 151 4107 etiam
166 4058 193 4106 et
215 4050 352 4123 passibilis
373 4067 423 4124 pro
438 4052 519 4110 nobis
545 4055 698 4113 secundum
717 4056 871 4118 humanita·
927 4058 954 4107 el
969 4050 1051 4107 eerde
1063 4050 1154 4118 erede,
1168 4057 1195 4106 el
1210 4067 1257 4107 ere
1271 4050 1382 4108 leudese
1401 4068 1544 4127 nemiuem
1558 4055 1680 4115 eeeeebe·

68 4146 136 4196 tem.
149 4139 220 4195 ilinc
234 4138 324 4196 lactus
343 4148 384 4196 est
398 4141 530 4200 obediens
542 4145 599 4202 Deo
612 4145 687 4202 Patri
696 4162 745 4219 pro
761 4148 874 4207 redem-
964 4138 1008 4195 ²0·
1023 4140 1101 4195 Tene
1115 4139 1208 4196 ferere
1220 4142 1349 4211 permoti,
1362 4138 1425 4196 data
1439 4144 1574 4200 sententie
1585 4144 1728 4218 jeeeefeei

69 4230 164 4303 ptione
179 4238 272 4285 nostra
282 4245 368 4302 usque
381 4231 416 4288 ad
430 4243 558 4304 mortem,
574 4243 692 4293 mortem
706 4245 797 4295 autem
807 4237 873 4297 Cru·
929 4245 991 4286 eem
1012 4227 1103 4302 gladie
1117 4227 1204 4284 fellei·
1228 4227 1327 4300 Sic(lue
1341 4243 1413 4284 ΠΜ
1427 4245 1462 4284 ⁰¹
1476 4228 1614 4286 fflilffibue
1629 4234 1727 4306 evaei·

69 4318 121 4377 ois.
135 4319 211 4376 Alias
222 4328 314 4378 autem
330 4320 386 4377 nisi
401 4322 491 4379 Filius
501 4325 560 4390 Dei,
572 4324 786 4385 hominisetiem
796 4329 873 4387 filius
928 4327 994 4376 ⁰³¹⁰
1019 4317 1121 4391 gladie,
1143 4325 1236 4390 pesele
1247 4315 1305 4388 jem
1320 4323 1413 4374 eeneie
1426 4317 1545 4387 cervice,
1559 4328 1685 4376 eeeeleffl
1699 4329 1727 4378 ei

71 4409 232 4482 dignaretur
246 4410 317 4479 lieri,
333 4427 384 4468 nec
404 4411 557 4469 humanum
585 4431 670 4487 genus
693 4417 729 4474 ad
752 4420 872 4489 veniam,
929 4408 1079 4484 pretiosum
1103 4406 1164 4480 elue
1181 4415 1263 4480 eaput
1282 4404 1409 4464 ebwfflst·
1432 4406 1555 4482 cumque
1569 4409 1657 4467 ”⁰⁰¹5
1670 4408 1727 4468 Vffl

70 4513 122 4555 nec
136 4499 265 4556 mortales
280 4499 403 4556 redirent
421 4501 455 4557 ad
478 4502 575 4560 vitam.
592 4503 657 4562 llaec
670 4512 697 4562 et
715 4507 771 4563 alia
785 4511 873 4566 multa
889 4531 913 4591 D
928 4496 1162 4570 eedelerl'eeeeeb
1178 4495 1269 4553 edhee
1284 4504 1311 4552 el
1320 4494 1465 4568 palpitaret
1475 4493 1617 4594 exanime;
1631 4494 1728 4554 Viden·

70 4591 230 4649 beatissimo
243 4604 426 4670 prosequente
441 4598 574 4668 Lucieno,
592 4599 696 4657 milites
717 4603 804 4676 magis
818 4621 874 4662 ma.
929 4589 1003 4646 tibus
1016 4587 1135 4654 cunctis,
1150 4586 1235 4643 etiam
1261 4585 1329 4659 ipsis
1350 4584 1448 4641 mortis
1469 4584 1614 4687 ministris,
1630 4587 1679 4643 lux
1694 4586 1728 4645 de

70 4682 166 4755 gisque
188 4682 282 4740 lurore
309 4694 374 4743 sunt
395 4689 507 4760 repleti;
530 4689 622 4764 quiet
641 4689 792 4749 dixerunt:
815 4693 874 4751 lam
928 4678 998 4736 eoel⁰
1021 4678 1117 4750 ingens
1137 4691 1219 4749 ³¹¹l²ra
1243 4692 1343 4748 eesims
1364 4684 1489 4732 sasseium
1503 4674 1617 4746 effelelb
1633 4683 1660 4733 ei
1672 4691 1729 4735 ¹1⁰¹

74 4772 149 4828 enim
161 4780 187 4828 te
202 4775 350 4830 senectutis
365 4775 533 4833 invitaverat
542 4785 662 4851 tempus,
678 4789 708 4837 ut
718 4780 752 4837 ab
763 4780 874 4839 infanti·
929 4784 1026 4839 magne
1045 4768 1147 4840 beriles
1168 4784 1230 4824 eum
1248 4768 1308 4824 leee
1332 4767 1419 4833 leeib
1433 4767 1541 4824 dieess⁸2
1558 4767 1644 4839 3⁰8⁰,
1657 4767 1729 4824 bene

75 4860 150 4917 libus
164 4863 356 4936 resipisceres;
375 4865 423 4920 sed
438 4866 570 4938 quoniam
579 4868 686 4926 vanitas
696 4870 784 4928 nimie
794 4881 820 4928 te
829 4872 875 4929 de·
928 4858 1031 4914 semele
1047 4857 1177 4928 Lucieno,
1193 4857 1241 4931 qui
1261 4873 1310 4930 Pf⁰
1324 4872 1368 4913 ¹1¹0
1389 4856 1550 4929 eesssseieeffl
1566 4866 1643 4914 tuum
1659 4858 1729 4914 ‘¹1¹¹’

73 4950 155 5026 cipit,
173 4959 200 5008 et
212 4954 349 5025 snperllua
363 4954 463 5011 invitat
482 4956 643 5028 loquacitas,
661 4959 696 5016 ad
707 4970 822 5018 mortem
836 4963 875 5018 ire

74 5041 231 5099 temeritate
247 5044 333 5099 nimie
346 5044 467 5102 conlisus
485 5060 543 5100 non
561 5046 704 5104 formidas.
724 5051 876 5108 Verumta-

75 5144 140 5185 men
154 5129 208 5186 nisi
221 5132 277 5188 cito
291 5133 438 5204 resipueris
448 5142 475 5190 et
484 5136 626 5192 recesseris
637 5136 671 5193 ab
687 5139 737 5196 hec
751 5140 875 5214 andacia,

75 5229 104 5282 et
119 5223 317 5283 sacrificaveris
336 5227 391 5283 diis
410 5227 614 5285 immortalibus
637 5238 712 5302 grata
733 5229 875 5303 libamine,

76 5321 248 5371 senectutem
264 5323 338 5372 tuam
356 5316 452 5374 multis
465 5317 616 5375 afficiemus
632 5321 787 5376 tormentis.

117 5402 160 5460 18.
182 5405 260 5463 Tunc
276 5406 463 5464 residentibus
486 5408 554 5475 illis,
570 5408 677 5465 adstare
702 5425 765 5465 eum
785 5425 877 5466 coram

73 5490 229 5564 jussemnt.
241 5493 329 5550 Aiunt
339 5493 431 5566 itaque
442 5492 547 5551 adeum
563 5511 630 5552 voce
641 5496 742 5554 minaci
754 5515 759 5553 :
773 5497 879 5555 Nomen

929 4956 993 5015 dere
1006 4974 1061 5013 non
1076 4957 1207 5014 dubitasti
1220 4975 1227 5025 ;
1245 4956 1319 5025 veni,
1335 4961 1362 5012 et
1376 4955 1484 5027 suscipe
1505 4971 1634 5012 coronam
1660 4953 1728 5011 olim

930 5047 980 5103 tibi
1006 5047 1179 5120 promissam,
1202 5045 1267 5118 quia
1295 5061 1359 5103 cum
1384 5044 1485 5100 sanctis
1507 5042 1729 5116 gratulaberisin

931 5137 1010 5193 coelo.
1032 5135 1113 5203 Veni,
1130 5141 1157 5190 et
1170 5133 1279 5206 percipe
1295 5131 1467 5187 mansionem
1481 5133 1574 5204 glorie
1598 5132 1667 5188 olim
1679 5132 1733 5190 tibi

932 5234 1053 5299 paratam
1069 5240 1132 5281 cum
1150 5223 1263 5296 angelis.
1280 5222 1345 5289 Quae
1360 5221 1494 5277 nimirum
1510 5238 1565 5278 vox
1590 5237 1648 5279 nou
1670 5239 1731 5296 pro·

932 5322 992 5388 pter
1015 5314 1117 5386 ipsum,
1142 5314 1190 5386 qui
1213 5327 1320 5384 semper
1342 5310 1414 5368 hanc
1438 5312 1678 5382 repromissionem
1701 5311 1733 5370 iu

932 5403 1015 5462 eorde
1037 5410 1189 5475 gestaverat
1215 5417 1263 5475 per
1286 5399 1381 5469 sidem,
1403 5400 1542 5471 recteest,
1559 5401 1606 5458 sed
1622 5409 1742 5476 propter,

933 5500 1062 5561 astantes,
1087 5499 1118 5548 ut
1141 5491 1223 5548 fidem
1238 5487 1349 5546 Domini
1365 5490 1452 5547 nostri
1472 5489 1536 5547 lesu
1549 5490 1653 5551 Christi
1667 5508 1683 5548 a
1697 5490 1730 5553 S.

77 5578 218 5653 siquidem
233 5582 314 5638 nobis
328 5591 406 5639 tuum
422 5582 665 5659 conditionemque
679 5585 788 5643 declara
803 5587 880 5644 eele-
934 5583 1056 5641 Lucieno
1070 5581 1149 5656 longe
1162 5580 1211 5638 din
1225 5579 1411 5654 praedicatam,
1426 5581 1557 5639 certiores
1578 5582 1735 5642 demeritis

78 5668 150 5727 rius.
163 5670 271 5739 Quibus
284 5671 388 5731 athleta
406 5672 510 5733 Christi
533 5674 691 5748 respondit:
708 5674 881 5748 Siquidema
932 5668 1022 5731 sancti
1036 5672 1091 5729 viri
1108 5671 1241 5729 fidissime
1252 5669 1414 5732 retinerent.
1430 5670 1489 5733 ilos
1507 5680 1598 5731 eutem
1610 5672 1656 5732 die
1669 5671 1734 5733 Sab-
1767 5698 1811 5748 Δ
