3834 6136
160 219 226 282 itti

496 211 616 276 itumui
635 212 799 274 MONhCffl
816 210 1022 274 ANTISSERM.
1044 213 1080 273 ΙΝ
1100 211 1285 274 SOLEMNIT.
1305 212 1334 271 S.
1355 201 1464 270 uenit.

1739 202 1807 269 ΜΞ

156 376 238 448 juxta
251 373 425 446 Apostolum,
441 369 614 427 conversatio
628 385 684 424 seni
723 367 779 424 rin
796 366 995 427 coelisiuitlh
1048 366 1108 425 iat.
1121 368 1158 425 Et
1171 382 1327 440 quanquam
1341 365 1422 422 illum
1437 361 1552 443 singule
1564 359 1641 417 orbis
1653 368 1816 433 partescer·

160 445 323 518 Quid,quod
339 441 490 516 presentie
504 439 615 497 Domini
630 439 676 495 red
698 441 754 496 itus
764 447 815 508 est,
829 439 878 512 qui
892 454 955 495 cuni

159 518 221 573 Elia
236 514 418 581 sanctissimo,
434 511 592 585 conspectui
617 510 666 566 Dei
691 510 811 567 viventis
824 518 956 583 perpetue

159 589 247 645 astitit
262 585 438 643 indefessus?
452 584 546 664 ilicem
558 582 685 664 equidem
711 583 744 664 de
765 582 815 638 ille
837 581 953 665 aliquid,

159 661 210 716 etsi
222 676 277 716 non
291 659 358 714 satis
373 671 491 728 proprie,
503 662 531 710 at
547 670 601 710 non
616 670 700 711 nimis
713 661 819 726 inepte,
841 663 893 710 etsi
906 670 955 710 mi·

160 748 211 787 uus
227 731 376 796 audaciter,
388 728 454 782 satis
464 733 537 782 certe
551 725 701 782 veraciter:
716 725 817 792 dicein,
829 724 952 853 inquam,

158 802 233 858 bunc
247 818 306 857 esse
320 798 471 856 beatissimi
487 797 617 853 Germani
627 795 712 865 diem,
728 812 785 853 non
797 796 863 853 iiiiie
885 812 952 865 reni,

158 873 205 929 sed
220 872 356 930 celebrem
369 889 375 936 3
388 885 444 925 nen
461 868 614 939 lugubrem,
627 867 673 924 sed
687 867 824 925 salubrem
836 886 843 937 ;
859 867 889 923 in
937 885 953 923 o

113 994 119 1001 .
158 944 241 1014 longe
265 942 347 998 sinerii
373 941 518 1012 imponens
541 937 695 1008 certamini,
711 940 815 996 calcato
838 955 904 995 muri
925 956 952 1007 e,

158 1022 296 1086 prostrato
315 1012 437 1078 diabole,
457 1011 592 1081 gloriosus
606 1011 696 1067 victer
708 1010 831 1079 emicuit,
851 1018 878 1068 et
893 1017 952 1067 tau·

177 1102 239 1141 uani
253 1087 322 1141 alter
336 1083 413 1139 Elias
426 1098 509 1139 curru
528 1089 680 1154 prevectus
694 1082 827 1153 angelice,
843 1082 952 1141 celeste

157 1102 195 1214 g,
216 1155 325 1212 itolium
342 1154 446 1209 athleta
461 1153 544 1209 trium
567 1153 638 1210 halis
652 1154 789 1210 ascendit.

193 1174 253 1284 feo.
274 1226 338 1282 Jure
351 1225 426 1281 eiiiiu
441 1223 516 1293 huic,
559 1225 601 1280 liae
617 1225 775 1297 triumphus
791 1224 949 1294 ascribitur,

155 1299 200 1355 cui
216 1297 345 1354 omnibus
359 1296 524 1362 sanctitatis,
540 1303 568 1353 et
582 1296 717 1352 virtutum
742 1296 899 1368 insignibus
915 1313 951 1353 ex

156 1386 234 1442 eque
246 1367 409 1442 respendere
422 1369 553 1439 probatur
564 1386 570 1424 :
580 1384 654 1434 narn,
666 1375 696 1424 ut
705 1369 830 1424 omittam
841 1376 948 1437 cetera,

155 1443 184 1497 in
206 1441 307 1515 quibus
331 1456 360 1497 se
383 1440 470 1495 saiteti
494 1439 544 1496 Dei
563 1438 748 1512 beminespia
764 1439 949 1508 emulatione,

155 1514 253 1569 aemula
276 1513 376 1595 pietate
398 1511 520 1567 vicissim
544 1512 728 1584 preveniunt,
754 1511 782 1566 in
808 1510 858 1567 illo
876 1517 949 1567 certe

154 1585 301 1656 singularis
315 1583 359 1639 vel
374 1581 557 1650 abstinentie,
573 1582 617 1640 vel
639 1582 817 1639 continentiae
831 1581 950 1664 privile-

153 1657 208 1782 qio,
225 1656 342 1713 alterurn
356 1654 484 1727 preferre
498 1653 577 1711 alteri
588 1669 642 1710 nen
657 1654 725 1711 satis
738 1654 889 1711 liberaliter
902 1670 948 1710 au-

1011 439 1089 496 tatim
1109 438 1219 496 vicibus
1237 444 1363 512 raperent
1383 433 1497 507 (quippe
1515 449 1544 488 in
1564 448 1630 514 que,
1653 440 1682 489 et
1702 448 1738 489 ex
1760 450 1814 507 que

1011 511 1143 578 maxime,
1168 526 1217 653 per
1238 508 1268 565 id
1287 506 1429 581 temperis,
1453 505 1525 562 salus
1548 517 1675 560 omnium
1699 513 1727 561 et
1751 514 1815 563 vota

1011 582 1190 654 pendebant,
1211 589 1238 637 te
1257 588 1348 636 tamen
1368 577 1497 636 omnibus
1513 575 1654 649 pretulit:
1677 577 1814 636 utilitates

1010 662 1073 710 tuas
1088 653 1212 726 publicas
1224 659 1251 708 et
1265 652 1386 725 privatas
1400 658 1513 721 paterne
1527 663 1637 718 semper
1652 646 1755 705 affectu
1768 666 1813 707 cu·

1009 724 1092 782 ravit.
1113 724 1154 781 Tu
1174 731 1356 780 revertentem
1375 718 1541 792 excipiebas,
1556 719 1661 774 fessum
1677 718 1810 790 ievebss;

1008 807 1038 853 tu
1058 797 1190 852 relevatio
1209 794 1327 864 itineris,
1350 802 1378 849 tu
1397 807 1456 847 eras
1475 791 1552 864 quies
1573 788 1678 845 blanda
1698 791 1809 850 laboris.

1007 870 1100 941 ltaque
1114 867 1165 924 etsi
1179 867 1242 923 aliis
1257 882 1323 934 neu,
1338 863 1388 921 tibi
1405 870 1479 920 certe
1493 862 1716 942 apestolustest:
1736 864 1812 936 sigua

1007 939 1081 996 enim
1095 940 1264 1012 apostolatus
1278 935 1337 1008 ejus
1351 951 1402 991 nos
1415 949 1511 990 suiuus
1524 948 1621 989 omnes
1636 949 1667 987 iu
1681 935 1809 993 Domine.

1007 1011 1156 1078 Postremo,
1168 1009 1238 1067 illud
1252 1008 1332 1082 quale
1342 1014 1392 1075 est,
1427 1020 1492 1063 uam
1502 1003 1657 1086 vehemens
1666 1003 1809 1086 eharitatis

1006 1082 1152 1150 indicium,
1166 1097 1248 1154 quam
1264 1022 1443 1135 memerabfle
1449 1084 1578 1203 paterni,
1593 1076 1637 1131 vel
1650 1083 1745 1149 petius
1756 1095 1809 1160 rna·

1005 1153 1076 1210 terni
1089 1151 1207 1227 pecteris
1219 1157 1411 1223 argumentum
1423 1148 1438 1204 ‘l
1474 1163 1544 1220 eiiga
1555 1164 1612 1219 gani
1624 1147 1728 1204 fessum
1740 1151 1808 1206 mili·

1005 1226 1043 1283 tia
1057 1224 1167 1281 vocatio
1181 1221 1299 1282 eoelestis
1313 1220 1444 1293 urgebat;
1464 1220 1588 1277 vicinam
1604 1227 1723 1275 mertem
1791 1253 1808 1264 -

1004 1304 1148 1363 senserat;
1177 1296 1211 1353 ad
1238 1301 1346 1350 eterne
1378 1289 1609 1348 remunerationis
1638 1236 1806 1373 stipengium

1004 1369 1116 1426 animus
1129 1383 1194 1425 cum
1213 1365 1268 1422 fine
1283 1363 1430 1431 teudebat;
1448 1379 1497 1436 pro
1516 1360 1676 1419 relevandis
1691 1366 1805 1435 miseris,

1004 1438 1208 1497 molestamsibi
1220 1435 1469 1510 peregrinationem
1479 1433 1626 1506 imposuit,
1639 1449 1695 1493 neu
1705 1436 1807 1494 veritus

1004 1527 1089 1568 senex
1104 1509 1171 1583 juga
1189 1507 1312 1581 Alpium,
1333 1522 1388 1563 nou
1408 1504 1504 1563 obvias
1520 1505 1608 1562 meles
1624 1505 1805 1576 torrentium;

1003 1600 1059 1639 non
1073 1583 1192 1654 denique
1204 1579 1289 1662 (qued
1307 1579 1459 1635 niaximum
1474 1577 1527 1649 est)
1543 1592 1657 1650 peregre
1671 1579 1743 1634 mori
1753 1595 1805 1636 me·

1003 1662 1095 1722 tuens,
1112 1650 1324 1733 imoqmdquid
1340 1666 1398 1707 esse
1416 1657 1505 1723 petest
1519 1648 1550 1705 iii
1566 1656 1658 1705 inerte
1673 1650 1807 1722 gravissi-

172 1743 204 1782 eo
218 1736 366 1800 utrumque
380 1726 454 1782 enirn
470 1725 684 1794 sanctissimum,
698 1734 846 1799 utrumque
861 1725 951 1782 absti-
964 1727 988 1789 B
1005 1743 1095 1794 mum,
1106 1723 1318 1798 parvipendens.

153 1799 346 1855 neritissimum
361 1813 416 1852 non
429 1797 630 1855 contemnenda
645 1805 762 1853 testatur
783 1796 942 1854 auctoritas.

153 1867 312 1942 Quanquam
329 1886 379 1926 nee
391 1869 461 1924 illud
473 1877 566 1926 mente
580 1868 694 1936 excidit,
717 1868 788 1940 quod
805 1867 944 1939 prophete

136 1940 252 1994 'tarnem
279 1956 362 2010 panes
388 1955 477 2005 marie,
498 1954 593 1995 carnes
608 1955 730 2018 vespere,
745 1938 837 1994 corvis
856 1938 944 1993 mini—

151 2010 312 2077 strantibus,
331 2009 518 2080 temperabant
532 2017 562 2074 ¹3
588 2008 727 2078 pontilicis
742 2025 808 2063 vere
823 2007 941 2062 inediam

151 2087 213 2150 post
225 2080 371 2150 septimum
389 2082 550 2152 plerumque
563 2076 635 2132 diem
650 2078 728 2149 panis
750 2084 857 2132 tanturn
873 2078 943 2133 her-

150 2150 265 2206 deaceus
288 2152 443 2217 recreabat;
468 2148 568 2204 inille
587 2147 689 2230 jejunii
704 2148 942 2205 continuationem

150 2221 209 2278 dies
224 2222 446 2295 quadragesimus
460 2220 545 2277 solvit
562 2236 567 2274 :
586 2235 614 2274 in
631 2220 683 2276 iste
695 2219 869 2276 abstinentie
879 2235 942 2301 pre·

150 2294 297 2349 iussionem
312 2310 402 2350 annus
418 2290 573 2349 tricesimus
587 2290 704 2358 elausit3
720 2291 796 2346 Elias
810 2291 943 2347 subcinc-

149 2364 211 2420 ricii
244 2365 305 2421 anis
314 2365 406 2422 edulio
420 2363 602 2431 confortatus,
615 2362 748 2434 usquead
761 2370 882 2418 mentem
892 2363 942 2419 Dei

150 2381 243 2492 Horeb
263 2436 401 2509 jejunium
430 2436 543 2492 traxit:
569 2435 721 2491 Germanus
745 2434 942 2506 omnipotentis

147 2507 266 2579 Spiritus
288 2511 374 2581 gratia
399 2507 552 2575 roboratus,
564 2503 716 2588 jejunando
734 2514 761 2561 et
775 2506 879 2562 orando
893 2522 943 2562 ar-

147 2595 204 2634 oeni
222 2595 346 2651 superne
360 2579 481 2637 civitatis
496 2578 633 2644 aseendit,
648 2577 676 2632 in
697 2576 744 2632 ille
757 2578 888 2634 transacti
904 2577 941 2633 la·

147 2647 222 2705 boris
237 2651 385 2719 molestias,
398 2649 522 2707 mulieris
535 2648 626 2705 vidue
639 2648 787 2704 liberalitas
797 2649 939 2706 revelavit:

148 2719 176 2773 iii
206 2722 259 2776 isto
285 2723 433 2780 familiares
459 2721 591 2778 natalium
612 2720 942 2792 uivitiaruuiepuleutiss

147 2805 217 2844 crux
239 2793 400 2860 quotidiana
420 2792 608 2864 consumpsit;
634 2793 710 2847 Elias
724 2792 830 2848 fureres
845 2808 941 2865 perse-

148 2867 291 2931 quentium
307 2860 459 2929 declinaris,
472 2862 632 2934 aliquandiu
647 2863 719 2917 inter
735 2863 834 2918 bestias
849 2864 940 2920 solita·

147 2930 204 2985 rius
218 2930 291 2985 vixit
309 2949 314 2986 :
331 2931 493 3000 Germanus,
513 2930 592 3003 cujus
604 2931 650 2988 hie
664 2932 746 2987 bodie
757 2935 941 3006 memeriapa·

146 3003 260 3066 scimur,
278 3002 383 3059 favores
405 3004 615 3075 obsequentium
639 3002 747 3084 lugiens
774 3005 860 3085 (qued
885 3021 940 3061 neu

1041 1797 1101 1854 133.
1118 1796 1163 1852 Sic
1177 1796 1315 1869 equidem,
1331 1801 1360 1849 ut
1376 1808 1446 1861 reor,
1460 1792 1501 1850 sie
1516 1808 1613 1849 rerum
1626 1790 1695 1849 orde
1708 1809 1805 1875 posce-

997 1869 1054 1936 bat,
1069 1875 1100 1923 ut
1114 1867 1285 1934 bellatorem,
1299 1863 1419 1930 Christe,
1431 1873 1520 1933 tuum,
1545 1880 1633 1937 quem
1649 1863 1740 1922 Galba
1753 1882 1806 1938 pu-

1016 1947 1126 1995 nautem
1146 1944 1299 2008 aspexerat,
1317 1936 1398 1992 ltalia
1416 1936 1555 2008 exciperet
1572 1936 1802 2008 triumphantem.

997 1956 1074 2065 {tibi
1090 2024 1154 2080 ergo
1168 2008 1319 2081 praeliatur,
1335 2007 1401 2063 alibi
1417 2015 1574 2065 coronatur.
1592 2006 1803 2079 Diuprestela-

997 2087 1069 2148 tum,
1085 2078 1162 2135 tarde
1176 2086 1332 2151 susceptum
1353 2078 1464 2135 italicus
1478 2079 1554 2134 orbis
1565 2094 1613 2133 aui
1637 2078 1761 2147 lectitur3
1775 2087 1803 2137 et

996 2166 1045 2223 per
1064 2150 1264 2207 oblectamenta
1286 2149 1434 2221 imperiali,
1454 2164 1503 2221 per
1521 2166 1584 2206 sace
1622 2157 1702 2206 otum
1724 2150 1803 2208 ebse-

997 2222 1061 2296 quia
1077 2221 1195 2278 blandas
1215 2221 1277 2276 vire
1295 2220 1415 2276 innectit
1434 2236 1533 2276 moras.
1554 2222 1667 2278 Interea
1682 2221 1803 2280 Christus

997 2293 1091 2361 adest,
1107 2291 1213 2365 prebet
1228 2292 1302 2348 ituro
1317 2292 1451 2349 viaticum
1464 2309 1471 2359 ;
1488 2292 1522 2350 ad
1536 2294 1704 2365 augelorum
1714 2296 1803 2366 epulas

997 2364 1098 2421 invitat
1108 2364 1241 2422 amicum.
1253 2364 1341 2421 blixta
1354 2363 1476 2420 luctibus
1485 2363 1587 2437 gaudia
1601 2364 1803 2439 indiscretcper

997 2437 1089 2510 ampla
1106 2436 1236 2492 teruntur
1252 2434 1371 2509 palatia,
1392 2434 1458 2490 dum
1473 2443 1501 2490 et
1516 2435 1655 2491 meriture
1671 2436 1801 2509 lacrymas

997 2509 1136 2575 tribuunt,
1160 2514 1188 2562 et
1214 2508 1384 2580 (quanquam
1410 2505 1525 2576 frustra)
1550 2506 1588 2562 de
1616 2506 1801 2565 haereditando

996 2580 1066 2636 sacri
1082 2578 1188 2634 funeris
1203 2578 1316 2651 pignore
1331 2577 1478 2660 plaudunt
1494 2578 1531 2634 Et
1543 2577 1589 2634 illi
1599 2579 1722 2660 ,quidem
1735 2597 1801 2637 eon-

996 2650 1097 2707 ssabant
1111 2649 1201 2718 talia;
1222 2665 1318 2706 verum
1334 2649 1518 2706 immutabilis
1535 2648 1653 2707 Arbiter
1670 2651 1800 2723 praeordi-

996 2730 1118 2788 naverat,
1134 2722 1258 2778 meliora.
1275 2720 1428 2777 Germanus
1441 2721 1516 2777 enini
1529 2721 1602 2778 eoele
1616 2722 1751 2804 spiritum
1763 2740 1800 2780 re

995 2793 1137 2862 tundebat,
1155 2802 1183 2851 et
1196 2792 1288 2850 charis
1300 2791 1408 2848 civibus
1421 2791 1544 2849 salubria
1558 2793 1736 2866 providebat.
1751 2796 1798 2852 lta·

995 2880 1048 2937 que
1067 2882 1115 2938 pro
1134 2874 1257 2936 tempore
1275 2862 1446 2921 satisfactum
1464 2865 1592 2937 utrisque
1608 2873 1671 2923 est:
1694 2867 1795 2924 Italiam

995 2937 1115 2993 moriens
1134 2935 1294 3004 illustravit,
1315 2934 1418 2992 Gallias
1436 2944 1566 2993 mortuus
1586 2936 1728 2995 visitavit.
1747 2937 1798 2996 Sed

1031 3016 1057 3064 st
1073 3016 1192 3078 mortem
1208 3024 1263 3064 neu
1278 3008 1413 3077 visitaret,
1430 3008 1483 3064 nisi
1494 3017 1522 3065 et
1536 3016 1670 3065 mortuus
1683 3010 1794 3067 viveret.

146 3081 201 3130 um
221 3090 325 3144 rarum,
341 3091 423 3147 qnam
437 3074 565 3130 mirabile
575 3075 627 3146 est)
645 3090 673 3129 in
691 3075 799 3147 populis
827 3076 940 3132 eremita
954 3083 976 3143 C
1020 3079 1082 3148 ivit,
1106 3081 1231 3153 inquam,
1250 3087 1386 3148 mortuus,
1407 3079 1454 3151 qui
1474 3081 1603 3136 mortuos
1619 3082 1796 3138 suscitaverat

144 3147 412 3221 permansithtque,
428 3154 460 3202 ut
473 3163 488 3202 a
499 3146 638 3202 laboribus
657 3145 691 3202 ad
715 3147 840 3203 laborum
863 3164 937 3220 pre-

144 3216 201 3272 mia
216 3218 369 3288 veniamus,
386 3217 476 3274 Ellam
491 3235 574 3274 curru
589 3224 698 3290 raptum
712 3217 802 3289 igneo,
812 3227 937 3275 terrenus

144 3288 287 3359 paradisus
297 3290 422 3359 abduxit,
435 3306 484 3346 sue
495 3300 616 3361 tempore
631 3289 794 3345 moriturum
808 3308 814 3345 :
826 3290 936 3346 Germa·

143 3375 209 3415 num
223 3362 345 3429 angelico
360 3363 460 3418 tultum
475 3378 572 3430 cuneo,
588 3361 711 3417 sidereus
725 3361 841 3417 thronus
859 3377 935 3419 exce·

141 3431 193 3502 pit,
209 3432 241 3488 ad
254 3433 435 3504 judicandum
452 3449 561 3507 quoque
575 3433 669 3490 orbem
686 3449 749 3489 cuin
763 3433 894 3506 apostolis
906 3434 934 3490 in

139 3502 226 3575 gloria
239 3514 436 3563 surrecturum.

176 3575 236 3630 iti.
257 3577 317 3632 Non
332 3577 473 3632 immerito
488 3577 580 3657 itaque
596 3584 684 3632 mater
702 3576 825 3632 Ecclesia
849 3575 933 3648 hujus

139 3647 423 3719 exsultattriuuipbis,
431 3647 510 3719 eujus
522 3647 933 3721 singularibusornaturexem-

138 3717 192 3788 plis
205 3718 241 3772 Et
256 3719 566 3793 universaliterquidem
582 3719 612 3775 in
626 3719 751 3774 emnium
767 3734 931 3776 commemo-

136 3788 243 3843 ratione
258 3799 416 3846 sanctorum
430 3790 624 3846 exsultandum
639 3790 808 3857 nobis,ratie
823 3805 930 3860 persua·

136 3858 192 3926 det,
209 3859 256 3915 sed
271 3861 300 3914 in
315 3861 398 3931 hujus
406 3861 495 3916 Patris
509 3860 671 3915 excellentia
684 3859 822 3929 copiosius
831 3860 929 3916 merito

993 3149 1083 3207 vivus.
1099 3151 1223 3207 Mortuus
1237 3150 1410 3207 consecravit
1425 3151 1506 3207 uebis
1522 3153 1598 3208 diem
1620 3152 1793 3223 hodiernum,

1016 3222 1044 3277 ui
1061 3223 1096 3294 (si
1112 3223 1164 3278 rite
1180 3238 1196 3277 a
1214 3222 1295 3278 nobis
1315 3224 1473 3295 veneratur)
1493 3222 1637 3281 obtinebit
1655 3231 1792 3282 eternum.

991 3237 1062 3350 aide
1077 3294 1161 3365 igitur
1176 3309 1259 3365 quarn
1274 3293 1378 3365 optime
1392 3293 1520 3351 danobis
1535 3304 1578 3352 est
1592 3295 1720 3365 meritus,
1738 3295 1793 3369 qui·

990 3363 1041 3420 bus
1058 3372 1201 3437 tantopere
1211 3365 1301 3420 veluit
1313 3380 1371 3421 esse
1384 3372 1524 3438 patronus.
1539 3366 1593 3425 Cui
1607 3383 1676 3425 cuin
1690 3383 1738 3424 res
1749 3367 1790 3425 de

991 3435 1055 3492 bite
1073 3435 1261 3492 venerationis
1275 3436 1381 3492 cultum
1401 3437 1573 3510 impenditis,
1589 3455 1702 3494 usuram
1716 3438 1788 3494 vebis

989 3507 1172 3579 multiplicem
1191 3507 1333 3564 fructuose
1352 3507 1449 3587 tenore
1468 3511 1649 3590 preparatis;
1666 3509 1784 3583 queniam

988 3595 1036 3650 per
1056 3579 1230 3650 presentiam
1252 3578 1322 3635 sacri
1346 3594 1405 3649 epus
1426 3597 1552 3652 corporis
1575 3581 1641 3652 plus
1669 3579 1786 3652 areipitis

986 3666 1069 3776 quani
1085 3651 1228 3722 praestatis.
1244 3651 1285 3707 De
1299 3650 1378 3721 eujus
1393 3650 1479 3722 gloria
1496 3651 1563 3725 quis
1583 3652 1660 3708 nihil
1679 3652 1787 3725 dignum

1007 3721 1077 3777 ieere
1093 3737 1247 3794 pessumus,
1259 3721 1316 3793 jam
1331 3737 1406 3778 nuuc
1420 3722 1454 3780 ad
1466 3739 1529 3779 euin
1546 3731 1573 3779 et
1587 3740 1682 3791 voces,
1693 3732 1721 3780 et
1730 3732 1788 3779 voe

986 3799 1144 3849 vertamus:
1163 3793 1336 3848 sanctitatem
1355 3791 1424 3864 ejus,
1444 3794 1591 3851 submissis
1611 3794 1725 3863 animis,
1745 3794 1786 3851 ie-

985 3863 1084 3920 eundis
1118 3863 1227 3921 recibus
1240 3864 1404 3921 ambiamus.

137 3930 323 4009 gloriandum,
337 3931 384 4000 qui
400 3939 493 3986 nestra
508 3930 604 3985 Pastor
618 3930 647 3984 iii
661 3928 738 3996 urbe,
756 3932 929 3988 tetoDeoter
1020 3934 1079 3992 idi.
1130 3944 1249 4003 cruento,
1274 3937 1353 3991 Pater
1381 3935 1617 4009 splendidissime,
1646 3945 1780 3996 memento

133 4014 164 4055 in
179 3999 254 4066 orbe,
271 4000 422 4071 incorpore
434 3999 484 4055 ille
499 4000 555 4080 (cui
567 4008 654 4080 caput.
662 3999 788 4057 Christus
801 4004 853 4073 est)
869 4009 927 4058 tan·
982 4013 1093 4062 tuorum
1107 4023 1155 4080 per
1168 4009 1266 4064 secula
1281 4005 1413 4076 filiorum,
1429 4023 1479 4064 nee
1493 4009 1682 4067 obliviscatur
1699 4011 1786 4084 gregis

133 4075 192 4126 tuni
207 4069 350 4141 dignitatis
363 4071 533 4138 obtinuit,ut
547 4079 619 4127 iuter
632 4072 820 4143 egusmenibra
834 4075 927 4145 preci·
982 4078 1096 4150 pervigil
1111 4094 1177 4134 cura
1191 4077 1316 4150 pastoris.
1333 4078 1477 4135 Credimus
1489 4086 1517 4135 te
1535 4079 1570 4135 ad
1591 4082 1716 4138 tribunal
1730 4082 1783 4138 Al-

133 4156 189 4213 pua
202 4149 229 4196 et
245 4141 356 4197 nominc
365 4150 392 4197 et
407 4144 473 4198 meri
479 4151 505 4198 te
520 4150 685 4200 censeretur.
702 4143 863 4217 Quanquam
874 4146 926 4202 ita·
980 4150 1080 4206 tissimi
1101 4149 1341 4221 incoinquinatum
1363 4151 1503 4207 assistere:
1529 4167 1565 4207 ue
1592 4169 1660 4225 erge
1685 4155 1782 4211 abnuas

133 4227 185 4285 que
211 4210 269 4284 ejus
286 4212 390 4269 eximia
417 4215 548 4271 sanctitas
571 4215 687 4273 celerem
712 4224 769 4272 tote
792 4224 926 4276 terrarum
980 4220 1157 4293 fragilitatem
1172 4229 1293 4277 nostram
1310 4222 1474 4278 immanium
1485 4221 1643 4279 criminum
1655 4224 1781 4298 squalori·

133 4283 198 4364 orbe
216 4285 368 4354 premeruit
390 4286 563 4354 claritatem;
584 4284 658 4359 apud
676 4304 727 4344 iios
749 4296 852 4356 tarucu,
869 4298 924 4347 eta
978 4290 1031 4348 bus
1045 4292 1175 4349 relevare.
1191 4291 1270 4348 Potes
1279 4293 1407 4365 equidem
1418 4293 1538 4376 spatium
1549 4295 1634 4352 uobis
1648 4296 1779 4377 peniten-

132 4354 213 4410 uebis
225 4362 266 4411 est
281 4357 443 4428 propensius
457 4356 642 4441 venerandus,
655 4374 724 4432 quos
737 4359 807 4415 sacri
822 4376 924 4431 corpe·
979 4363 1026 4418 tie
1045 4379 1060 4418 a
1079 4363 1301 4420 mansuetissime
1319 4363 1415 4421 Iudice
1434 4372 1594 4438 impetrare,
1615 4382 1663 4440 qui
1684 4367 1780 4440 dignus

131 4427 171 4482 ris
183 4427 328 4498 presentia
343 4427 509 4500 magnificat,
523 4429 664 4486 beneficiis
682 4430 827 4502 gratificat,
843 4431 925 4488 inter·
942 4440 967 4499 D
983 4434 1094 4491 habitus
1108 4451 1137 4490 es
1151 4435 1179 4491 iu
1194 4442 1341 4506 conspectu
1356 4437 1427 4509 Agrii
1443 4438 1585 4494 canticum
1600 4454 1708 4494 novum
1722 4454 1780 4496 cau·

131 4498 255 4554 cessione
269 4508 422 4555 conservat.
439 4502 492 4556 iste
506 4501 649 4568 enim,iste
664 4509 704 4558 est
718 4503 771 4571 vir,
784 4518 832 4584 per
845 4518 926 4575 quein

132 4567 183 4624 tibi
205 4570 298 4626 lumen
314 4571 468 4642 Evangelii,
486 4572 764 4639 Gallia,coruscavit:
781 4590 810 4629 iu
827 4585 928 4646 quo,et

131 4654 180 4712 per
205 4657 267 4695 uem
279 4643 433 4698 sanctitatis
447 4651 475 4699 et
485 4642 681 4700 miraculorum
694 4645 746 4700 tibi
758 4644 840 4716 jubar
850 4645 927 4703 eilul-

131 4711 177 4766 sit.
221 4712 246 4767 io
261 4720 325 4767 tuus
340 4714 429 4781 Pater,
445 4714 489 4769 his
504 4715 734 4788 prepriuspsster
745 4724 804 4783 est,
822 4717 869 4789 qui
884 4735 928 4775 ru-

130 4781 192 4838 dem
209 4790 263 4839 ture
281 4783 428 4855 religionis
443 4785 590 4842 infantiam
611 4787 784 4856 verboaluit,
800 4791 927 4862 exemplo

128 4853 405 4926 iormavit;‘protcxit
418 4855 446 4910 iri
457 4855 591 4926 adversis,
603 4859 731 4931 provexit
740 4859 925 4987 lsshqlwslletssi

128 4924 225 4982 divina
246 4926 407 4989 concilians.
424 4926 544 4984 bumana
567 4945 743 5002 componens.
798 4932 855 4986 ulta
878 4949 927 5005 pro

128 5004 155 5053 te
168 4998 284 5079 pertulit
304 5017 309 5053 :
325 5014 421 5079 graves
435 4999 488 5056 sibi
504 5007 576 5056 terra
601 5001 724 5074 marique
738 5002 929 5075 expeditiones

125 5077 215 5194 gratia
234 5086 335 5125 suinnii
351 5070 380 5125 in
397 5078 424 5125 te
447 5072 549 5128 amoris
570 5072 695 5129 indixit:
712 5076 865 5131 noncessit
881 5076 926 5132 la-

145 5139 251 5213 eribus‚
263 5157 319 5197 non
334 5143 455 5214 pepercit
467 5141 625 5213 sudoribus,
640 5144 742 5201 oblitus
752 5145 924 5203 imbecillita-

127 5209 164 5266 tis
178 5228 325 5285 eorporee,
343 5212 448 5270 oblitus
463 5214 646 5286 longaevitatis
664 5232 783 5273 annesae.
799 5217 851 5274 Pre
877 5235 925 5275 sa-

128 5279 186 5361 lute
200 5292 246 5340 tua
259 5286 432 5367 principibus
442 5302 470 5341 se
480 5286 616 5359 opposuit,
632 5304 682 5361 pro
696 5296 817 5361 pacetua
831 5289 925 5347 harba-

126 5366 166 5406 ris
183 5366 264 5426 caput
276 5356 396 5429 objecrt;
413 5357 499 5413 amori
517 5367 564 5414 tue
580 5367 641 5431 pest
656 5360 743 5416 Deum
765 5361 836 5416 nibil
850 5377 924 5433 pra-

126 5423 191 5477 tulit
205 5443 212 5491 ;
234 5442 281 5550 pqo
293 5446 356 5501 que,
372 5437 399 5485 et
414 5430 442 5485 iii
458 5445 512 5502 que
532 5436 656 5487 extrema
670 5439 743 5489 certe
757 5432 850 5488 emnia
865 5433 922 5506 pati

124 5508 246 5551 concessi
263 5540 269 5551 .

159 5598 170 5625 ¹
194 5590 322 5663 Sequitur
346 5605 442 5654 auctor
463 5606 559 5655 noster
581 5600 735 5658 versionem
751 5603 922 5676 septuaginta

982 4513 1059 4561 tare:
1077 4513 1196 4574 tantum,
1211 4506 1259 4579 qui
1270 4506 1312 4562 illi
1328 4509 1453 4565 meruisti
1465 4509 1726 4582 essepedissequus.
1737 4526 1779 4567 ue

982 4575 1026 4633 bis
1042 4576 1165 4649 digneris
1179 4593 1237 4637 esse
1252 4585 1394 4649 patrenus.
1411 4580 1587 4648 Orationem,
1604 4597 1674 4655 quas
1687 4582 1722 4639 ad
1735 4598 1779 4639 ae-

982 4649 1109 4775 pulcrum
1127 4656 1208 4705 tuum
1222 4649 1376 4719 tundimus,
1392 4652 1526 4723 interpres
1543 4659 1610 4708 ants
1624 4654 1714 4709 Iteum
1726 4662 1781 4710 esto

1003 4719 1151 4776 dissimus:
1167 4719 1213 4793 qui
1228 4720 1308 4777 nobis
1323 4721 1455 4778 exstitisti
1466 4723 1679 4780 strenuissimus
1688 4723 1781 4796 predi·

982 4798 1066 4860 ceter,
1089 4798 1147 4847 esto
1169 4789 1354 4848 nihilominus
1376 4810 1425 4867 pre
1450 4796 1552 4850 nestris
1577 4795 1781 4852 calamitatibus

981 4861 1214 4920 clementissimus
1227 4862 1399 4935 suffragator.
1415 4866 1498 4922 Posce
1511 4867 1717 4924 eerroetieuem
1728 4882 1781 4923 iiie·

981 4933 1068 5001 ribus,
1078 4933 1780 5010 tranquillitatemtemporibus,cuuetorurnveniam

981 5004 1181 5077 peccaminum,
1195 5012 1360 5063 eternorum
1370 5008 1534 5081 compendia
1546 5008 1726 5081 gaudiorum.
1737 5011 1781 5067 Fa·

980 5075 1032 5134 cile
1051 5076 1124 5149 qued
1137 5077 1309 5157 poposceris,
1331 5077 1478 5146 obtinebis,
1499 5080 1729 5156 quandoquidem
1747 5082 1780 5138 lta

979 5155 1007 5205 te
1021 5156 1070 5204 tue
1082 5155 1261 5220 conpunctum
1276 5149 1415 5208 credimus
1445 5151 1622 5210 etentissimo
1636 5154 1781 5228 imperato·

979 5218 1014 5288 ri,
1030 5227 1060 5276 ut
1074 5235 1125 5277 nec
1175 5220 1226 5277 seis
1240 5221 1311 5277 velle
1327 5221 1401 5294 quod
1419 5167 1467 5278 iiie
1487 5224 1622 5294 uoluerit,
1643 5241 1696 5282 nec
1716 5225 1780 5281 velis

979 5290 1120 5365 quidpiam
1152 5292 1283 5374 eprecari,
1299 5308 1354 5365 quo
1364 5294 1443 5349 illum
1458 5310 1515 5351 neu
1528 5296 1698 5368 cogneveris
1712 5295 1780 5354 dele·

978 5363 1056 5431 ctari,
1076 5364 1122 5490 qui
1146 5363 1228 5431 vivit,
1249 5370 1277 5418 et
1298 5373 1401 5437 regnat,
1422 5373 1449 5423 et
1467 5366 1631 5423 dominatur
1656 5366 1779 5426 inomni

977 5442 1067 5560 gente,
1091 5451 1143 5562 qoe
1158 5442 1185 5491 et
1199 5441 1332 5507 tempere,
1348 5445 1375 5492 et
1394 5452 1442 5510 per
1455 5437 1568 5495 infinita
1582 5441 1688 5498 secula
1701 5454 1778 5496 secu·

987 5520 1077 5562 erum.
1118 5522 1189 5562 meu.

974 5606 1091 5679 legitur:
1110 5607 1191 5666 Cerei
1203 5624 1306 5690 quoque
1319 5607 1470 5679 deferebant
1483 5609 1507 5665 ei
1523 5609 1625 5683 (Ehe)
1646 5627 1741 5684 portem
1754 5612 1776 5664 rt

123 5659 306 5734 iuterpretum
322 5683 329 5723 τ
343 5682 407 5722 uani
419 5668 579 5745 invulgata
591 5671 640 5730 lib.
660 5690 692 5733 iu
705 5676 809 5749 Regum
823 5676 919 5749 capii
972 5695 1064 5735 cerum
1077 5695 1174 5745 meam
1187 5681 1311 5737 similiter
1320 5696 1417 5752 poesin
1429 5688 1454 5738 et
1465 5698 1561 5739 earnes
1573 5684 1690 5755 vesperi.

786 5822 1105 5853 *qno—n-
