3834 6136
127 260 180 318 tta

559 335 565 345 ο
611 258 821 332 xntrnvaunt
841 255 1093 316 rtontacunsrs
1111 251 1271 312 nonnettt

1726 249 1779 308 Bld

124 421 282 479 annexione
314 424 342 481 in
369 423 396 479 S.
413 421 557 494 religionis
582 418 679 476 habitu
703 420 797 476 virere
828 419 921 492 coepit,
937 421 962 480 Α
979 417 1070 477 liebus
1085 416 1177 490 itaque
1191 413 1320 471 humanis
1335 428 1367 470 eo
1381 418 1446 486 post
1471 409 1611 468 diutinam
1630 408 1710 482 regui
1735 408 1779 466 ad·

126 509 228 584 quique
253 510 380 568 eumdem
410 509 502 565 virum
525 507 661 562 seniorem
688 504 740 562 sihi
761 504 925 577 praeficiunt.

124 600 186 656 Non
200 606 261 673 post
276 601 393 656 multum
409 612 475 654 vero
492 594 634 666 temporis,
648 601 812 665 cooperante
831 592 927 650 divina

125 687 328 755 misericordia,
344 683 559 759 suffragantibus
574 683 681 739 meritis
697 682 827 754 pracipui
839 681 926 737 Patris

124 775 279 844 Benedicti,
296 775 446 832 mullorum
460 774 562 831 ibidem
575 772 773 830 monachorum
790 770 923 826 nobilium

125 880 207 946 atquc
227 872 409 930 mediocrium
425 871 460 928 ad
482 888 510 927 se
533 869 756 927 concurrentium
779 869 859 925 Pater
880 867 926 924 ef-

125 962 213 1018 fectus
229 969 269 1019 est
285 980 291 1018 :
308 961 403 1036 sicque
429 960 561 1035 reparatis
575 959 741 1017 habitaculis
766 957 925 1016 coenobitali

123 1050 216 1106 ordini
244 1050 469 1123 congruentibus,
486 1049 536 1106 sub
562 1056 662 1106 sanctae
686 1049 785 1120 regulae
805 1046 872 1120 jugo
895 1064 927 1104 ac

124 1135 276 1194 beatissimi
300 1139 389 1196 Patris
400 1138 543 1197 Benedicti
559 1137 734 1196 institutione
749 1137 843 1193 viuere
865 1154 926 1195 coe-

124 1235 233 1300 perunt.
251 1228 309 1286 iloc
324 1230 417 1302 itaque
436 1229 534 1285 ordine
563 1228 592 1284 in
625 1234 737 1295 statum,
770 1241 825 1300 quo
852 1242 926 1283 nnnc

124 1317 258 1385 cernitur,
272 1318 478 1376 sanctissimum
494 1317 564 1374 illud
580 1315 742 1374 Cassiuense
768 1314 924 1374 coenohium

125 1415 281 1478 reparatum
310 1415 361 1476 est,
388 1424 452 1465 cum
480 1406 538 1479 jam
563 1407 620 1462 fere
642 1414 752 1463 centum
781 1414 808 1461 et
832 1404 924 1461 decem

981 506 1214 564 ministrationem
1228 510 1367 577 exempto,
1391 502 1446 560 duo
1473 500 1525 557 filii
1551 499 1623 573 ejus,
1645 498 1778 572 Pippinua

981 603 1007 652 et
1021 595 1231 663 Carlomannus,
1248 592 1325 666 regni
1340 607 1475 649 summam
1491 587 1624 647 concordi
1650 586 1778 645 societate

981 684 1111 753 divisam,
1125 684 1232 758 aliquot
1247 680 1326 739 annis
1340 681 1392 738 sub
1416 679 1557 738 Childrice
1584 676 1779 736 nominetenus

980 791 1052 848 rege,
1078 772 1114 831 ad
1145 771 1354 847 gubernandum
1378 768 1541 844 suscipiunt.
1567 769 1657 825 Porro
1684 766 1779 825 Carlo-

982 880 1098 921 mannus
1117 863 1360 936 postaliquautum
1375 859 1508 933 temporis
1520 874 1685 927 excursum,
1705 856 1777 930 regui

981 971 1062 1028 qnam
1076 953 1111 1010 ad
1132 953 1282 1028 regendum
1310 958 1466 1023 susceperat
1489 957 1595 1022 partem
1625 947 1709 1004 fratri
1735 962 1778 1002 ra-

983 1043 1120 1117 linquens,
1149 1058 1242 1099 amore
1267 1057 1415 1098 succensus
1431 1038 1611 1112 speculativae
1628 1052 1780 1094 couversa-

980 1132 1075 1200 tionis,
1102 1133 1217 1189 Romam
1244 1147 1272 1186 se
1302 1129 1331 1185 in
1358 1129 1446 1185 otium
1481 1127 1613 1183 contulit.
1639 1125 1779 1200 Siquidem

980 1220 1108 1277 hortante
1127 1220 1160 1276 B.
1185 1217 1323 1276 Eucherio
1345 1216 1558 1273 Aurelianorum
1575 1215 1718 1287 episcopo,
1735 1213 1779 1290 qui

980 1331 995 1370 a
1014 1322 1089 1386 patre
1104 1313 1180 1369 illins
1194 1313 1273 1368 nulla
1286 1312 1437 1369 exsistente
1459 1310 1547 1383 culpa
1571 1307 1679 1365 offensa
1688 1307 1780 1381 pulsus

980 1405 1043 1462 sede
1066 1404 1186 1478 propria,
1201 1412 1282 1478 atque
1303 1403 1332 1459 in
1346 1401 1510 1459 llasbaniam
1524 1399 1598 1473 apud
1628 1399 1659 1456 S.
1674 1397 1782 1455 Trudo-

125 1514 260 1554 annornm
277 1499 439 1556 'curricula
450 1498 560 1555 evoluta
582 1505 682 1566 essent,
698 1514 732 1554 ex
748 1505 803 1572 quo
817 1496 926 1553 occulto
980 1509 1043 1549 nem
1059 1493 1088 1549 in
1103 1493 1232 1548 exsilium
1248 1492 1383 1566 relegatus
1407 1491 1512 1556 fuerat;
1539 1504 1652 1545 necnon
1676 1486 1705 1544 S.
1732 1487 1779 1544 Bo·

123 1584 254 1643 Deinutu
274 1588 351 1643 locus
367 1588 412 1643 ille
425 1587 596 1644 habitatione
619 1602 710 1643 carere
723 1594 841 1659 eoeperat
869 1584 927 1641 bu·
981 1581 1083 1639 nifacio
1096 1582 1258 1639 Fresionum
1273 1581 1412 1653 episeopo,
1426 1579 1474 1652 qui
1499 1577 1582 1634 amho
1607 1576 1697 1649 patris
1722 1574 1778 1648 ejus

125 1689 215 1730 mana.
242 1675 361 1731 Proinde
379 1676 504 1749 sequenti
530 1683 664 1747 ternpore,
689 1674 756 1731 huic
774 1670 926 1729 venerabili
980 1671 1053 1743 apud
1079 1671 1183 1727 inferos
1197 1669 1402 1726 damnationem
1414 1674 1436 1736 ¹³,
1451 1667 1534 1724 etiam
1563 1664 1710 1738 corporeis
1730 1664 1778 1737 ipsi

124 1760 187 1817 viro
206 1762 349 1819 Petrcnaci
377 1763 496 1819 dilectus
514 1762 624 1819 Domini
640 1762 764 1833 pontifex
780 1759 963 1835 Zachariasss
981 1763 1123 1820 ostendere
1138 1762 1244 1818 visibus
1265 1778 1271 1816 ε
1300 1776 1442 1833 operosam
1456 1758 1622 1832 temporalis
1636 1758 1714 1831 regni
1735 1757 1779 1814 di-

125 1848 276 1918 plurimum
306 1851 405 1907 anxilii
424 1851 553 1919 eontulit,
578 1850 663 1906 libros
690 1850 797 1906 scilicet
823 1855 923 1904 sancta
980 1851 1112 1921 gnitatem
1123 1858 1182 1907 toto
1200 1859 1382 1908 contemnens
1396 1848 1619 1916 mentisaduisu,
1631 1847 1778 1921 habituque

124 1937 286 2009 Scripturas,
305 1954 412 1995 necnon
427 1946 454 1993 et
468 1939 522 1994 alia
546 1955 606 2010 quae
621 1937 656 1994 ad
681 1938 830 1993 utilitatem
859 1952 924 1992 mo-
980 1947 1144 2012 permutato,
1161 1946 1282 1997 tonsurae
1298 1938 1491 1997 ecclesiastica
1515 1938 1637 2011 gratiam
1659 1937 1721 1994 ab.
1735 1939 1778 1994 Za·

124 2024 237 2080 uastarii
262 2025 399 2096 pertinere
422 2033 576 2098 poterant:
608 2026 720 2097 insuper
749 2033 775 2080 et
803 2025 922 2097 regulam
980 2033 1073 2091 charia
1101 2049 1170 2108 papa
1201 2036 1324 2092 Romano
1352 2032 1491 2106 percipere
1518 2031 1637 2088 meruit.
1659 2030 1777 2106 Denique

124 2127 207 2183 quam
223 2111 281 2184 ipse
307 2113 431 2186 egregius
456 2114 535 2170 Pater
556 2112 738 2170 sanctissimis
760 2114 924 2186 conscripsit
981 2122 1139 2178 monasticae
1154 2123 1220 2178 vicae
1230 2138 1356 2178 normam
1371 2121 1497 2195 adeptus,
1514 2119 1543 2176 in
1564 2127 1664 2176 monas
1673 2119 1777 2176 Soracte

124 2201 264 2272 manibus,
278 2210 391 2276 paterna
405 2203 532 2259 libertate
546 2202 691 2259 concessit.
981 2209 1054 2281 apud
1077 2209 1220 2266 ecelesiam
1241 2209 1272 2265 B.
1290 2208 1427 2276 Silvestri,
1442 2216 1588 2266 exstructo
1616 2210 1790 2269 monasterio.

422 2346 536 2405 CAPUT
555 2344 622 2402 XIV
980 2315 1042 2356 cnm
1068 2297 1199 2354 fratribus
1225 2313 1317 2354 secum
1345 2297 1380 2354 ad
1400 2298 1453 2355 hoc
1467 2299 1704 2356 convenientibus
1717 2315 1775 2355 uon·

625 2389 631 2402 ‘
980 2387 1058 2443 nullo
1086 2393 1209 2459 tempore
1236 2393 1329 2458 optata
1352 2386 1445 2460 quiete
1472 2387 1640 2457 perfruitur.
1670 2386 1723 2444 Sed
1746 2402 1773 2442 er

126 2458 346 2543 Camlfflssrlfilli'
361 2466 441 2532 fllia·
457 2459 589 2533 Pippicua
603 2465 627 2515 fi
641 2459 854 2516 Cal⁰¹⁰ll⁰l²²¹¹l⁸
868 2457 924 2528 &1¹1⁸
980 2476 1097 2534 Francia
1112 2477 1194 2533 multi
1217 2476 1353 2533 nobilium
1373 2475 1408 2532 ob
1421 2484 1486 2532 vcta
1506 2476 1654 2547 solvenda,
1669 2478 1771 2535 Roman

266 2534 327 2605 filu·
354 2533 569 2587 C⁰r⁰f⁰m⁰²²m⁴³
582 2532 613 2604 ῥ’
625 2532 779 2587 mmmm·
980 2582 1042 2621 cunr
1056 2566 1216 2623 solemniter
1237 2572 1432 2634 commearent,
1449 2573 1553 2622 etcum
1584 2567 1664 2624 velut
1688 2565 1771 2624 domi-

161 2655 269 2710 Interea
283 2655 355 2726 apud
366 2654 479 2723 Gallias,
488 2655 620 2726 Angesilo
631 2654 833 2727 majoredomus
846 2652 924 2710 filio-
980 2670 1046 2711 unm
1063 2655 1201 2728 quondam
1216 2672 1297 2712 suum
1316 2656 1457 2728 praeterire
1478 2655 1598 2725 nollent,
1615 2656 1705 2714 otium
1727 2672 1770 2732 que
1792 2678 1794 2682 ·

126 2760 179 2817 que
191 2743 251 2815 ejus
267 2744 384 2815 Pippino
409 2744 558 2799 humanam
572 2743 739 2800 obeuntibus
755 2745 840 2800 vitam
866 2744 943 2801 Ca-.
981 2744 1101 2801 niaxime
1123 2744 1320 2814 delectabatur,
1333 2744 1428 2802 crebra
1441 2746 1611 2803 salutatione
1627 2747 1770 2804 interrum-

125 2832 202 2887 rolns
216 2831 290 2886 filins
313 2829 434 2901 Pippini,
449 2830 534 2885 totius
558 2830 646 2900 gentis
670 2831 838 2886 Francorum
862 2846 925 2886 ma·
981 2843 1084 2906 pentes,
1096 2835 1191 2902 locum
1204 2843 1310 2892 mutme
1320 2835 1500 2908 compellunt.
1516 2837 1586 2892 Nam
1604 2853 1671 2894 cum
1688 2835 1768 2909 hujus

127 2921 283 2992 gistratum,
313 2933 470 2992 quanquam
491 2926 551 2989 post
575 2916 662 2972 multa
688 2917 761 2972 bella
783 2917 817 2974 de
841 2935 925 2976 manu
982 2922 1055 2978 modi
1082 2923 1264 2996 frequentiam
1286 2940 1335 2979 suo
1360 2922 1502 2994 proposito
1521 2923 1634 2980 officere
1657 2923 1767 2990 vidisset,

126 3008 267 3068 lteinfredi
284 3003 454 3081 (Reginfredi
471 3007 552 3063 Paul.
578 3005 667 3074 Dice,
687 3004 737 3061 lib.
762 3023 801 3075 vr,
826 3024 850 3063 c.
876 3007 923 3080 ll)
981 3012 1078 3068 relicto
1104 3011 1240 3068 montein
1264 3010 1407 3067 Samnium
1426 3010 1655 3082 provinciamad
1683 3027 1768 3068 mena·

126 3096 240 3171 tyranni
259 3099 316 3154 Dee
331 3095 445 3168 juvante
461 3095 584 3163 abstulit,
601 3110 711 3168 suaeque
730 3094 854 3153 subdidit
870 3113 924 3170 po·
942 3131 964 3188 0
980 3100 1095 3156 sterium
1122 3102 1150 3157 S.
1182 3099 1325 3157 Benedicti
1346 3100 1432 3155 situm
1461 3099 1490 3155 in
1516 3100 1669 3173 saepedicto
1692 3109 1768 3159 castro

126 3187 229 3243 testati.
244 3185 369 3259 Denique
379 3183 460 3240 rebus
469 3183 578 3241 bellicis
587 3183 925 3256 operosissimeinsistens‚
981 3190 1098 3260 Cassinl,
1110 3190 1232 3258 secessit,
1243 3198 1325 3263 atque
1340 3189 1390 3259 ihi,
1403 3188 1475 3262 quod
1486 3189 1630 3264 reliquum
1645 3190 1700 3249 fuit
1710 3206 1767 3247 mor·

127 3283 260 3348 tyrannos
273 3290 322 3349 per
335 3281 421 3331 totam
436 3272 580 3330 Franciam
595 3272 769 3329 dominatum
789 3272 842 3329 sibi
857 3273 926 3330 vin·
981 3279 1044 3336 talis
1058 3280 1133 3349 virae,
1149 3277 1275 3352 religiose
1287 3278 1478 3337 conversando
1490 3280 1658 3353 complevit.

125 3370 248 3427 dicantes
272 3371 418 3443 oppressit,
439 3369 474 3427 oh
497 3385 612 3442 eamque
642 3385 700 3426 rem
728 3370 848 3442 plurima
868 3368 926 3442 juri

126 3460 320 3517 Ecclesiastico
344 3460 490 3517 detrahens
511 3459 612 3532 praedia
639 3459 705 3518 fisco
720 3460 877 3530 associavit,
895 3475 927 3516 ac
1277 3429 1391 3490 CAPUT
1407 3430 1472 3489 XV·

126 3547 225 3605 deinde
240 3548 378 3605 militibus
391 3548 510 3620 propriis
525 3547 690 3604 distribuere
703 3548 820 3605 studuit.
851 3549 926 3605 Prae-
980 3542 1113 3615 Pippinus
1131 3560 1180 3600 res
1195 3543 1374 3601 constituitur.
1383 3543 1554 3601 Cmaiamaas
1564 3546 1770 3619 Zachariampa·

126 3647 200 3694 terea
212 3637 362 3693 Saracenos
373 3636 491 3693 Galliam
502 3653 635 3711 occupare
655 3644 791 3693 tentantes
818 3638 926 3696 dnobus
1013 3631 1077 3686 Fam
1090 3615 1122 3669 ‘¹⁶
1135 3632 1245 3686 ⁶⁰''P0r0
1260 3617 1288 3673 ⁸·
1304 3615 1771 3689 Bmdlmim'i'fuff’lilm

127 3728 234 3798 maguis
248 3727 360 3799 preliis,
377 3744 433 3783 uno
447 3728 476 3782 in
499 3728 648 3800 Aquitania
670 3727 742 3800 apud
771 3728 925 3787 Pictavium
1013 3686 1049 3756 ψ
1050 3701 1065 3741 ⁰
1079 3686 1128 3742 '⁸⁰⁰
1140 3704 1171 3742 n
1182 3704 1213 3758 ep
1216 3689 1303 3744 ‘sm'

126 3815 289 3884 civitatem,
316 3816 403 3872 altero
429 3824 521 3871 autem
550 3814 623 3887 apud
653 3815 821 3883 Narbonam,
845 3817 927 3890 iuxta
1015 3817 1087 3873 llum
1101 3817 1186 3890 igitur
1200 3819 1305 3878 haacita
1316 3833 1445 3897 aguntur,
1460 3825 1601 3900 Pippinus
1615 3827 1771 3903 reguiam

127 3904 233 3961 Birram
261 3904 380 3959 fluvium
400 3905 439 3959 ita
460 3901 563 3958 devicit
588 3908 619 3957 ut
641 3902 670 3958 in
697 3903 854 3976 Hispaniam
880 3923 926 3965 eos
979 3921 1074 3962 corum
1090 3918 1231 3967 assecutus
1253 3927 1401 3980 summam,
1413 3912 1494 3987 jussu
1514 3916 1656 3990 Stephani
1669 3917 1771 3977 humaui

127 3992 219 4048 redire
233 3991 420 4064 compelleret.
439 3989 621 4059 Quamobrem
638 4006 700 4048 cum
715 3991 926 4053 adversantibus
980 3995 1297 4065 pontificisChildricum
1309 4001 1510 4060 inertissimum
1521 4021 1618 4078 regem
1628 4006 1771 4081 depositum

127 4079 286 4136 nullatenus
300 4078 395 4136 cedere
422 4078 515 4148 sciret,
539 4078 665 4152 nullique
686 4096 808 4153 parcere,
834 4083 882 4140 diu
909 4101 926 4141 a
979 4100 1011 4140 ac
1023 4084 1180 4157 detonsum,
1195 4087 1224 4143 in
1245 4091 1413 4148 monasterio
1429 4091 1531 4151 deiude
1545 4103 1659 4154 tmsum
1679 4099 1772 4172 priuata

127 4170 244 4242 posteris
258 4169 381 4238 Tudites,
407 4168 441 4226 ab
461 4176 523 4226 actu
545 4184 635 4224 rerum
660 4169 768 4226 scilieet
790 4187 924 4244 agnomen
980 4174 1074 4232 vivere
1083 4177 1228 4249 compulit.
1240 4178 1309 4235 Dein
1321 4182 1484 4240 auctoritate
1495 4182 1625 4256 ejusdem
1634 4187 1771 4262 pontificia,

127 4261 256 4335 indeptus
267 4269 318 4318 est.
334 4261 449 4318 Tudites
465 4261 539 4318 enim
567 4261 658 4318 mallei
683 4262 815 4320 dicuntur
829 4265 926 4324 fabro·
980 4266 1153 4338 expraefecto
1167 4267 1260 4339 palatii
1276 4286 1324 4326 rex
1341 4273 1520 4344 constitutus,
1536 4290 1586 4348 per
1599 4277 1772 4334 anuosfarna

126 4366 211 4419 rum,
247 4366 365 4423 quorum
392 4350 494 4407 ictibus
516 4359 616 4408 cuneta
643 4353 773 4408 atteritur
798 4353 924 4412 durities.
979 4357 1137 4429 quindecim
1149 4367 1196 4415 aut
1205 4376 1237 4416 eo
1246 4363 1365 4434 amplius
1376 4365 1451 4438 regni
1464 4366 1772 4441 Francorumpriucipt·

125 4439 230 4512 Pepigit
260 4440 306 4497 hio
326 4440 416 4497 foedus
436 4458 498 4498 curn
532 4440 711 4513 Liutpraudo,
727 4441 807 4514 eique
834 4443 922 4500 filium
940 4478 965 4536 D
981 4454 1040 4502 tum
1060 4447 1135 4504 solus
1146 4449 1250 4521 optime
1260 4451 1342 4507 rexit.
1355 4451 1395 4507 Ea
1406 4451 1676 4528 igiturtempestate,
1688 4468 1773 4511 mona·

126 4543 206 4583 suum
221 4528 369 4602 Pippinum
388 4531 475 4599 misit,
489 4537 520 4587 ut
534 4546 610 4586 more
624 4529 845 4587 Christianorum
859 4531 924 4590 fide·
981 4535 1025 4592 ehi
1053 4535 1192 4609 sepedicti
1214 4538 1332 4596 coenchii
1357 4540 1539 4612 cassinensis,
1552 4554 1668 4602 auctora
1690 4543 1772 4604 carte

125 4616 195 4671 lium
211 4616 270 4689 ejus
289 4618 420 4689 capillum
442 4618 547 4690 primus
561 4619 728 4685 attonderet,
742 4635 774 4674 ac
788 4619 868 4676 Pater
881 4621 927 4678 illi
980 4641 1080 4681 manno
1095 4627 1129 4683 de
1149 4643 1203 4699 quo
1229 4643 1312 4699 supra
1339 4630 1495 4701 retulimus,
1511 4634 1633 4691 Romam
1653 4635 1771 4700 ueniunt,

125 4704 260 4775 spiritalis
275 4704 440 4761 exsisteret:
466 4705 537 4778 quod
555 4707 602 4763 ille
627 4707 829 4779 gratantissime
843 4726 925 4766 com-
979 4713 1082 4770 doloris
1097 4714 1169 4788 apud
1183 4716 1386 4774 sanctissimum
1408 4736 1504 4792 papam
1522 4721 1686 4780 Zachariam
1701 4722 1772 4794 dape

125 4792 214 4866 plens,
241 4793 336 4850 multis
358 4793 478 4850 ditatum
497 4795 660 4852 muneribus
683 4796 801 4867 genitori
828 4807 922 4856 natum

124 4881 257 4953 remisit(
258 4883 338 4939 Paul.
353 4882 443 4952 Dice,
459 4882 508 4939 lib.
524 4901 563 4951 vr,
581 4900 605 4940 c.
621 4884 680 4957 53).
691 4885 750 4953 Qua
760 4886 794 4943 de
809 4904 837 4943 re
853 4906 925 4945 cou-

123 4972 197 5045 tigit,
214 4980 245 5029 ut
261 4971 427 5045 legationem
442 4971 619 5029 sacratissimi
649 4975 775 5047 praesulis
798 4975 923 5048 Gregorii

123 5062 157 5119 ad
172 5079 200 5119 se
215 5062 358 5132 directam,
375 5061 546 5119 obsecrantis
564 5071 699 5136 quatenus
718 5064 746 5121 S.
772 5067 923 5124 Romanam

122 5150 275 5210 Ecclesiam
295 5169 311 5209 a
334 5151 578 5223 Langobardorum
606 5152 755 5224 tyrannide
782 5154 922 5215 liberaret,

124 5247 231 5299 terrena
261 5240 420 5298 celestibus
450 5240 672 5312 preponderaus,
701 5241 922 5315 floccipenderet.

156 5381 228 5439 'llic
242 5383 375 5452 calculus,
387 5382 429 5439 uti
439 5389 467 5438 et
485 5381 771 5440 totusfereartieulns
799 5399 833 5440 ex
843 5383 923 5441 Pauli

124 5449 201 5506 Diae.
217 5451 333 5510 historia
347 5453 468 5536 Langoh.
483 5453 532 5510 lib.
556 5471 595 5524 vr,
609 5470 670 5527 cap.
693 5454 737 5524 to,
762 5428 924 5534 desumptus

124 5526 188 5575 est:
215 5535 370 5602 quanquam
393 5541 458 5582 annr
473 5524 531 5580 fere
547 5532 657 5582 centum
687 5535 714 5581 et
741 5525 924 5598 quadraginta

124 5588 158 5647 ah
172 5604 314 5650 eversione
324 5595 478 5653 Cassinensi
489 5595 524 5652 ad
542 5595 770 5653 instaurationem
781 5596 922 5654 effluxisse

979 4800 1059 4857 situri
1072 4803 1222 4874 querelam,
1244 4814 1464 4880 proptercorpus
1477 4808 1588 4867 scilieet
1602 4808 1771 4869 sacratissimi

979 4887 1068 4945 Patris
1081 4889 1232 4962 Benedicti,
1257 4908 1273 4947 a
1285 4894 1344 4950 solo
1356 4896 1469 4968 proprio
1482 4897 1512 4953 iu
1528 4897 1622 4955 Gallia
1643 4897 1770 4957 translati.

979 4976 1032 5044 Qui
1043 4993 1144 5035 moeror
1151 4976 1315 5051 jampridem
1325 4998 1341 5038 a
1353 4982 1499 5041 cordibuse
1507 4986 1656 5045 orumdem
1665 4986 1769 5044 fratrum

979 5066 1015 5122 oh
1029 5075 1163 5124 terrarum
1191 5069 1421 5145 longinquitatem
1453 5091 1505 5132 uec
1532 5092 1591 5133 non
1615 5085 1769 5136 vetustatem

979 5164 1134 5229 temporum
1152 5156 1299 5216 admodum
1316 5160 1472 5229 refrixerat,
1483 5180 1536 5222 nec
1549 5164 1612 5238 jam
1635 5183 1712 5240 apeur
1723 5181 1769 5241 po·

979 5244 1083 5302 trunda
1097 5243 1212 5319 hujusce
1224 5248 1264 5304 rei
1283 5247 1421 5307 habebant
1434 5270 1440 5309 :
1452 5252 1502 5310 sed
1512 5253 1701 5314 carlomanno
1710 5255 1768 5313 illo·

978 5385 1109 5530 qqqeqqur
1135 5404 1170 5445 ex
1196 5387 1278 5447 dictis
1303 5406 1320 5446 a
1343 5391 1424 5449 uobis
1447 5394 1482 5452 ad
1507 5395 1605 5454 Vitam
1618 5397 1648 5456 S.
1663 5395 1766 5460 assu,

1014 5534 1025 5564 ⁵
1039 5529 1071 5610 ld
1086 5529 1159 5610 inter
1171 5502 1278 5588 fabulas
1290 5533 1439 5592 amandarat
1447 5535 1587 5595 baronius
1609 5539 1765 5614 stiiqrepa

979 5598 1012 5655 de
1026 5616 1056 5656 re
1064 5616 1093 5655 ru
1100 5600 1164 5658 Vita
1173 5601 1201 5660 S.
1212 5602 1344 5661 Eucherii
1358 5607 1460 5665 wcufo
1474 5610 1609 5682 proximo
1628 5610 1762 5684 agendum.
