3834 6136
578 181 899 246 unhriaotouititi.
920 219 958 235 —
977 191 1082 252 MENS.
1105 194 1203 252 SEP'I'.

787 366 977 428 AUCFARIA.

92 486 133 541 Da
153 483 293 539 Pusaeus
324 482 352 537 in
378 483 545 540 lectionibus
576 486 748 545 variantibus
774 496 1343 624 tuttaAdentisincruceappruitllic
1360 501 1537 572 postmodum
1556 503 1710 578 baptizatus

60 552 309 613 abundedirimus.
321 552 554 626 VidedeAEgidic
563 555 676 614 citatum
687 559 715 615 P.
727 560 855 619 liicthier.
912 570 946 629 ab
962 568 1101 639 apostolis
1111 584 1159 640 pro

90 627 258 684 Hsaisinns.
276 625 417 697 proprium
435 625 588 685 Rhemense
601 629 722 687 mcundo
741 632 801 689 ioco
816 633 857 690 in-

59 699 131 764 serit,
142 712 257 768 nempe:
277 695 400 763 «Remis,
412 696 548 766 depositio
557 700 643 756 sancti
654 700 724 757 Siiti
736 705 856 778 epscopi

58 769 136 843 primi
148 768 279 850 civitatis
285 767 392 894 lipsiam,
406 776 433 824 et
446 768 519 849 beati
534 769 631 827 Sinicii
652 771 774 841 eiusdem
790 792 857 833 auc-

58 857 180 922 eessoris.
198 865 207 888 .
230 841 270 921 De
322 839 409 912 guito,
425 840 489 895 vido
503 857 594 913 supra.
611 843 640 899 ln
657 843 712 900 sine
725 844 857 915 adjicitur

58 910 310 1055 ffi‘ngpfflmd:
336 910 464 969 «Eodem
479 910 535 981 die,
550 913 687 986 depositio
701 916 788 972 sancti
801 917 855 973 Ni-

123 1001 130 1038 ι
241 999 308 1054 pi.»

87 1054 319 1137 harusam-hisi.
336 1060 480 1110 truncatus
493 1064 534 1113 est
548 1054 577 1111 in
594 1057 684 1130 elogio
707 1059 802 1116 Prisci.
819 1062 855 1118 Et

59 1135 161 1199 turpius
173 1127 287 1182 sixtum
302 1140 365 1182 cum
379 1125 632 1196 hupoconlundit3
650 1130 690 1184 illi
706 1129 789 1202 hujus
799 1133 853 1188 elo·

58 1198 127 1271 pium
140 1197 270 1253 tribuens
280 1196 314 1253 de
324 1212 440 1267 petuma,
452 1206 505 1254 etc.
517 1199 677 1272 DeAEgidio
687 1201 851 1260 dictumest.

87 1271 238 1326 Rosciam.
250 1276 350 1340 quarto
363 1269 423 1323 loco
441 1284 578 1342 perperam
591 1271 741 1329 immiscet:
768 1299 777 1321 ·
792 1276 853 1330 Ale·

58 1341 189 1424 uenerias,
218 1340 294 1422 Petri
322 1339 443 1412 episcopi
461 1348 490 1396 et
517 1343 657 1414 martyris,
673 1344 720 1416 qui
746 1345 853 1417 primus

57 1415 166 1470 buum
184 1412 368 1486 presbiterum
383 1411 565 1469 anathematis
589 1414 702 1471 vinculo
716 1417 854 1473 condem-

56 1485 160 1558 pnavit.
172 1509 182 1532 ι
199 1483 270 1540 Vide
280 1498 350 1539 xxvi
358 1481 531 1541 Novembris.
543 1485 701 1542 Peuultimo
712 1487 772 1544 loco
782 1489 852 1544 inse·

56 1557 147 1686 rittur:
167 1563 286 1614 maneta
296 1553 409 1611 verenae
421 1557 568 1629 virginis.»
587 1558 619 1613 ln
632 1556 686 1613 line
696 1558 730 1615 da
740 1560 852 1632 AEgidio

56 1644 74 1685 u
99 1644 134 1684 su
157 1643 198 1685 ra.

91 1645 390 1766 Patiscumlnistss
412 1713 506 1779 purus,
523 1698 628 1756 omittit
641 1699 723 1756 Sinti.
749 1701 852 1775 Sequi-

58 1779 118 1828 tur:
160 1795 170 1818 ·
191 1770 331 1851 Qucum,
349 1769 421 1826 beati
440 1767 506 1840 Lupi
522 1771 643 1852 episcopi
666 1779 694 1827 et
708 1775 848 1845 martyris.

56 1841 157 1899 llodem
173 1841 231 1910 die,
245 1849 333 1898 sancti
348 1840 570 1911 baschamam.
588 1865 608 1898 ·.

84 1914 224 1971 usurae
239 1955 247 1979 ,
260 1912 452 1991 Man-husae.
473 1919 501 1967 et
520 1912 689 1969 Causinius.
709 1916 775 1971 satis
786 1916 850 1997 puri

56 1993 124 2054 mut,
145 1984 196 2042 sed
212 1985 243 2066 in
254 1982 464 2054 lineadjiciunt.
489 1985 579 2039 «item
596 1985 686 2056 egidii
701 1985 817 2042 abbatis.
833 2012 843 2035 ›

56 2057 160 2114 Primus
173 2055 271 2113 omisit
285 2071 385 2111 nomen
399 2056 494 2111 Anac.
519 2055 572 2110 Pro
593 2057 702 2124 Victore,
725 2058 851 2116 scrihunt

59 2129 154 2257 {aar}
167 2137 197 2186 et
215 2127 336 2196 Victorii,
353 2127 467 2183 fortasse
476 2142 532 2183 non
543 2129 623 2185 male.
635 2128 758 2185 Vocatur
766 2129 849 2186 etiam

124 2217 194 2256 rius.

85 2271 236 2328 Mussaar.
252 2287 304 2345 pro
318 2273 404 2327 Anae
417 2268 602 2340 habetAprre.
619 2269 711 2327 Tertio
726 2271 797 2340 loco,
814 2272 848 2329 de

57 2343 176 2425 nigidio,
204 2351 343 2415 utsupra.
359 2343 514 2397 Prosciicto
527 2340 617 2408 colice,
648 2342 722 2414 legit,
742 2360 849 2399 socrum

56 2417 167 2471 reliam.
179 2415 210 2472 ln
221 2415 288 2482 bne,
300 2412 411 2471 subdit:
440 2412 608 2476 «ambianis,
619 2414 752 2469 transitus
761 2415 848 2471 sancti

57 2486 169 2544 Firmini
183 2485 307 2560 episcopi
319 2493 346 2541 et
366 2483 540 2541 confessoris.
557 2507 566 2529 ·
590 2484 723 2541 Videndar
736 2495 802 2541 sunt
815 2486 849 2542 de

56 2557 103 2686 ppo
128 2557 257 2616 Firmino
271 2572 381 2629 nuperae
406 2554 612 2612 dissertationes
635 2557 668 2612 D.
689 2555 808 2631 l’Estccq
822 2566 849 2614 et

77 2646 181 2687 iorum.

84 2701 319 2760 Ameana-ilari.
334 2708 362 2758 et
376 2701 528 2757 masuras.
548 2698 615 2755 satis
631 2698 692 2770 puri
707 2706 781 2765 sunt,
802 2698 849 2755 sed

84 2775 206 2831 uultiinc
217 2774 292 2830 loco:
302 2798 312 2822 ‹
322 2774 402 2840 item,
411 2772 501 2828 natale
511 2769 598 2827 sancti
610 2769 701 2844 Epidii
711 2769 819 2827 abbatis
833 2795 841 2814 ·

91 2848 157 2903 bent
170 2844 255 2902 etiam
275 2844 395 2911 Victorii,
411 2844 455 2898 rel
476 2842 584 2898 Victori.

84 2918 259 2975 Uiruarscu.
276 2925 303 2972 et
318 2917 441 2972 Lernen.
456 2913 612 2986 incipiunt:
636 2935 646 2960 ι
661 2911 744 2984 Apud
757 2912 850 2968 Bene-

54 2998 179 3057 ventum,
206 2990 298 3044 natale
320 2997 478 3044 sanctorum
495 2994 648 3055 martyrum
665 3001 704 3039 iin
721 2983 848 3050 fratrum,

53 3060 153 3118 Donati
173 3067 203 3114 et
217 3059 324 3125 Felicis,
333 3057 446 3114 Aruntii
456 3063 484 3113 et
499 3056 642 3122 Honorati,
654 3055 848 3111 Fortuiiaciani

1020 640 1025 650 Ι
1044 639 1049 650 ⁸
1208 586 1223 626 e
1240 570 1344 628 Christi
1360 573 1449 645 capite
1463 583 1607 636 truncatus
1617 589 1667 650 eat,
1683 591 1710 637 et

911 639 1086 697 Alorodisius
1113 641 1368 698 commentariensis
1383 643 1465 700 simul
1481 662 1543 702 cum
1572 664 1604 705 eo
1620 653 1710 724 capite

911 714 1009 841 leexus
1038 719 1221 767 coronatur.»
1259 713 1425 770 Haeclerme
1444 731 1479 772 cx
1507 718 1614 788 Adone,
1645 723 1709 781 uide

935 781 1065 840 suardum
1077 798 1114 837 xv
1123 782 1223 839 Martii.
1240 786 1279 841 De
1291 784 1500 856 Beneventanis,
1520 790 1613 848 eadem
1622 793 1708 851 iermc

910 871 971 929 quc
985 869 1075 924 supra.
1092 853 1122 908 lii
1139 854 1224 926 Lupo,
1237 855 1316 911 sirio
1330 864 1358 911 et
1379 856 1515 926 Victurio,
1540 863 1606 919 satis
1623 880 1708 936 puras

910 934 960 1007 est.
985 925 1042 1007 ¹Pro
1074 924 1186 992 Verere,
1214 926 1311 999 scribit
1340 929 1451 996 Serene,
1479 930 1513 986 de
1535 948 1590 1005 qua
1611 937 1704 993 eadem

908 995 1005 1055 scribit
1020 1011 1080 1067 qna
1094 1011 1176 1068 supra
1192 997 1268 1066 Um„
1285 1007 1337 1056 etc.

930 1069 1124 1151 'Hacsuoisn
1154 1069 1209 1149 apii
1224 1070 1257 1150 de
1281 1072 1339 1126 solo
1364 1073 1455 1139 Josue,
1474 1072 1519 1129 cui
1536 1075 1656 1156 elogium
1672 1096 1705 1137 ex

908 1139 1024 1197 historia
1038 1154 1113 1194 sacra
1128 1148 1261 1211 appingit.
1279 1141 1368 1199 Tum:
1396 1169 1405 1190 ·
1422 1145 1453 1200 In
1469 1144 1611 1202 territorio
1626 1149 1706 1207 Con-

908 1210 1063 1292 stantiensi,
1078 1209 1112 1265 ad
1129 1210 1218 1291 locum
1234 1211 1280 1281 qui
1296 1212 1394 1269 dicitui
1411 1219 1495 1287 Aquae
1510 1215 1596 1284 durae,
1618 1219 1646 1276 id
1665 1233 1706 1279 est

908 1283 1075 1346 Zurziatirm,
1092 1280 1227 1351 depositio
1242 1290 1343 1338 sanctae
1363 1285 1611 1358 Verenaevirginis,
1624 1291 1705 1348 mira·

907 1354 1032 1408 culorum
1050 1352 1136 1432 gloria
1167 1359 1194 1406 et
1221 1355 1366 1410 sanctitate
1383 1355 1532 1412 illustris·
1570 1361 1600 1414 ln
1617 1361 1655 1416 Lu
1676 1380 1693 1419 o

907 1440 961 1480 nou
988 1439 1102 1478 omnino
1118 1439 1201 1493 purus
1222 1433 1271 1480 est.
1293 1426 1379 1481 Dein:
1416 1452 1425 1473 ·
1442 1430 1507 1484 item
1522 1429 1638 1486 Viuarili
1655 1379 1704 1506 fori

906 1512 959 1550 non
973 1493 1115 1568 Nivardii]
1131 1503 1158 1551 et
1173 1494 1289 1575 Finitimi
1305 1497 1507 1568 episcoporum,
1518 1507 1544 1554 et
1559 1503 1704 1560 confesso·

906 1583 1002 1648 rums
1023 1567 1061 1621 De
1074 1566 1163 1647 huna,
1174 1565 1374 1646 aliquaadjecit
1388 1585 1422 1624 ex
1439 1571 1599 1642 Evangelio.
1623 1574 1703 1632 ‹liem

906 1645 992 1693 sancti
1010 1638 1136 1707 Longini,
1166 1638 1302 1693 nnlitiset
1324 1643 1462 1711 martyris,
1494 1642 1564 1698 latus
1592 1646 1704 1704 Domini

899 1708 1080 1835 perforantis.
1108 1708 1175 1762 item
1195 1715 1298 1778 sepum
1328 1710 1444 1766 fratrum
1460 1720 1649 1784 martyrum·
1672 1721 1702 1775 in

928 1781 998 1835 risco
1014 1795 1098 1850 purus
1112 1785 1162 1834 est.
1182 1779 1220 1833 De
1234 1779 1346 1851 AEgidio
1362 1783 1448 1837 multa
1464 1793 1564 1850 narrat,
1576 1802 1636 1859 quae
1647 1804 1702 1845 non

864 1847 979 1906 Bracat
994 1850 1157 1906 describere.
1174 1848 1304 1921 Sequitur
1331 1851 1360 1906 ln
1375 1869 1441 1919 aare,
1459 1853 1493 1910 de
1509 1857 1589 1912 Sixto
1604 1867 1631 1914 ct
1647 1859 1704 1918 Vi-

905 1921 1004 1988 cturio,
1020 1921 1087 1976 satis
1102 1937 1177 1993 pure.

941 1992 1110 2074 Aspiciam.¹
1130 1991 1217 2072 tertio·
1240 1991 1301 2049 loco
1328 1994 1459 2064 ponitur:
1497 1996 1627 2055 «Eodem
1646 2001 1701 2072 die,

904 2072 992 2143 sancti
1010 2063 1112 2144 'Egtdtt
1127 2063 1243 2118 aiihatis.
1261 2088 1270 2110 .
1304 2063 1335 2120 In
1349 2065 1404 2120 sine
1418 2067 1525 2122 calamo
1552 2073 1703 2130 recentiore

904 2134 1080 2216 adjungitur:
1101 2134 1228 2189 «Eodem
1244 2135 1299 2202 die,
1316 2136 1471 2205 ambianis,
1487 2138 1559 2195 beati
1584 2142 1702 2202 Firmini

904 2221 1022 2278 episcopi
1039 2213 1065 2260 et
1078 2205 1253 2285 confessoris,
1265 2206 1324 2278 qui,
1336 2208 1402 2262 dum
1416 2208 1524 2265 Missam
1540 2213 1699 2284 celebraret,

904 2279 1021 2348 palmam
1033 2278 1143 2332 Domini
1156 2292 1185 2330 m
1196 2276 1312 2333 excelsis
1322 2294 1405 2349 super
1415 2280 1528 2335 calicem
1540 2298 1702 2345 consecrau-

904 2355 959 2403 tem
971 2347 1023 2473 ¹Hau
1034 2346 1103 2428 forte
1112 2362 1194 2427 super
1203 2347 1317 2404 calicem
1331 2358 1532 2420 consecratum,
1547 2355 1588 2409 vel
1607 2373 1700 2415 consc-

903 2435 967 2475 cran
991 2417 1049 2490 um]
1065 2418 1146 2473 vidit.
1162 2441 1171 2464 ι

939 2489 1085 2545 Virronis.
1100 2496 1127 2543 et
1141 2489 1208 2544 Rae.
1225 2488 1307 2544 Susa.
1324 2489 1448 2562 signatus
1463 2509 1491 2549 ri.
1514 2495 1565 2552 iao
1578 2497 1608 2553 in
1625 2497 1698 2557 sine:

910 2581 920 2606 ι
933 2561 1035 2616 Eodem
1052 2560 1107 2625 die,
1124 2561 1214 2631 natale
1227 2560 1315 2616 suncti
1326 2561 1417 2632 Egirlii
1432 2564 1549 2635 abbatis,
1560 2569 1699 2639 quiescen-

903 2631 940 2713 tis
955 2647 1036 2713 super
1052 2639 1178 2711 stagnum
1201 2631 1293 2686 maris.
1311 2632 1340 2686 ln
1369 2633 1477 2702 Tuscia,
1493 2640 1581 2695 sancti
1594 2640 1700 2696 Teren-

903 2711 971 2758 tiani
987 2717 1119 2773 episcopi.
1133 2701 1301 2764 Beneuento,
1314 2718 1354 2756 xii
1371 2703 1497 2760 fratrum.
1514 2731 1523 2753 .

939 2778 1114 2829 austeram:
1141 2795 1150 2817 ·
1168 2772 1320 2839 Ambianis,
1349 2776 1480 2831 transitus
1495 2775 1566 2833 beati
1582 2780 1700 2839 Firmini

903 2845 1023 2917 episcopi
1051 2853 1078 2899 et
1092 2842 1266 2898 contessoris.
1287 2842 1340 2910 Qui
1357 2845 1429 2901 inter
1455 2855 1554 2905 caetera
1569 2850 1700 2909 bonitatis

903 2933 959 2972 suaa
972 2915 1099 2995 insignia,
1110 2913 1175 2968 dum
1187 2930 1287 2987 corpus
1297 2916 1407 2971 Dommi
1424 2927 1542 2976 sacraret
1562 2921 1590 2977 iii
1608 2924 1699 2992 terris,

904 3002 1016 3041 manum
1031 2987 1108 3040 illius
1124 2985 1224 3040 meruit
1237 2986 1332 3040 edere
1346 2985 1375 3041 iri
1395 2989 1481 3046 cisiis.
1497 3015 1505 3036 ·

939 3056 1397 3114 Mariam.Caurus-Utreamcr.:
1433 3084 1442 3106 ι
1458 3061 1530 3116 Sixti
1558 3072 1585 3119 et
1602 3064 1701 3122 Sinicii

53 3129 247 3214 asavquqnp
258 3129 399 3211 geppqujnq
411 3126 727 3210 epranuariiffleticiset
739 3126 847 3191 Vitatis,
908 3146 922 3186 e
943 3129 1109 3200 iscoporum.
1138 3127 1207 3196 Lupi
1229 3128 1348 3198 episcopi
1364 3136 1391 3183 et
1404 3131 1578 3188 confessoris.
1595 3135 1701 3207 AEgiilii

53 3203 197 3261 Saturmui
207 3202 373 3274 etilepositi.
399 3200 433 3255 tir
446 3215 509 3256 cum
519 3215 568 3254 sua
582 3198 777 3270 predicatione
790 3199 855 3277 plu·
873 3195 894 3256 G
909 3147 1025 3256 abbatis.
1040 3198 1149 3254 Sanina
1164 3198 1307 3267 virginis.»
1332 3199 1413 3254 Notat
1428 3201 1456 3255 in
1473 3204 1613 3273 margine:
1635 3207 1700 3263 ‹Sa-

53 3276 135 3332 rimos
149 3272 362 3340 convertissent,
374 3271 425 3327 sub
442 3271 605 3342 imperatore
612 3268 790 3334 Maximiano,
804 3285 847 3339 Ju-

54 3346 110 3404 lice
124 3345 286 3413 Valeriano,
296 3344 441 3416 capitatam
452 3343 615 3397 sententiam
626 3340 840 3395 sustinuerunt.-

55 3418 121 3476 ilide
133 3433 234 3474 eorum
245 3417 316 3472 Acta
330 3431 411 3471 versu
430 3413 589 3469 hexametro
604 3411 752 3482 descripta,
775 3410 847 3483 apud

55 3490 161 3547 Surium
176 3488 231 3546 hoc
244 3487 299 3544 die.
315 3485 445 3559 Sequitur
459 3484 656 3556 Prophetarum
668 3492 696 3539 et
707 3483 803 3549 Anus,
818 3489 848 3536 ut

56 3562 81 3618 in
93 3569 186 3618 textu.
200 3558 324 3617 Deinde:
344 3582 353 3606 ι
370 3558 401 3613 ln
418 3556 559 3612 territorio
581 3553 795 3618 Constantiensi,
813 3551 848 3608 ad

57 3633 143 3690 locum
152 3631 201 3706 qui
212 3631 317 3688 dicitur
327 3629 414 3701 Aquae
423 3629 516 3693 Durae,
527 3633 627 3681 sanctae
639 3624 752 3680 Verenae
765 3623 847 3695 virgi·

57 3706 124 3762 nis.»
140 3705 182 3761 De
194 3719 249 3776 qua
263 3700 354 3758 rideri
370 3705 458 3772 potest
468 3699 580 3769 longum
589 3695 704 3751 Noikeii
714 3696 846 3767 elogium.

57 3775 212 3848 Sequemur
233 3774 339 3846 reliqua
362 3778 464 3837 textus,
488 3771 517 3824 in
531 3785 585 3840 quc
600 3767 755 3839 penultimo
771 3768 846 3823 loco:

62 3874 69 3894 ι
83 3849 154 3904 item
167 3846 256 3902 natale
268 3844 357 3901 sancti
374 3841 467 3914 Egiilii
481 3840 598 3896 abbatis.
618 3864 628 3888 ι

88 3921 249 3975 maesia.
263 3925 292 3972 et
307 3918 406 3972 Dinia.
429 3913 459 3968 in
475 3910 689 3974 Beneventanis,
709 3907 848 3980 prioribus

59 3990 111 4045 lere
124 3987 242 4056 similes,
255 3986 376 4044 secundo
393 3987 454 4041 loco
469 3990 592 4055 ponunt:
624 3982 675 4036 «ln
690 3980 847 4045 Provincia,

59 4061 139 4119 ancti
205 4058 253 4115 ‘dii
275 4057 392 4124 abbatis,
417 4070 577 4128 magnarum
600 4051 735 4107 virtutum
749 4051 841 4107 viri.»

60 4131 121 4188 l'um
135 4132 172 4189 de
208 4130 367 4204 rophetiset
379 4130 469 4184 Anna.
492 4151 502 4174 ι
516 4127 548 4181 ln
563 4123 702 4181 territurio
715 4122 847 4181 Constan-

61 4204 169 4271 iiensi,·
189 4212 256 4269 eta,
269 4208 301 4259 ut
315 4215 406 4272 supra.
425 4196 529 4255 Deinde
550 4202 652 4252 textus.

89 4274 247 4333 Caurum
259 4273 287 4329 in
302 4270 442 4398 prophetis
453 4285 537 4341 purus
546 4276 596 4324 est.
622 4267 702 4338 «Ipso
717 4265 771 4331 die,
785 4264 847 4320 hea-

61 4344 166 4403 tissimae
180 4347 268 4418 Agnae
281 4360 349 4417 prop
370 4343 467 4408 etissae,
497 4340 560 4395 filiae
576 4339 708 4406 Phanuel,
725 4335 848 4393 detribu

62 4418 129 4486 laer,
153 4417 237 4489 cujus
259 4415 431 4472 sanctitatem
446 4413 620 4482 evangelicus
634 4426 724 4465 sermo
738 4407 848 4464 descii-

62 4491 117 4558 psit.
128 4489 224 4548 liemis
234 4487 401 4544 Francorum
409 4484 564 4555 irretropoli,
575 4489 730 4538 sanctorum
742 4478 847 4536 contes-

903 3273 995 3328 ninam
1021 3286 1076 3325 non
1093 3269 1216 3335 invenio,
1240 3268 1288 3323 seii
1303 3268 1371 3324 bene
1387 3271 1531 3329 Verenam.
1548 3275 1700 3333 Duodecim

901 3345 1017 3400 fratrum
1035 3347 1198 3429 martprum,
1214 3363 1223 3385 ι
1245 3338 1318 3393 haud
1332 3338 1416 3396 dubie
1430 3342 1698 3404 beneventanorum.

908 3415 1000 3470 «Item
1015 3412 1079 3466 lesu
1096 3412 1170 3465 have
1184 3416 1212 3463 et
1226 3409 1347 3464 Gerleon.
1364 3434 1373 3457 s

938 3485 1052 3564 Rectus
1073 3481 1154 3561 Suae.
1171 3495 1246 3535 num.
1265 3479 1335 3535 tae:
1370 3482 1421 3537 «ln
1436 3484 1594 3554 Provincia,
1609 3492 1699 3547 sancti

902 3555 1006 3626 AEgiilii
1024 3552 1139 3607 abbatis.
1157 3551 1312 3619 Ambianis,
1326 3553 1470 3610 translatio
1480 3557 1567 3614 sancti
1581 3559 1699 3616 Firmini

902 3624 1023 3752 episcopi
1039 3633 1066 3680 et
1080 3622 1254 3680 confessoris.
1270 3646 1280 3669 ι
1665 3628 1671 3643 ·

938 3698 968 3754 ln
1010 3711 1119 3751 apicas.
1148 3709 1226 3750 num.
1248 3691 1318 3749 teta
1343 3693 1457 3757 Gesunt.
1474 3698 1562 3766 Jorue,
1585 3702 1698 3771 Gedeou,

901 3769 982 3836 stau,
1010 3775 1034 3822 et
1056 3766 1175 3825 Victoria.
1192 3763 1349 3836 Adjicitur:
1383 3767 1565 3837 «Beneventi,
1599 3773 1699 3831 natalis

902 3848 1058 3897 sanctorum
1075 3844 1228 3909 martyrum
1248 3835 1394 3892 duodecim
1414 3839 1540 3896 fratrum.
1557 3842 1589 3898 In
1610 3844 1697 3915 Tude,

902 3911 989 3968 sancti
1005 3909 1162 3965 Terentiani
1177 3907 1296 3979 episcopi
1313 3915 1340 3963 et
1355 3919 1424 3965 mart
1449 3911 1496 3966 ris.
1513 3937 1522 3960 s

937 3984 1110 4049 Susannam,
1120 3988 1193 4036 etc:
1212 3980 1263 4035 «ln
1280 3979 1418 4036 territorio
1433 3981 1592 4052 Pnilertino,
1609 3989 1699 4046 sancti

902 4052 1059 4110 Terentiani
1079 4050 1198 4123 episcopi
1224 4058 1250 4105 et
1263 4051 1402 4121 martyris.
1413 4051 1522 4124 Capera,
1537 4057 1625 4114 sancti
1640 4059 1699 4115 pri.

901 4125 1047 4182 sci...ltem
1065 4122 1152 4178 sancti
1163 4119 1266 4174 Fidelis
1289 4122 1463 4187 contessoris,
1480 4126 1526 4197 qui
1539 4127 1592 4183 luit
1606 4130 1699 4187 socius

901 4196 987 4252 sancti
1019 4191 1149 4250 cerbonii
1179 4190 1298 4269 episcopi
1323 4192 1543 4262 Populoniensis,
1577 4205 1605 4252 et
1625 4201 1699 4271 apud

901 4266 1024 4323 eamdem
1056 4263 1150 4318 urbem
1172 4261 1298 4331 quiescit,
1329 4276 1432 4331 magnas
1457 4267 1611 4321 sanctitatis
1631 4272 1710 4326 viri.

902 4335 983 4408 Apud
998 4334 1129 4397 Africam,
1146 4331 1232 4386 sancti
1256 4331 1350 4401 ilegnli
1371 4333 1492 4412 episcopi
1512 4342 1539 4389 et
1556 4340 1686 4408 martyris

901 4424 980 4489 ciuus
996 4421 1095 4530 corpus
1110 4401 1256 4474 requiescit
1272 4405 1299 4456 til
1316 4401 1428 4483 basilica
1440 4404 1528 4458 sancti
1542 4405 1652 4461 Martini
1669 4382 1697 4463 iii

901 4481 1013 4535 civitate
1056 4473 1262 4537 mactabam,
1284 4482 1370 4528 sancti
1402 4474 1556 4530 Mainertini
1578 4476 1694 4546 abbatis,

62 4576 144 4617 iorum
168 4557 387 4638 pontificumque
408 4554 491 4624 Sinti,
515 4554 612 4611 Sinicii
627 4560 707 4624 atque
721 4549 844 4606 Nivardi.
863 4563 887 4621 Β
902 4549 972 4622 apud
985 4544 1178 4602 monasterium
1192 4544 1279 4598 sancti
1290 4542 1429 4599 Germani.
1443 4545 1489 4599 ubi
1503 4555 1696 4616 postsanctum

61 4630 180 4700 Senonis,
194 4629 284 4687 sancti
295 4629 364 4700 Lupi
379 4627 498 4708 episcopi
507 4634 534 4682 et
548 4622 721 4682 coulessoris.
735 4621 845 4678 Ambia-

61 4703 106 4770 nis,
121 4706 209 4760 sancti
225 4701 343 4758 Firmini
359 4714 480 4768 episcopi
495 4706 523 4753 et
537 4697 711 4754 confessoris.
735 4694 844 4764 Capua,

61 4773 98 4828 iia
110 4775 244 4849 aquaria,
255 4771 342 4828 sancti
350 4770 435 4826 Prisci
452 4770 591 4841 martyris,
622 4767 650 4822 ui
663 4765 715 4821 luit
725 4782 797 4820 nnus
811 4781 846 4820 eii

59 4845 109 4901 illis
117 4845 243 4916 antiquis
252 4841 358 4901 Christi
367 4842 521 4912 discipulis.
534 4840 595 4911 ipso
603 4786 659 4906 ire,
671 4837 806 4908 depositio
816 4837 844 4892 S.

58 4914 143 4987 Epidii
158 4915 277 4980 abbatis,
293 4930 385 4986 quem,
400 4914 435 4969 ob
451 4912 578 4967 meritum
593 4908 756 4977 sanctitatis,
764 4923 846 4965 omne

58 5003 136 5058 renus
149 4988 297 5044 hominum
308 4993 416 5058 quaerit,
431 4991 458 5039 et
472 4990 626 5038 veneratur.
643 5005 652 5027 ι

87 5058 270 5116 asciscas.
280 5057 386 5129 incipit:
406 5056 508 5111 «Sancti
520 5053 609 5124 Epidii
619 5051 725 5107 abbatis
734 5058 761 5105 et
774 5066 846 5106 con-

56 5129 174 5198 fessoris,
189 5146 349 5202 magnarum
361 5128 496 5184 virtutum
511 5123 576 5179 viri.
593 5123 645 5190 Qui
659 5122 692 5178 de
704 5120 845 5176 Graeciam

55 5200 228 5260 Provinciam
248 5200 372 5267 ieniens,
399 5198 469 5254 mira
493 5195 593 5253 claruit
617 5195 771 5251 sanctitate.
795 5190 846 5248 Cui

55 5276 164 5346 angelus
178 5273 252 5330 inira
261 5272 404 5329 blissarum
414 5267 549 5327 solemnia
558 5282 639 5339 super
653 5266 737 5320 altare
747 5263 847 5318 detulit

55 5357 154 5403 ariam
183 5345 371 5403 coutinentem
388 5340 525 5414 quoddam
550 5339 689 5394 occultum
708 5343 847 5408 pareatum

58 5416 148 5475 Kurcli
163 5416 206 5473 Ha
249 5415 351 5485 irepis,
370 5413 443 5489 quod
465 5413 523 5483 ipe
538 5409 607 5465 nulli
627 5424 747 5481 umquam
766 5421 848 5462 ausus

55 5489 140 5547 iuerat
152 5506 205 5547 con
231 5487 281 5544 teri
303 5484 508 5554 Quoconlesso,
522 5477 848 5551 saiictusiiqidiusahhas

55 5561 184 5634 migravit
199 5560 235 5616 ad
248 5559 421 5616 Dominum·
438 5558 469 5613 ln
483 5552 632 5626 prophetis,
646 5553 735 5616 Anna,
749 5557 776 5605 et
787 5547 849 5603 Pri-

54 5647 106 5698 tco,
121 5641 191 5690 satis
204 5648 292 5705 purus
305 5638 356 5686 est.
373 5630 461 5684 l'um:
493 5624 592 5698 «Apud
608 5623 755 5681 Caesaream
772 5619 849 5691 Cap-

54 5705 182 5777 padociae,
198 5702 289 5762 sancti
312 5699 430 5770 Lonpini
455 5698 552 5756 militis
565 5705 591 5752 et
607 5693 849 5774 martyricQuem

54 5776 164 5835 mussi
193 5777 277 5833 illum
302 5789 361 5831 esse
374 5771 423 5846 qui
448 5771 543 5839 lancea
561 5770 632 5825 latus
646 5768 758 5824 Domini
778 5779 849 5837 pen-

199 5876 323 5935 Piraoi..
343 5872 469 5933 CXXlV.

902 4619 1031 4676 Aledium
1045 4618 1128 4672 ahhas
1143 4616 1207 4681 init,
1221 4614 1314 4686 ibique
1336 4615 1511 4671 laudabiliter
1526 4634 1624 4675 vivens
1639 4628 1695 4676 tam

901 4694 957 4748 Deo
969 4705 1049 4763 quam
1066 4685 1237 4752 hominibus,
1253 4686 1359 4757 qrievit
1378 4704 1405 4742 m
1423 4703 1496 4759 pace.
1513 4715 1522 4737 s

936 4764 1112 4819 haesurum:
1131 4759 1181 4813 ilii
1192 4759 1330 4813 territorio
1344 4759 1508 4831 lienosensi,
1520 4763 1619 4820 natalis
1636 4781 1696 4821 san·

900 4835 937 4893 cti
952 4833 1067 4905 AEgidii.
1085 4857 1094 4879 ι
1113 4832 1152 4887 De
1172 4830 1224 4887 hoc
1239 4830 1285 4884 alii
1303 4831 1438 4901 pluribus.

935 4906 1112 4962 Bizuuricau.
1132 4911 1192 4975 post
1223 4902 1353 4959 Victoris:
1384 4906 1474 4960 «item
1491 4907 1694 4978 Aiigustoduni,

900 4979 1025 5049 exceptio
1040 4976 1163 5048 corporis
1177 4974 1264 5028 sancti
1281 4973 1385 5042 lazari,
1402 4993 1481 5049 quem
1505 4979 1639 5031 Dominus
1653 4978 1694 5031 le·

900 5066 947 5105 sus
961 5049 1104 5104 suscitavit
1119 5063 1134 5100 a
1148 5044 1272 5100 mortuis.
1288 5069 1297 5091 .

936 5121 1058 5177 Rauass.
1075 5119 1121 5172 SS.
1138 5116 1275 5171 Timothei
1289 5123 1315 5171 et
1331 5117 1442 5186 Apoll:
1467 5117 1592 5181 ‹Femis
1606 5116 1696 5186 depo-

901 5192 965 5248 sitio
997 5189 1050 5244 iiii.
1077 5186 1276 5251 confessorum,
1304 5187 1458 5258 pariterque
1477 5185 1598 5256 ejusdem
1619 5187 1695 5242 urbis

901 5261 1074 5335 pontificum,
1090 5259 1173 5319 sixti.
1188 5256 1297 5323 Sinicii,
1312 5265 1393 5329 atque
1407 5257 1531 5312 Nivardi.
1548 5283 1557 5306 s

936 5331 1030 5388 Editio
1056 5329 1255 5391 LcuacoCoc..
1272 5327 1301 5382 in
1318 5344 1405 5399 prima
1432 5343 1508 5398 pura,
1532 5327 1561 5382 in
1576 5330 1697 5387 secunda

902 5401 1039 5483 interjecit
1047 5400 1110 5469 filiis
1121 5399 1264 5455 Phanuelis
1289 5398 1357 5453 Tum
1372 5417 1397 5453 ιι
1410 5399 1439 5452 ln
1452 5399 1697 5468 Provincia,sancli

902 5473 993 5546 Epidii
1017 5470 1133 5536 abbatis,
1164 5485 1323 5542 magnarum
1354 5468 1486 5524 virtutum
1507 5469 1571 5526 viri.
1594 5472 1644 5529 Hic
1663 5474 1698 5531 de

903 5545 1020 5603 Athenis
1032 5560 1066 5599 ex
1087 5541 1160 5612 regia
1172 5549 1199 5596 et
1213 5539 1450 5596 Christianismum
1464 5541 1548 5614 stiipe
1566 5546 1699 5617 progeni·

903 5626 957 5687 tiis,
989 5633 1021 5673 ac
1051 5614 1135 5670 sacris
1168 5611 1267 5668 litteris
1293 5611 1462 5668 sufficienter
1481 5613 1604 5685 edoctus,
1639 5625 1700 5690 post

904 5699 1021 5747 mortem
1046 5687 1190 5742 amborum
1217 5693 1371 5754 parentum,
1402 5687 1599 5757 patrimonium
1619 5703 1700 5745 suum

905 5755 1220 5836 pauperibuserogarit,
1234 5764 1261 5812 et
1277 5754 1335 5826 ipse
1348 5756 1474 5815 humanae
1490 5757 1578 5816 laudis
1592 5759 1701 5830 fugiens

1537 5865 1578 5922 hit
