3840 6136
13 3066 16 3071 Ι
61 2998 211 3070 proterunt
224 2999 274 3056 slii
289 3019 297 3069 ;
311 3007 338 3058 at
358 3001 392 3058 de
406 3001 596 3073 persecutione
609 3000 771 3058 Wanuatica
790 3017 862 3057 nus-

81 213 128 284 etl
606 220 925 287 neerinbtocrtln.
944 260 980 273 -
999 224 1104 289 MENS.
1126 225 1205 290 OCT.
1677 236 1731 296 tice

81 350 151 408 torio
165 344 347 418 bituricensi,
363 349 453 406 sancti
467 349 607 408 Ambrosii
620 352 784 410 confessuris
799 353 958 428 [Bouillort.
972 356 1096 415 :·sancti
1111 356 1252 414 Ambrosii
1262 353 1436 415 caturcensis
1446 354 1566 434 episcopi
1578 377 1586 430 ;
1604 367 1628 417 el
1642 363 1729 432 uellit,

78 442 230 498 mercatore
243 437 350 495 cursivo
366 455 375 495 :
394 438 560 496 Muuaeterio
573 441 675 511 Deire,
690 443 778 501 sancti
794 443 935 502 Bercharii
954 448 1085 520 martyris
1099 454 1182 520 atque
1196 446 1329 521 abbatis]

842 588 960 647 NOTAE.

109 683 192 743 Solus
207 683 281 740 inter
295 679 405 740 codices
418 697 513 748 omnes
527 689 573 739 aut
590 701 684 757 purus,
700 694 748 744 aut
767 703 837 760 puro
847 690 993 760 proximus
1007 699 1048 748 est
1062 691 1198 750 Mobeni.

131 829 186 885 Pro
203 829 233 883 iri
245 843 315 899 popu
330 825 492 882 bituricensi
503 827 594 883 scribit
610 829 739 884 Sollerius
752 832 781 886 iit
796 833 873 887 terri·
887 836 914 896 Α
930 841 978 889 eut
990 851 1076 906 purus
1085 842 1133 917 cul
1139 853 1210 909 puro
1219 839 1362 910 prosimus
1374 845 1420 898 est.
1441 839 1508 912 Qus
1527 862 1609 904 causa
1632 853 1725 906 nmen

10 926 15 943 ·
74 900 140 956 turio
152 898 326 956 iliter-irenei.
342 896 403 964 Quu
426 899 619 956 auotoieiAn
640 901 704 973 quia
728 901 811 958 litura
829 903 875 960 iiic
930 921 986 962 noii
1001 908 1113 965 videtui
1122 918 1207 980 Jueta,
1224 910 1278 967 nisi
1292 913 1358 986 quia
1372 913 1538 983 dissimulat,
1552 918 1627 991 quod
1641 920 1727 991 probe

72 980 111 1029 est
133 969 310 1028 iu·Pratensi
334 967 455 1051 codiee?
478 968 531 1050 Sed
547 979 672 1052 sanctum
697 973 875 1055 Ambrosium
930 980 1141 1047 noverat,illnd
1156 980 1377 1040 additamentum
1400 1002 1457 1042 esse
1481 990 1641 1046 recentioris
1660 1007 1725 1048 ma-

74 1043 266 1125 Ceturuensem
295 1047 398 1123 pariter
427 1056 455 1095 in
485 1042 568 1097 litura
593 1052 712 1114 positum
740 1045 873 1103 admittit.
929 1065 991 1106 nus.
1008 1051 1254 1109 Derveneiscudex
1271 1055 1450 1113 Ambrosium
1464 1057 1727 1120 Caturcensemnun

72 1113 176 1172 Deinde
190 1113 291 1188 frigide
306 1119 363 1168 att:
387 1112 471 1194 llobcl
490 1116 875 1199 pretereuProteasisnuddi-
928 1121 1097 1193 episcopum,
1130 1122 1177 1178 sed
1210 1125 1395 1184 confessorem
1429 1137 1520 1199 vocat,
1552 1132 1684 1207 additque
1718 1153 1725 1192 :

73 1192 232 1243 umentem:
250 1190 414 1240 monaterio
431 1184 627 1252 Deruu,soucli
642 1187 874 1245 Burobuiiaubbo·
929 1193 1035 1247 iteruin
1059 1193 1194 1250 limitorio
1222 1197 1349 1267 Tullsusi',
1380 1201 1465 1255 suncti
1487 1202 1565 1274 Etim·
1584 1206 1724 1275 martyris.

72 1258 103 1318 tit
115 1263 142 1314 et
153 1256 297 1330 martyris.
317 1255 410 1329 Atque
423 1272 480 1311 eom
494 1256 526 1311 ob
543 1273 652 1314 rourum
665 1260 737 1315 solus
751 1260 874 1317 Mutunus
927 1263 1096 1322 Boniuiiiir.

688 1384 890 1444 lamonites
908 1387 1114 1448 LECTIONES.

104 1485 210 1544 Melan.
231 1485 315 1544 bibet
335 1485 484 1557 Saluium,
508 1502 559 1544 uos
587 1500 652 1544 cuin
681 1487 796 1561 reliquis
818 1489 875 1547 iere
927 1490 1143 1562 primamutilus
1157 1501 1208 1562 est,
1237 1501 1264 1551 et
1286 1494 1317 1552 iu
1334 1495 1390 1552 iius
1408 1493 1505 1568 adjicit
1521 1513 1528 1554 :
1545 1497 1621 1554 lolro
1636 1515 1728 1558 ιιιοιιι·

70 1558 205 1641 omnibus
227 1558 365 1615 Sotiriusi.
389 1557 545 1685 [regendum
574 1566 645 1615 esset
668 1559 818 1641 Suliiriorti,
842 1570 873 1617 nt
927 1563 1016 1642 sterio,
1032 1564 1132 1619 notulis
1145 1566 1231 1620 saneti
1246 1567 1335 1622 Prisci
1353 1569 1493 1639 iiiorlyrie.
1510 1569 1724 1644 Autome-biij.

71 1628 149 1684 mira
167 1629 269 1687 dicam
292 1631 391 1687 Rursus
414 1646 423 1684 i
444 1645 487 1684 em
512 1645 574 1686 cum
600 1630 725 1686 Grevenc
745 1631 820 1702 legit,
844 1632 872 1687 iu
928 1634 1193 1705 incipit:Dedieutlo
1208 1637 1512 1695 busilicaebeotiurcliuu
1530 1641 1564 1695 eli
1577 1642 1726 1711 llicbuelis,

71 1699 186 1755 erilium
199 1701 361 1782 releputibris,
375 1700 476 1782 reliqui
491 1708 522 1757 ut
537 1701 661 1758 iutextn.
677 1703 801 1775 Denique
812 1720 871 1774 pro,
926 1705 955 1758 iri
968 1712 1054 1761 monte
1071 1708 1181 1776 Tumbo,
1198 1709 1339 1765 ubimulta
1354 1657 1574 1792 mirabiliolgeus
1588 1714 1725 1794 uscudin

63 1774 872 1924 leftbtbt’llltblttltlllct.bimi
925 1775 1726 1919 lllllllllctlllilttltlltllltlittttt:

65 1919 182 1969 tiatrone
195 1914 345 1981 Ambrosii,
367 1914 397 1970 iu
410 1931 464 1997 qua
475 1915 597 1985 Pratum,
612 1917 828 1997 Antuerp.·biaj.
845 1925 872 1975 et
924 1935 992 1986 cum,
1013 1918 1051 1974 ita
1066 1929 1096 1974 ut
1110 1921 1236 1991 exceptio
1250 1922 1287 1977 sit
1302 1922 1481 1994 reliquiarum
1505 1923 1627 1996 ejusdem
1647 1926 1726 1983 basi-

65 1982 163 2041 cuivs
183 1984 214 2041 d.
229 2000 246 2041 a
260 1985 377 2059 reliquis
393 1986 563 2056 discordant,
579 1987 704 2045 dicemus
720 2004 749 2043 iu
764 1987 871 2044 Obser—
925 1989 996 2058 licre,
1012 1989 1047 2045 de
1061 1989 1141 2060 cujus
1156 1990 1330 2048 dedicatione
1344 1993 1446 2064 agitur.
1462 1995 1608 2067 Rosweyd.
1621 1997 1725 2054 infime:

65 2054 170 2112 rationi
191 2072 235 2113 us.
254 2056 342 2113 Habet
356 2067 486 2129 preterea
500 2059 609 2115 Praten.
625 2059 869 2117 additamentum:
925 2062 957 2115 lu
985 2062 1158 2126 Alemannis,
1183 2063 1268 2117 suncti
1291 2063 1365 2119 Galli
1387 2064 1490 2119 obbatis
1512 2072 1535 2119 el
1555 2066 1725 2139 compareris,

65 2125 228 2184 emouere
250 2129 338 2184 obruo
363 2129 447 2199 (forte
471 2129 588 2186 hebetur
602 2130 691 2185 Derrio
705 2131 749 2186 vel
770 2132 868 2203 Dorou)
926 2132 1051 2198 domnice,
1067 2132 1152 2204 Eliffii
1174 2133 1313 2204 martyris.
1330 2133 1531 2204 Pulsanen.,in
1563 2138 1726 2198 rimamuti·

65 2198 148 2253 macti
160 2199 303 2281 Bercbcrii
325 2201 455 2271 martyris
473 2208 497 2256 et
517 2202 629 2257 obbatis.
651 2203 777 2258 bluituns
791 2202 814 2258 is
828 2210 870 2258 est
924 2203 977 2270 liis,
995 2202 1024 2257 in
1039 2202 1158 2283 secunda
1174 2220 1272 2275 purus,
1291 2203 1386 2261 subdit
1402 2224 1408 2261 :
1424 2208 1490 2262 llum
1554 2209 1633 2265 iectio
1648 2211 1726 2268 busi-

66 2284 132 2325 nvi
159 2268 284 2338 biartn3
312 2269 434 2344 adeoque
464 2273 573 2339 melius,
602 2273 667 2329 iicet
696 2287 752 2328 iiun
782 2273 869 2345 magis
924 2275 980 2328 licie
1002 2279 1086 2328 suncti
1111 2275 1248 2330 Michaelis
1270 2275 1423 2347 urcbonqeli
1444 2277 1473 2331 iit
1493 2280 1724 2348 meritamente

65 2338 217 2398 llsuardine
290 2342 332 2398 uit
357 2343 523 2401 Hariolum:
551 2345 613 2415 lpso
642 2345 694 2412 die,
723 2345 901 2406 translatioB
920 2345 1076 2414 ubidicitur
1095 2345 1204 2401 Tumbo.
1221 2346 1284 2403 Haec
1298 2346 1334 2402 ad
1347 2347 1486 2420 specimen
1501 2350 1650 2422 sufficiant,
1665 2369 1725 2411 cae·

64 2412 147 2468 romb
168 2357 309 2470 linxit
329 2413 431 2471 ablotis
453 2422 478 2470 et
501 2416 638 2487 martyris.
659 2416 809 2472 Turnauen.
835 2417 864 2471 in
922 2423 978 2471 tera
991 2416 1021 2471 iu
1034 2416 1175 2472 Auctariis
1189 2415 1334 2475 dabimus.

734 2541 1037 2601 observationes,

95 2637 173 2698 lutor
201 2638 433 2716 iiieruuymiauae
454 2639 562 2700 tabuIm
581 2658 613 2700 ea
634 2641 716 2699 bodie
741 2641 862 2698 occurrit
918 2646 1053 2712 acceptos.
1078 2640 1293 2700 Wandaibertus
1307 2658 1508 2716 anonymorum
1521 2661 1668 2705 numerum
1684 2648 1724 2708 ita

61 2710 218 2770 didmntis
232 2714 306 2788 quod
316 2715 377 2771 aliae
390 2715 531 2773 scribant:
547 2714 622 2771 Elin
635 2714 741 2784 Africo,
760 2715 861 2780 Gur-rie,
918 2712 1059 2794 exprimit,
1070 2722 1172 2795 utque
1186 2720 1305 2786 gentem,
1322 2716 1414 2773 locum
1426 2722 1456 2772 et
1467 2724 1719 2791 tempuispeotaut,
1754 2752 1760 2760 ·

62 2784 103 2840 rel
128 2783 219 2840 Geor-ie
240 2786 402 2842 altiliorum
441 2787 526 2842 order
539 2786 630 2858 passio
654 2787 698 2842 vel
720 2802 863 2858 passurum
918 2783 1029 2857 penitus
1042 2783 1165 2842 indecisa
1181 2785 1329 2859 relinquat.

62 2870 147 2912 cccxx
159 2856 244 2922 uliae
258 2873 343 2915 vero:
360 2859 394 2914 In
433 2859 483 2926 sio,
501 2858 619 2914 Circuit
630 2859 748 2914 oliorum
761 2874 860 2914 cccxx.

61 2926 131 2984 Huic
158 2936 307 3001 pomam
332 2929 444 2986 lectioni
479 2930 583 2986 insisti,
611 2929 749 2998 Rabanus'
779 2930 860 2985 aliam
967 2899 1011 2949 eti
1024 2912 1127 2950 centum
1145 2909 1170 2950 et
1186 2899 1272 2951 decies
1289 2910 1388 2965 septem
1402 2913 1561 2953 memorator
1578 2901 1686 2969 iniquus

965 2962 1036 3023 Quos
1052 2965 1123 3013 furor
1135 2963 1168 3013 ob
1179 2963 1308 3013 Cbriatnni
1321 2965 1401 3014 simili
1415 2969 1536 3016 inactavii
1549 2967 1656 3019 bonore.

60 3085 141 3142 quain
156 3071 203 3127 rel
218 3070 356 3141 verbum
378 3080 409 3128 ut
428 3073 526 3128 merito
544 3080 652 3129 censeat
676 3072 862 3128 Florentinius
953 3073 1046 3146 Neque
1060 3088 1109 3144 ego
1122 3071 1237 3130 iubisce
1247 3072 1402 3146 quidquam
1418 3073 1603 3132 determinare
1616 3071 1719 3146 ausim,

62 3156 215 3214 anonymus
226 3142 291 3199 illos
305 3152 413 3200 nostros
427 3160 526 3213 cccxx,
541 3153 572 3200 ut
583 3153 613 3200 ut
623 3143 768 3200 Africanos
777 3144 862 3200 fuisse
917 3143 1006 3200 donec
1021 3144 1184 3200 accuratiori
1200 3145 1329 3200 examine
1348 3144 1458 3216 singula
1468 3145 1623 3217 expendere
1637 3147 1721 3204 licue-

62 3211 250 3283 admittamus‚
274 3215 372 3271 saltem
393 3223 516 3287 tempore
531 3215 622 3272 dividi
643 3212 677 3271 ab
701 3215 757 3271 illis
771 3216 819 3287 qui
833 3215 861 3270 iii
919 3216 972 3283 rit;
988 3216 1055 3271 satis
1072 3214 1118 3271 hic
1142 3223 1183 3270 est
1204 3214 1328 3271 diversas
1351 3215 1496 3287 opiniones
1521 3218 1718 3289 proposuisse:

63 3283 193 3341 intercute
206 3286 375 3342 nominatim
392 3287 597 3358 exprimuntur,
612 3302 784 3367 quorumque
799 3287 861 3343 illu·
918 3302 1005 3341 unum
1026 3285 1116 3341 obiter
1135 3302 1244 3353 moneo,
1273 3287 1368 3342 luxata
1385 3301 1443 3341 esse
1466 3287 1496 3342 in
1513 3288 1719 3361 Martyruluqiis

57 3355 124 3410 stria
137 3357 292 3414 cenimina
314 3356 445 3414 describit
465 3357 563 3415 Victor
582 3357 704 3415 Vitcnsis
726 3359 774 3415 lib.
796 3375 815 3428 i,
832 3359 861 3414 in
919 3355 1020 3412 nostris
1034 3354 1152 3411 duorum
1169 3365 1322 3427 martyrum
1339 3357 1460 3425 numina,
1480 3373 1543 3413 uam
1568 3375 1617 3431 pru
1636 3361 1718 3418 bior-

59 3425 181 3485 editiune
203 3426 380 3486 chiffletiana
398 3444 487 3502 apag.
504 3429 547 3498 to,
563 3428 610 3484 ubi
627 3445 677 3486 nec
691 3430 795 3501 apicem
813 3431 862 3485 iii-
919 3428 987 3481 lieni
1001 3435 1027 3482 et
1040 3427 1172 3482 Sutiricui
1185 3428 1229 3483 vel
1245 3427 1384 3496 satyriani
1403 3444 1437 3482 ex
1453 3427 1567 3485 Victore
1581 3446 1645 3487 cum
1660 3431 1718 3488 Ba-

57 3497 156 3556 u'enias
173 3499 223 3574 qui
237 3499 273 3557 ad
287 3517 376 3557 coiux
395 3501 489 3557 reduci
509 3510 600 3574 quem,
616 3501 670 3556 uisi
683 3517 719 3558 eii
735 3501 861 3557 indeter-
917 3497 997 3553 rouio
1016 3496 1161 3569 legendum
1176 3506 1217 3554 est
1231 3498 1392 3555 Mortiuiom'
1406 3505 1433 3555 et
1448 3500 1597 3557 Saturium.
1612 3500 1717 3559 Conve-

55 3568 333 3645 minstomirtyrom
349 3571 494 3629 hincinde
525 3589 648 3629 assurum
663 3588 789 3639 numero,
805 3588 861 3628 cer·
918 3570 999 3624 ninnt
1020 3568 1128 3625 codices
1153 3568 1182 3624 in
1205 3569 1337 3641 signanda
1353 3570 1490 3626 Ambrosii
1512 3588 1717 3630 commemora-

51 3645 118 3696 tuni
128 3641 253 3716 aliquem
269 3659 320 3716 pro
335 3644 450 3701 arbitrio
464 3590 587 3716 cotiique.
607 3643 698 3701 Aliter
711 3643 861 3699 nihilumi-
917 3640 1002 3709 tione,
1020 3641 1050 3695 iii
1075 3639 1158 3697 modo
1180 3657 1292 3713 prorsus
1318 3641 1495 3722 dissentiunt.
1526 3643 1636 3700 Prateu.
1652 3661 1717 3702 cum

44 3723 111 3767 lius
136 3712 263 3795 loquitur
285 3715 439 3773 Romanum
464 3732 589 3788 parvum,
616 3732 690 3772 anun
713 3733 771 3772 mos
798 3715 862 3772 illus
917 3712 985 3780 suis,
1000 3728 1100 3785 nempe
1112 3711 1336 3785 Antuerp.-bia1.
1354 3720 1382 3769 et
1396 3714 1645 3797 Rosweyd.,·legit
1660 3734 1667 3772 z
1684 3717 1718 3773 lit

37 3794 122 3837 cum
149 3784 224 3852 aliis,
251 3787 397 3856 ldurtiuiiu,
423 3788 570 3856 Subriuuo,
595 3797 660 3856 eto,
702 3786 861 3844 isertissime
914 3801 984 3856 popo
994 3783 1166 3852 bituricensi,
1178 3783 1263 3840 coacti
1272 3784 1583 3842 AmbrosiiGotnrceitsis
1592 3788 1677 3859 epiaou
1700 3789 1716 3845 ’.

10 5942 33 6104 l

38 3851 243 3927 coniungam,
256 3855 298 3914 his
311 3858 421 3915 verbis:
440 3861 596 3916 Sanctorum
610 3867 760 3930 martyrum
779 3863 861 3915 biur-
918 3855 1023 3923 Quibus
1046 3856 1102 3911 fere
1126 3855 1231 3912 aceedit
1244 3856 1378 3912 btunerat.
1408 3873 1455 3913 er:
1469 3858 1503 3913 iu
1519 3858 1653 3916 territerio
1688 3859 1718 3915 i·

44 3923 130 3979 tiusi
144 3931 171 3980 et
186 3926 329 3999 mimae,
356 3947 416 3986 cum
433 3931 535 3986 duobus
557 3931 690 4002 frutribus
713 3948 813 3999 eurum,
838 3937 862 3986 et
876 3923 898 3984 G
913 3926 1047 3996 lammeri,
1070 3928 1156 3982 sonuli
1180 3927 1317 3983 Ambrosii
1339 3873 1507 3998 confessuris,
1528 3930 1642 4003 episcopi
1667 3930 1717 3988 Co·

42 3997 178 4052 oliorum
192 4015 280 4057 cccxx
292 4002 399 4073 puriter
415 4009 614 4070 coronatorum,
633 4002 789 4057 Woudulicc
802 4019 862 4073 per·
917 3998 1053 4079 turcensis.
1070 3998 1262 4066 Ceutronum,
1279 3998 1433 4069 Herinieu,
1444 4000 1608 4070 Turnacum,
1624 4002 1716 4060 Pulsa·

43 4070 199 4127 *metm
214 4071 266 4128 Ast
282 4080 357 4129 certe
370 4090 404 4129 ex
428 4073 539 4130 Victore
554 4072 613 4131 haec
628 4089 723 4129 eruere
737 4088 793 4128 uon
808 4089 862 4145 pu·
916 4086 979 4126 nen.
990 4070 1091 4137 Belin,
1103 4070 1221 4126 Greven.
1233 4070 1440 4139 etblulan.,sim
1461 4070 1718 4132 licitereitribuunt

43 4138 110 4197 tuti
128 4139 214 4214 hujus
232 4143 385 4217 Martyrolu
405 4145 422 4200 ii
446 4152 553 4214 auctor,
578 4161 629 4202 nec
651 4144 736 4201 alium
757 4144 862 4201 fontem
915 4141 1028 4197 titulum
1044 4139 1405 4213 confessurisitalegentes:
1446 4144 1618 4199 nterrimio
1632 4145 1718 4198 Bitu-

42 4206 137 4267 Iaeile
157 4213 354 4287 assignaveris,
382 4161 486 4273 flur-sus
509 4216 621 4272 videtur
650 4216 696 4273 hic
722 4215 781 4272 dies
831 4232 862 4272 ro
915 4211 1022 4278 ricerii,
1039 4210 1455 4293 sunctiAiubroei'ieunlessoris.
1470 4213 1605 4284 Equidem
1629 4214 1717 4270 fateor

38 4288 131 4338 litero
145 4283 265 4341 arbitrio
279 4285 377 4343 abillo
393 4287 523 4343 delectus.
539 4287 674 4344 Ceterum
688 4289 716 4344 in
732 4233 861 4344 omnibus
916 4297 1008 4338 veram
1024 4289 1107 4336 ettam
1124 4298 1183 4337 csse
1200 4297 1319 4353 priorem
1345 4282 1504 4347 lechonem,
1519 4283 1567 4338 sed
1589 4283 1703 4339 alteram

49 4366 121 4409 euni
185 4355 265 4413 uitur
281 4357 353 4426 Ado,
369 4358 506 4440 principio
521 4358 631 4431 quidem
647 4376 736 4416 cciiii
750 4375 861 4430 unony-
916 4369 976 4426 quae
992 4362 1085 4434 nostra
1100 4360 1218 4432 caluere
1238 4352 1419 4408 Usuaidinam
1444 4351 1584 4432 eristimu.
1601 4352 1667 4433 Quae
1681 4326 1718 4433 ad

50 4435 118 4480 mue
135 4370 288 4498 micum,
304 4429 351 4486 sed
370 4436 408 4485 ita
422 4446 485 4487 cnm
509 4430 687 4503 sequentibus
709 4430 860 4500 copulatus,
915 4425 1052 4480 Ambrosii
1066 4423 1150 4494 huius
1164 4424 1258 4479 Vitam
1274 4430 1388 4504 elugeeta
1402 4428 1549 4496 pertinent,
1568 4438 1624 4503 μοι
1644 4423 1716 4504 indi-

48 4503 89 4552 ut
106 4496 143 4553 ad
165 4499 291 4556 eamdem
311 4501 528 4572 persecutionem
554 4517 650 4558 omnes
673 4500 781 4567 referat,
798 4516 861 4556 cuin
918 4496 1034 4567 ligentur
1046 4501 1184 4575 scrutatus
1198 4501 1239 4549 est
1254 4494 1420 4550 Guilielmus
1435 4492 1597 4574 dolaCroix
1612 4493 1717 4563 iuiipi·

49 4561 173 4624 interim
196 4570 315 4642 longiori
338 4588 388 4628 sue
411 4572 567 4628 narratione
590 4589 621 4629 ea
635 4589 670 4627 er
686 4570 798 4627 Victore
813 4588 862 4627 so-
917 4566 1007 4636 ecopis
1018 4564 1247 4630 Cadurtessffibusi
1262 4580 1278 4620 ὃ
1292 4579 1352 4635 pat·
1368 4564 1515 4620 erumnis
1528 4579 1579 4619 ⁸¹¹0
1593 4570 1716 4635 tempora

48 4632 204 4697 lummudo
229 4651 420 4716 prosequatur,
444 4661 504 4717 quie
528 4645 563 4701 ad
585 4645 761 4711 Martiarum,
787 4644 863 4712 Sotp·
917 4635 1079 4707 diligentins
1093 4634 1318 4692 illustrabuntur.
1334 4637 1374 4691 De
1392 4635 1469 4691 Gallo
1483 4634 1580 4690 abbate
1608 4635 1717 4708 egimus

50 4709 170 4766 ν’ωιιι
194 4728 254 4767 oum
270 4713 371 4769 duobus
393 4714 536 4785 frutribus,
564 4722 588 4770 el
615 4715 743 4786 epreqicm
763 4713 863 4769 Christi
917 4723 980 4764 cum
995 4706 1119 4763 Usuardo
1137 4724 1175 4763 xii
1190 4706 1343 4774 Februarii,
1370 4705 1418 4763 ubi
1439 4706 1599 4763 notavimus
1622 4722 1718 4766 etima

46 4780 200 4852 anditum,
222 4785 373 4842 Aloeimom
396 4788 535 4858 cirpimm,
557 4787 671 4843 seorsim
698 4794 725 4841 et
753 4786 862 4858 proprie
917 4778 1038 4834 Nolkeru
1063 4778 1180 4851 aliisque
1202 4779 1302 4835 melius
1328 4777 1501 4859 referrinboc
1517 4778 1574 4847 die,
1590 4786 1621 4835 ut
1648 4779 1718 4837 iacit

44 4853 190 4911 {ttineuc
203 4855 310 4913 Adonis
324 4859 489 4914 sententiam
501 4873 576 4913 more
585 4875 635 4914 suu
647 4858 784 4929 complexi
798 4863 863 4914 sunt
916 4850 1000 4907 etiam
1012 4847 1104 4930 codex,
1115 4850 1273 4924 Rosweyffi,
1290 4865 1354 4931 cuc}
1369 4849 1494 4931 plssftbsst
1508 4850 1570 4906 eliis
1584 4850 1716 4908 auctiori·

45 4914 200 4982 (isuardus
214 4935 242 4983 et
262 4927 408 4996 liutherus,
426 4929 507 4985 ambo
529 4928 659 5001 elogium,
684 4928 731 4984 sed
748 4945 797 5001 pru
812 4945 862 4986 sno
916 4922 968 4978 bus
989 4921 1162 4989 Usuaidinis,
1184 4922 1213 4977 iii
1233 4921 1375 5003 Auctariis
1401 4921 1531 4991 citandis,
1559 4923 1659 4995 quibus
1687 4930 1716 4980 et

46 4996 178 5070 quisque
192 4997 315 5071 iugenio,
332 5001 542 5068 contrahentes;
558 5008 639 5073 atque
654 4999 719 5056 inde
730 5000 863 5056 inomues
916 4992 1131 5051 wandalbertus
1147 4992 1253 5052 accedlt
1271 5011 1277 5049 ἒ

42 5066 229 5148 mutieres
249 5069 449 5144 Martyrulogus
469 5071 632 5127 dimanavit.
649 5071 730 5127 Putat
744 5072 862 5127 Floren-

42 5136 149 5195 tinius
167 5138 299 5197 Belinum
322 5143 422 5199 classes
446 5144 560 5199 omnino
582 5142 707 5198 dividere
730 5142 860 5213 voluisse,

40 5200 123 5264 dum
138 5219 201 5282 post
215 5227 370 5286 anonymus
383 5215 465 5270 aliem
480 5213 718 5271 annuntiationem
734 5221 765 5268 ut
779 5230 862 5286 sepa·
1613 5276 1619 5292 ,

47 5285 152 5338 raum
166 5297 285 5340 eremus
301 5292 342 5342 est
359 5304 365 5342 :
381 5287 447 5342 ltem
467 5293 618 5342 sumturum
640 5285 781 5353 Alortiuni,
806 5283 899 5345 stult
952 5284 1004 5341 Sed
1019 5296 1082 5362 cum
1098 5279 1157 5362 baec
1181 5282 1272 5340 textui
1297 5281 1432 5339 hodierno
1454 5289 1584 5362 extranea
1597 5286 1664 5349 sint,
1680 5278 1715 5340 ad

47 5343 146 5415 Qwi
160 5355 355 5412 easbarunius
372 5358 455 5414 etiam
471 5374 527 5414 nun
537 5357 663 5414 diviserit
678 5373 733 5429 per.
750 5357 860 5426 ibidem,
916 5360 985 5414 Acta
1006 5358 1187 5414 remittimus.
1211 5354 1279 5412 Vita
1301 5361 1390 5411 exstat
1412 5353 1485 5427 apud
1518 5351 1631 5410 Surium
1662 5353 1715 5413 boc

47 5427 126 5492 tte„
148 5425 196 5498 qui
223 5425 410 5485 nibilominus
429 5429 534 5501 priores
557 5429 639 5486 etiem
657 5429 686 5484 iii
700 5429 863 5487 Wandalica
916 5428 971 5486 die.

53 5497 253 5560 mmecutione
274 5514 369 5572 passm
386 5500 514 5569 affirmat,
536 5500 685 5574 etquidem
702 5517 736 5558 ex
750 5501 863 5559 Victore

793 5626 984 5692 ancianis.

100 5719 246 5801 beiram,
256 5720 476 5802 Ammoni,
487 5725 650 5802 Amnis,
660 5730 750 5792 Auen.
762 5729 861 5788 etPui·
952 5721 1335 5799 Anruuur.·biix.,buettc.et
1345 5720 1515 5808 Uerminae.
1528 5721 1601 5783 nihil
1611 5721 1715 5783 liabent

72 5802 123 5854 ⁸¹1.
133 5802 197 5860 sitis
209 5802 316 5862 dictum
328 5811 370 5861 eet
380 5802 859 5878 suprainiectionibusvaiiautibus.
914 5801 1210 5863 renumerabilis
1228 5818 1234 5858 :
1258 5801 1349 5857 «item
1372 5798 1525 5868 Saturnini,
1546 5798 1625 5855 Nerei
1649 5810 1714 5856 cum

980 5112 1092 5176 Septeno
1101 5111 1218 5176 denoque
1236 5111 1410 5163 Nouembrem
1424 5113 1468 5176 qui
1477 5112 1627 5164 venientem

978 5174 1132 5237 Praeeignet,
1148 5174 1239 5226 Gallus
1255 5172 1347 5225 colitur
1358 5176 1504 5229 consessor.
