3834 6136
62 197 118 256 eit

63 345 132 402 xiv
150 344 220 400 Kal.

589 202 908 264 nunnxnononitnd.
929 237 962 250 —
982 208 1087 267 linus.
1106 211 1186 268 DEC.

1662 221 1717 280 sie
1736 177 1739 183 ’

1603 364 1653 421 nu
1672 367 1715 425 is.

98 434 182 508 Apud
197 433 362 505 AEgyptum,
377 434 451 491 beati
463 436 583 493 Nemesii
597 440 737 511 martyris,
753 441 801 513 qui
815 440 849 498 sb
862 444 1000 503 Emiliano
1012 446 1107 519 judice
1127 450 1272 520 geminatis
1291 448 1434 522 suppliciis
1450 453 1634 524 excruciatus,
1652 473 1717 514 cum

61 524 220 584 latronibus
229 522 323 595 jussus
337 530 378 578 est
391 523 513 593 incendi,
527 524 678 583 Salvatoris
692 530 831 600 perferens
846 533 1068 604 similitudinem,
1089 539 1136 610 qui
1155 555 1210 594 uiia
1223 555 1286 595 cum
1302 537 1456 594 latronibus
1471 541 1584 610 pertulit
1597 558 1716 602 crucem.

61 617 184 675 Ciuitate
194 613 291 681 Nicea,
304 613 393 670 sancti
408 615 485 670 Darii
501 617 641 689 martyris.
659 620 727 675 ltem
742 621 933 693 Autisiodoro,
948 623 1036 682 s'aiioti
1051 626 1176 699 Gregorii
1195 629 1326 700 episcopi.

838 746 956 805 NOTAE.

96 837 277 896 Conveniunt
300 834 409 893 codices
429 836 554 917 plurimi,
569 837 690 908 Pruna,
715 843 865 914 nenses,
879 850 906 910 Α
919 845 1113 912 blaa-Labec,
1130 850 1276 917 Menneu,
1297 851 1394 919 Belin,
1425 853 1534 909 &eoem
1563 861 1590 909 et
1612 855 1720 915 'Momm

62 912 224 980 Turnacum,
242 908 475 978 Antaeum-dian,
503 910 653 980 Reswegd,
675 911 817 985 Auium,
839 924 866 972 et
919 918 988 973 ltein
1001 919 1231 991 Antaeum-iliae.
1245 938 1309 978 cum
1326 922 1409 979 sociis
1422 924 1563 981 omnibus.

669 1034 872 1094 vanientes
895 1040 1102 1100 LECTIONES.

94 1134 177 1191 Solus
200 1131 354 1186 Tornacen.
378 1145 394 1185 a
417 1130 526 1185 steteris
551 1131 697 1204 discrepat,
725 1135 791 1191 dum
814 1153 864 1208 pro

919 1156 981 1195 meri
991 1142 1188 1197 transmutavit
1204 1144 1339 1199 Munerat.
1362 1144 1391 1199 iri
1410 1145 1497 1200 Clari.
1514 1146 1604 1203 Belin.
1621 1147 1723 1203 iteruin

60 1203 212 1264 &tenuris
229 1200 367 1282 perferens
380 1201 590 1283 similitudinem,
621 1205 698 1284 legit·
715 1207 864 1285 Saloutaria
916 1227 980 1266 cum
999 1213 1091 1293 citatis
1110 1213 1264 1295 codicibus,
1279 1215 1309 1269 in
1332 1214 1386 1271 line
1404 1223 1513 1296 textus,
1532 1225 1594 1288 post
1608 1218 1724 1298 episcopi

57 1277 158 1404 ssrem'
172 1282 225 1330 etc.
241 1272 322 1328 Belin
337 1315 345 1340 ,
360 1287 423 1327 cum
440 1271 537 1328 mediae
552 1282 624 1330 rictas
639 1275 791 1344 codicibus,
808 1278 862 1333 lia-
916 1282 1073 1353 superaddit
1088 1282 1286 1353 etconsessoris.
1301 1287 1429 1341 [levario
1445 1287 1583 1343 scribendi
1598 1287 1679 1343 modo
1693 1305 1723 1342 in

92 1355 114 1413 t,
129 1347 177 1417 qui
196 1361 256 1399 cum
267 1344 438 1425 latronibus,
458 1344 595 1427 omittens
613 1348 775 1428 particulam
796 1365 860 1405 arsa.
915 1353 1057 1422 Egyptum,
1073 1355 1208 1424 Epiptum,
1230 1357 1427 1425 Autissiodoro,
1444 1357 1721 1429 Antbisioderi,Ng-

59 1414 433 1490 Antuerp.-llay.proDurn
448 1415 514 1486 legit
524 1416 604 1484 Dare,
619 1416 667 1473 sed
683 1434 800 1489 pessime
814 1436 860 1475 uo·
915 1438 971 1489 ceo,
986 1431 1055 1489 etc,
1070 1424 1137 1481 satis
1151 1425 1219 1480 alibi
1234 1425 1340 1482 dictum
1359 1435 1410 1483 est.

737 1544 1037 1604 OBSERVATIONES.

99 1639 335 1710 luvarioeliujus
357 1638 543 1708 mensisdies,
571 1654 669 1722 nempe
683 1642 711 1696 iu
736 1646 1069 1718 vii‚vui,13martyiem
1092 1647 1125 1703 ab
1147 1647 1271 1704 Usuardo
1300 1658 1442 1722 acceptum
1472 1649 1618 1706 dicemus?
1641 1667 1722 1724 quam

60 1729 104 1769 xii
132 1722 159 1768 et
185 1728 233 1766 xiv
246 1710 380 1768 hacteuus
404 1710 569 1766 distributos
585 1712 707 1767 vidimus
730 1722 865 1786 martyres

59 1781 265 1841 Alexandrinos
279 1797 313 1836 ex
329 1780 422 1837 Rufini
435 1781 483 1836 lib.
499 1799 537 1849 vi,
549 1798 581 1838 ca
604 1825 609 1837 .
626 1783 670 1850 si,
688 1800 736 1839 seii
750 1801 865 1857 exsepe

59 1854 173 1911 laudata
186 1852 314 1925 Dionysii
325 1851 509 1907 Alexandrini
526 1854 561 1910 ad
576 1799 692 1909 lesbium
708 1856 865 1911 Antioche-

58 1942 126 1982 nam
141 1924 259 1997 epistola
271 1932 406 1994 acceptos.
425 1925 460 1978 At
476 1923 513 1978 ibi
529 1939 585 1978 non
600 1925 683 1993 sistit,
719 1926 747 1981 ui
759 1927 865 1997 primus

57 2013 105 2054 eos
119 1997 159 2053 ita
172 1995 324 2066 dispertiit,
341 1994 456 2052 Romani
473 1996 552 2065 parvi
576 2005 682 2051 auctor.
700 1940 742 2050 ἓιι
766 1996 862 2052 eodem

58 2069 120 2125 loco
134 2073 262 2138 sumptus
275 2072 316 2121 est
340 2065 490 2120 hodiernus
508 2066 655 2130 Nemesion
674 2067 864 2137 proximadie

58 2147 209 2212 sequentur
234 2137 358 2203 Ammon,
381 2138 472 2191 Zenon
496 2137 604 2201 etalii,
631 2154 662 2193 ac
687 2154 783 2193 rursus
803 2155 864 2195 xxii

58 2220 156 2281 agetur
176 2208 307 2264 memoria
332 2208 492 2277 ischyrionis
510 2213 534 2261 et
556 2208 674 2263 oliorum
697 2226 777 2278 prtum
797 2211 862 2265 luri·

59 2298 173 2348 morum,
187 2280 259 2334 iuter
273 2295 339 2360 quos
352 2296 430 2333 senen
453 2280 622 2335 Clturemon:
638 2279 678 2335 sic
698 2288 727 2334 ut
742 2228 801 2335 soso
811 2280 864 2337 hoc

59 2368 153 2408 mense
165 2350 391 2407 annuntiationes
401 2358 516 2422 septem,
528 2365 563 2404 ex
577 2351 661 2406 citato
678 2350 806 2408 llulinica
827 2352 864 2408 ite

58 2423 211 2495 desumptae
236 2421 430 2488 exhibeantur,
456 2437 573 2493 quarum
599 2422 675 2477 nulla
698 2422 771 2492 apud
795 2369 864 2479 abas

58 2503 138 2551 extra
160 2493 260 2550 seriem
275 2500 398 2548 nostram
422 2494 622 2565 martyrologos
636 2495 743 2565 signata
755 2495 802 2549 sit.
818 2493 864 2549 Sic

58 2566 145 2638 igitur
167 2564 282 2621 hoodie
304 2564 461 2620 Nemesium
490 2564 611 2619 celebrat
627 2565 780 2621 Romanum
797 2582 864 2636 par-

59 2653 126 2693 vum
144 2654 150 2692 :
166 2636 247 2708 Apud
260 2635 417 2706 AEggptum,
433 2635 547 2692 Nemesii
559 2636 688 2707 martyris
702 2636 749 2705 qui
759 2653 808 2706 per
821 2654 862 2692 ca·

60 2708 190 2765 lumniam
203 2707 360 2778 quasilatro
366 2706 454 2774 jodici
466 2706 570 2762 delatus
584 2714 630 2763 est.
647 2707 792 2787 Reliquam
805 2723 863 2778 pas·

59 2780 166 2836 sionem
176 2795 211 2835 ex
220 2776 451 2851 predictoltuliui
462 2779 522 2835 loco
532 2777 677 2849 descripsit
687 2778 861 2834 Viennensis.

58 2850 158 2906 Noster
168 2850 202 2907 de
222 2864 298 2905 more
315 2848 481 2921 compendio
505 2858 595 2916 utens,
611 2857 697 2904 totam
714 2850 863 2906 medullam

58 2921 150 2977 nitide
171 2920 304 2976 extraxit.
327 2920 447 2976 Nemesii
478 2920 565 2975 nostri
598 2928 668 2975 mart
689 2921 762 2975 rium
791 2929 864 2977 recte

58 2991 195 3065 expendit
208 2990 359 3047 liutherius
373 2991 538 3046 inversione
554 3007 603 3046 sua
616 2936 688 3046 Gaii

920 1716 1136 1788 lliercnyuiiana
1151 1736 1207 1775 nou
1224 1721 1290 1775 satis
1303 1721 1376 1777 clare
1390 1721 1562 1802 exprimunt,
1578 1722 1724 1780 obscurius

919 1788 1002 1843 etiam
1026 1790 1121 1844 Nicon
1140 1790 1319 1862 consignant;
1338 1792 1395 1845 imo
1414 1809 1454 1846 sic
1467 1792 1592 1860 Darium,
1615 1793 1659 1848 vel
1671 1795 1724 1849 llu-

919 1859 990 1912 riam
1007 1859 1172 1929 Carauantio
1181 1861 1364 1932 conjungunt,
1377 1869 1407 1916 ut
1417 1862 1463 1918 liic
1471 1863 1556 1933 repeti
1566 1862 1724 1933 videantur,

938 1929 966 1982 ui
982 1930 1016 1985 ab
1032 1931 1155 1987 Usuardo
1171 1949 1179 1986 i
1194 1932 1353 1987 Decembris
1366 1932 1497 1988 celebrati
1508 1941 1583 1988 sunt.
1599 1933 1680 1990 Dices
1690 1950 1726 1989 ex

956 1999 1117 2055 aedelberto
1128 2001 1235 2057 desumi
1247 2003 1368 2126 potuisse
1380 2021 1386 2057 :
1399 2019 1454 2057 uoii
1467 2005 1504 2057 ita
1514 2011 1628 2058 autumo
1640 2022 1647 2070 ;
1661 2021 1725 2059 uam

918 2085 967 2125 cur
983 2070 1209 2126 sociosZozimus
1220 2089 1249 2127 re
1263 2073 1290 2127 iii
1314 2073 1448 2128 uereturi
1463 2072 1617 2141 (lumime,
1632 2074 1676 2129 vel
1691 2089 1726 2130 ex

919 2140 971 2196 hoc
987 2142 1046 2197 loco
1059 2142 1151 2198 evinci
1174 2151 1264 2213 posset
1319 2143 1472 2198 anilalberti
1496 2144 1724 2216 Martyrclogium

919 2228 1059 2336 uunquam
1084 2213 1207 2269 Usuardo
1227 2215 1316 2268 visum
1329 2215 1424 2281 luisse,
1448 2215 1680 2284 quemadmodum
1696 2215 1725 2270 in

919 2285 1080 2351 priuatione
1104 2284 1156 2338 snb
1181 2284 1263 2338 linem
1296 2285 1377 2355 primi
1407 2285 1505 2355 capitis
1528 2285 1724 2341 iudicavimus.

918 2352 1090 2408 Crediderim
1118 2370 1167 2425 ego
1194 2355 1304 2428 utrique
1333 2355 1582 2426 Hieronymianum
1612 2355 1726 2426 aliquod

918 2425 1089 2495 praeluxisse,
1105 2425 1196 2479 simile
1215 2426 1340 2492 bucensi,
1365 2427 1393 2480 iii
1408 2442 1474 2496 quo,
1491 2427 1605 2480 excluso
1618 2424 1726 2505 Grego-

919 2495 970 2562 rio,
987 2504 1121 2566 martyres
1145 2512 1240 2552 omnes
1263 2496 1301 2551 ibi
1330 2495 1484 2551 enumerati
1499 2495 1597 2552 Nicaeas
1611 2496 1725 2567 ascripti

918 2567 1040 2633 iueriut;
1060 2566 1133 2622 unde
1145 2567 1235 2622 solam
1247 2566 1376 2621 ultimum
1397 2566 1548 2633 Usuaidns,
1564 2564 1644 2621 binos
1660 2582 1726 2622 vero

920 2636 1133 2693 Wandalbertus
1150 2645 1292 2694 mutuatus
1315 2638 1360 2706 sit,
1377 2654 1446 2710 quos
1461 2637 1545 2693 unico
1568 2652 1619 2691 suo
1634 2634 1726 2692 versi-

919 2709 982 2764 culo
995 2709 1034 2765 ita
1048 2708 1193 2765 laudaret:

950 2822 1073 2883 Quarium
1096 2838 1157 2874 cnm
1177 2825 1244 2875 derio
1265 2825 1385 2875 Zosimus
1401 2825 1547 2887 Duriusque
1559 2831 1693 2874 coronant.

956 2931 1099 3001 Greperins
1120 2930 1371 2985 Autissiodorensis
1385 2930 1539 3002 episcopus,
1552 2930 1649 2986 ordine
1673 2939 1726 2986 ter·

679 2991 722 3047 itt
731 2993 864 3063 Martyro·
882 3007 904 3065 c
920 3001 975 3056 tius
988 3001 1120 3068 decimus,
1151 3002 1267 3057 Lucensi
1291 3001 1381 3058 codici
1408 3001 1539 3065 insertus,
1565 3000 1727 3058 Corbeiensi

57 3064 129 3135 logii
144 3061 275 3128 lloinaui,
291 3058 356 3115 alibi
374 3062 490 3129 laudata,
516 3078 576 3188 qag.
592 3061 653 3129 447,
675 3060 723 3117 ubi
738 3061 866 3120 observat
923 3071 1046 3128 ad'ectus
1061 3081 1110 3128 est.
1127 3073 1158 3127 lii
1174 3072 1255 3127 Floro
1277 3080 1370 3128 nostro
1396 3071 1466 3126 illud
1490 3071 1582 3152 ipsum
1605 3072 1727 3141 elogium

58 3133 252 3190 Numerianum
265 3130 425 3206 quaudoque
437 3135 515 3205 appel
529 3133 580 3188 ari.
596 3133 726 3188 Attamen
740 3133 866 3189 Graecum

59 3219 166 3259 nomen
181 3203 318 3280 Nummius,
335 3210 381 3258 eut
394 3220 458 3260 oum
474 3204 575 3260 lluiiiic
590 3203 754 3260 vertendum
770 3204 866 3260 viden-

56 3292 109 3339 tur
132 3281 278 3350 Nemeeius,
293 3291 339 3339 aut
355 3300 419 3340 cum
442 3284 552 3340 Valesio
572 3284 720 3351 Nemesion,
745 3300 802 3339 non
817 3285 865 3340 Ne·

56 3354 149 3420 mesic,
173 3360 204 3408 ut
227 3351 513 3426 Christopborsouus;
532 3363 605 3411 certe
627 3371 661 3410 ne
682 3372 800 3428 uuquam
817 3354 865 3411 Ne·

56 3425 204 3480 merianus.
222 3423 285 3480 llaec
299 3425 330 3482 iii
340 3425 465 3497 preclari
480 3373 725 3496 martyrislaudem
735 3436 762 3482 et
772 3433 866 3481 textus

56 3495 147 3552 nostri
163 3493 377 3552 elucidationem
393 3495 468 3550 dicta
482 3495 630 3550 sufficiant.

95 3567 135 3622 De
147 3567 207 3621 solo
221 3564 348 3622 Nemesin
364 3565 488 3636 loquitur
501 3567 654 3621 Romanum
671 3580 806 3636 parvum;
823 3573 865 3621 ast

56 3636 88 3693 in
104 3635 201 3693 Adone
220 3638 347 3708 sequitur
362 3635 457 3691 Auitus
473 3635 684 3702 Aurelianensis,
704 3652 785 3761 quein
800 3653 864 3692 cum

56 3707 181 3764 Usuardo
197 3707 341 3778 posuimus
357 3723 416 3761 xvii
430 3706 516 3772 iunii,
538 3716 569 3762 ut
585 3706 630 3763 hic
645 3706 705 3761 nihi
732 3707 767 3763 de
777 3724 809 3763 eo
823 3707 863 3762 di-

57 3776 178 3835 cendum
195 3778 324 3849 supersit.
352 3777 448 3834 Obiter
463 3779 552 3833 solum
571 3777 689 3834 observo
706 3778 819 3845 Ajittiim
834 3779 863 3833 iu

57 3847 202 3904 nonuullis
216 3848 360 3905 codicibus
376 3848 539 3904 Usuardiuis
562 3848 745 3917 auctioribus,
770 3849 864 3921 quales

56 3918 156 3975 eutitii
165 3934 234 3991 quos
244 3919 273 3974 iu
283 3919 423 3977 Auctariis
432 3920 622 3974 Fioaxurisos
633 3920 820 3987 nominamus,
829 3936 864 3976 ex

56 3989 141 4046 Auito
155 3989 303 4046 iormatum
315 4006 383 4056 esse,
398 3995 480 4060 atque
497 3988 561 4043 inde
583 3988 635 4043 siib
650 4005 681 4044 ea
698 3989 819 4046 formula
834 3991 863 4046 iu

57 4060 259 4142 Martyrologio
269 4062 393 4119 liomauo
407 4059 555 4117 collocari:
574 4074 671 4114 verum
687 4060 864 4116 subdiversis

57 4130 222 4187 nominibus
230 4133 488 4188 eumdemsanctum
501 4130 621 4200 intelligi
633 4138 716 4199 recte,
729 4131 757 4185 ui
771 4130 863 4199 fallor,

55 4201 182 4258 advertit
196 4202 376 4260 Castellauus.
391 4203 524 4274 lleliquus
549 4209 641 4258 textus
656 4211 750 4259 noster
767 4202 865 4258 solitos

56 4273 145 4331 duces
171 4288 227 4336 non
250 4275 382 4346 agnoscit.
410 4273 463 4330 Sed
490 4272 564 4329 uude
583 4273 698 4328 Durium
721 4273 863 4329 Nicenum

922 3089 1003 3199 habet
1018 3143 1091 3223 quod
1107 3160 1142 3197 ex
1156 3141 1354 3221 Martyiologio
1368 3141 1396 3197 S.
1413 3140 1520 3221 Sabini·
1531 3156 1559 3194 in
1584 3141 1729 3222 Lusitania

920 3213 1053 3268 describit
1069 3213 1267 3279 Florentinius,
1288 3229 1368 3282 cujus
1382 3211 1590 3267 observationes
1601 3211 1663 3266 aliae
1678 3227 1727 3266 vi-

921 3283 979 3338 deri
996 3292 1119 3354 possunt.
1135 3284 1185 3339 Est
1199 3283 1282 3338 etiam
1308 3283 1337 3337 in
1360 3282 1472 3339 Rabauo
1497 3280 1596 3336 iisdem
1621 3281 1725 3350 verbis,

920 3370 980 3426 quie
994 3355 1058 3409 aliis
1073 3353 1173 3410 litteris
1180 3353 1281 3478 lqosuit
1295 3353 1485 3408 Florciitiuius
1500 3353 1529 3406 iu
1550 3368 1727 3433 commemo-

919 3424 1026 3480 ratione
1052 3424 1156 3480 codicis
1206 3423 1390 3494 ieronymiani
1421 3423 1562 3479 Lucensis.
1593 3422 1671 3478 Unde
1697 3437 1727 3477 iii

919 3494 1075 3551 Usuardum
1093 3493 1238 3549 influxerit
1252 3509 1372 3566 querere
1385 3510 1418 3549 su
1438 3492 1568 3560 cisedeo;
1594 3499 1636 3548 tot
1658 3492 1727 3549 alios

919 3566 1064 3691 qiopulares
1079 3575 1186 3622 sanctos
1207 3565 1298 3621 Adoni
1312 3510 1513 3636 superaddidit,
1543 3570 1574 3618 ut
1598 3570 1625 3618 et
1648 3563 1724 3620 hunc

930 3637 1000 3692 acile
1014 3637 1048 3693 de
1062 3653 1111 3693 suc
1126 3636 1245 3707 adjicere
1269 3635 1399 3708 potuerit.
1426 3635 1489 3691 Scio
1504 3635 1535 3689 in
1551 3633 1648 3690 Adone
1662 3634 1727 3689 llo-

918 3707 1012 3763 sandii
1027 3709 1093 3779 poni
1109 3707 1154 3763 die
1170 3708 1295 3834 sequenti
1310 3722 1374 3762 cum
1394 3705 1544 3771 asterisoc;
1570 3704 1643 3831 equod
1666 3705 1725 3761 llo-

918 3779 1200 3851 sweyduminappeu
1222 3779 1273 3846 ice,
1289 3777 1405 3833 sedheeo
1420 3776 1573 3832 setisosten
1595 3774 1725 3832 uutAdo·

919 3850 1032 3905 uiauiim
1051 3866 1105 3905 noii
1117 3866 1175 3906 esse
1190 3847 1459 3920 Gregorium.Vitam
1475 3855 1523 3902 aut
1538 3847 1616 3914 Acta,
1645 3854 1726 3901 raeter

918 3920 1072 3977 iudicatum
1089 3921 1221 3993 elogium,
1240 3936 1375 3992 nusquam
1387 3919 1513 3974 invenire
1528 3917 1617 3973 licuit.
1655 3931 1724 3972 auca

918 3991 1000 4047 habet
1013 3992 1141 4048 collectio
1156 3999 1250 4047 nostre
1264 4008 1315 4047 ms.
1331 3990 1365 4046 de
1398 3989 1464 4045 estis
1482 3987 1646 4070 pontificum
1661 3990 1725 4042 Au-

917 4061 1168 4127 tissiodorensium,
1185 4061 1232 4117 ubi
1248 4070 1359 4118 notatur
1373 4006 1510 4132 depositio
1525 4077 1574 4114 xiv
1591 4059 1653 4115 lial.
1670 4058 1725 4114 Ju-

918 4131 970 4198 nii,
986 4148 1034 4186 seu
1048 4149 1099 4187 xix
1113 4132 1188 4187 Maii.
1205 4132 1287 4186 Plura
1301 4130 1423 4197 aliunde,
1436 4130 1524 4186 sicubi
1535 4137 1656 4197 exstant,
1668 4144 1725 4185 uo-

918 4203 961 4257 bis
975 4201 1181 4258 submiuistrari
1197 4201 1376 4256 veliementer
1390 4200 1588 4256 desideramus.

801 4414 991 4472 AUCTAlllA.

96 4536 265 4601 Pausaniam,
278 4532 335 4604 jam
350 4531 513 4605 aliquandiu
522 4531 556 4587 ab
569 4530 631 4586 aliis
641 4530 749 4597 devius,
765 4531 811 4586 hic
825 4531 866 4587 in·
881 4534 906 4592 D
922 4530 1146 4603 Hieronymianis
1170 4527 1249 4599 lingit
1265 4546 1271 4583 :
1295 4550 1304 4574 ‹
1320 4523 1401 4598 Apud
1424 4525 1554 4597 Nyccam,
1580 4521 1723 4579 civitatem

57 4607 153 4680 cipit:
177 4604 391 4671 «Antisiodoro,
416 4604 487 4660 beati
512 4603 637 4673 Gregorii
664 4601 798 4673 episcopi,
818 4602 866 4674 qui

58 4678 133 4734 sedit
147 4692 236 4732 annos
250 4692 301 4742 xii,
318 4691 424 4730 menses
439 4692 489 4739 vii,
506 4673 565 4729 dies
578 4690 619 4740 ui,
636 4673 815 4745 sepultusque
826 4680 868 4728 est

57 4749 88 4805 iu
103 4746 317 4806 ecclesiasaucti
333 4745 463 4801 Germani
473 4744 605 4816 episcopi.
619 4768 627 4790 ·
649 4745 673 4799 A
688 4744 816 4800 Nemesio
826 4751 865 4798 to·

58 4827 120 4877 tuin
134 4817 258 4890 elogium
273 4817 416 4873 rescindit.
433 4817 521 4871 Tum:
544 4841 553 4863 ι
581 4815 767 4882 Alexandria,
795 4814 868 4871 beati

58 4889 214 4949 Clementis
235 4888 355 4960 episcopi
381 4895 408 4943 et
426 4887 567 4957 martyris.
588 4913 597 4934 ·
626 4886 719 4942 Talem
742 4893 868 4943 sanctum

56 4961 233 5019 Clementem
245 4960 442 5016 hactenusuou
452 4957 534 5024 novi,
547 4956 611 5012 vide
621 4958 746 5014 codicem
755 4973 869 5030 sequen-

56 5040 127 5089 tem.
141 5031 242 5087 Darius
257 5029 457 5103 pretermissas
472 5037 522 5085 est.

93 5102 256 5161 ermuini.
276 5121 281 5157 :
306 5102 358 5156 «lu
373 5100 492 5172 Egypto,
506 5098 577 5155 beati
588 5096 707 5153 Nemesii
724 5100 865 5170 martyris,

98 5176 186 5230 icum
202 5172 357 5228 latronibus
376 5171 506 5227 incensus
522 5168 585 5224 tuit.
595 5167 762 5237 Aurelianis,
779 5169 867 5238 sancti

84 5244 140 5300 viti
156 5243 274 5310 abbatis,
292 5243 339 5316 qui
363 5242 463 5314 spiritu
476 5238 631 5367 qrophetiae
652 5240 749 5309 plenus
764 5240 827 5307 tuit,
840 5247 867 5296 et

58 5312 190 5387 glorifico
204 5313 260 5370 line
273 5312 390 5386 quievit.
409 5338 418 5361 ι
438 5312 473 5369 Vi
495 5330 510 5368 e
536 5310 758 5366 Observationes.
773 5311 865 5366 Tum:

65 5385 281 5452 «Alexandria,
293 5383 365 5439 beati
380 5382 529 5440 Clementis
547 5380 708 5452 presbyteri.
726 5381 812 5452 quiin
828 5381 868 5436 di·

55 5459 193 5514 vinarum
204 5456 394 5512 eruditionum
410 5453 494 5511 scolis
517 5467 599 5533 quam
627 5451 748 5506 maxime
763 5451 868 5530 lloruit,

58 5528 144 5600 cujus
168 5528 252 5582 etiam
287 5525 422 5581 autoritas
446 5525 476 5580 in
501 5522 660 5579 divinarum
691 5520 870 5578 historiarum

59 5597 272 5656 narrationibus
287 5597 436 5666 sepissime
451 5594 633 5651 antelmium·
656 5592 796 5649 Usuardus
813 5594 871 5650 Cle-

63 5678 189 5726 uicntem
205 5669 301 5724 retulit
319 5684 347 5722 iv
361 5666 530 5723 Decembris.

99 5742 284 5796 Bnuxsiias.
301 5738 335 5793 de
358 5739 441 5794 Dario
464 5748 565 5794 novam
582 5734 822 5793 annuntiationem
838 5751 872 5791 ex

921 4601 1062 4668 bithinia,
1073 4601 1327 4656 natalesanctorum
1338 4604 1409 4653 mart
1430 4611 1491 4650 rum
1502 4593 1604 4657 Dariia
1624 4592 1722 4665 iscopi,

921 4672 1036 4740 Zozimi,
1053 4672 1130 4727 Pauli
1145 4679 1172 4726 et
1187 4670 1295 4742 Cyriaci
1312 4677 1393 4740 atque
1407 4613 1536 4749 gecundi.
1563 4691 1573 4714 ι
1596 4610 1722 4720 gimundo

922 4745 983 4799 loco
997 4745 1031 4800 de
1045 4742 1181 4808 Nemesis,
1205 4741 1250 4797 sed
1271 4757 1328 4796 non
1343 4754 1458 4795 omuino
1473 4753 1549 4810 pure.
1573 4735 1723 4817 ‹Alexan-

922 4814 1000 4883 dria,
1013 4814 1086 4870 beati
1102 4813 1252 4872 Clementis
1267 4811 1419 4884 presbyteri
1434 4816 1461 4865 ct
1472 4807 1612 4881 martyris.
1628 4805 1682 4873 Qui
1693 4823 1722 4862 iii

922 4886 1005 4942 scolis
1020 4885 1176 4941 divinarum
1193 4882 1383 4940 eruditionum
1402 4898 1485 4954 quam
1507 4879 1627 4961 maxime
1642 4876 1725 4956 efflo-

923 4958 989 5013 ruit.
1007 4982 1016 5004 ι
1039 4959 1070 5013 lu
1086 4955 1217 5028 Gregorio
1231 4955 1289 5010 sere
1302 4953 1404 5010 similis
1416 4961 1457 5008 est
1472 4950 1613 5030 codicibus
1626 4944 1723 5025 medin

923 5036 1005 5084 nota.
1022 5029 1162 5084 Demum:
1187 5025 1379 5090 «Aurelianis,
1403 5022 1476 5079 beati
1499 5024 1577 5076 Aviti
1605 5014 1721 5071 abbatis.

923 5098 976 5166 Qui
992 5098 1093 5170 spiritu
1108 5097 1258 5170 prophetie
1273 5095 1391 5152 illustris
1402 5094 1465 5147 luit.
1480 5115 1490 5139 ι
1683 5155 1689 5165 Ι

959 5169 1152 5235 dissuasum,
1168 5169 1197 5223 iri
1209 5167 1337 5223 Nemesio
1349 5163 1416 5219 satis
1429 5178 1524 5233 purus,
1541 5161 1649 5238 longam
1662 5155 1725 5236 lus-

922 5239 1021 5295 teriam
1034 5238 1144 5309 ingerit,
1155 5237 1234 5308 cujus
1249 5236 1363 5292 initium
1373 5234 1420 5289 liic
1430 5231 1518 5311 dabo:
1538 5253 1547 5276 ι
1561 5227 1723 5307 Αῳιιῑθειιι,

923 5310 1012 5383 passio
1028 5317 1186 5364 sauctorum
1211 5315 1366 5379 martyrum
1394 5302 1494 5359 Felicis
1516 5308 1544 5355 et
1568 5301 1725 5379 Fortunati,

924 5381 972 5453 qui
987 5396 1019 5436 eo
1035 5387 1158 5450 tempure
1177 5377 1249 5448 pessi
1264 5384 1340 5442 suut,
1363 5371 1473 5445 quaudo
1488 5371 1685 5443 llyocletianus
1699 5374 1728 5423 et

924 5451 1109 5509 Maximianus
1132 5453 1298 5521 preceptum
1319 5443 1465 5507 dederuut,
1482 5448 1513 5522 ut
1527 5440 1622 5496 nullus
1636 5445 1728 5511 posset

925 5523 1044 5578 vendere
1064 5522 1109 5575 vel
1132 5533 1232 5584 emere,
1250 5516 1304 5570 nisi
1318 5514 1395 5585 prins
1414 5512 1505 5585 ydolis
1519 5511 1684 5576 immolaret,
1701 5515 1729 5563 et

947 5594 1092 5663 uicuuique
1110 5588 1299 5646 Christianum
1314 5585 1465 5639 occultaret
1479 5582 1634 5654 puniretur.
1651 5578 1729 5661 llndc

926 5610 1059 5735 apamias
1070 5661 1181 5733 quidam
1192 5655 1370 5731 praesentavit
1379 5660 1488 5710 sanctos
1503 5653 1600 5709 iratres
1610 5650 1729 5707 Felicem

927 5742 954 5789 et
970 5735 1152 5788 Fortunatam
1162 5728 1272 5803 praesidi
1287 5726 1322 5783 ad
1332 5724 1566 5799 portendimus
1578 5722 1620 5779 illi
1636 5720 1732 5794 psalle·
