3834 6136
62 225 118 282 169

603 223 920 282 MARTYROLOGIUM.
941 254 976 265 -
996 225 1099 281 MENS.
1121 224 1194 282 JUN.

1670 233 1723 289 170

58 349 219 421 adjiciunt:
240 349 294 403 «Et
305 346 491 419 inhymniset
502 346 630 403 laudibus
638 359 864 420 perseverantes.»
885 355 910 413 Α
924 351 1021 406 Emilii
1038 361 1064 407 et
1079 351 1210 423 Crispini.
1227 351 1295 407 Item
1314 353 1341 408 in
1357 354 1536 425 Alexandria,
1552 366 1652 414 sanctae
1667 359 1722 416 Ma·

59 421 115 478 Sed
132 420 240 492 priores
254 418 312 475 duo
327 419 463 474 omittunt
478 419 601 475 Mariae.

95 496 260 548 Ascraeas.
272 497 299 546 et
314 492 413 547 Dasio.
431 489 536 544 similes
546 499 611 546 sunt
624 493 814 565 superioribus
824 511 870 551 co·

60 564 186 631 dicibus,
194 564 243 618 sed
255 562 284 617 in
295 561 445 634 principio,
456 560 531 641 aliud
541 578 576 616 ex
586 562 682 618 Adone
692 574 868 636 augmentum

58 635 179 702 habent,
195 649 306 705 nempe,
326 632 550 705 «praeclarissimi
564 633 751 707 Tranquillini
760 644 788 693 et
800 638 869 694 Mar·

61 707 116 763 cias
133 705 300 761 filiorum.»

94 777 276 834 Casinatem:
300 776 416 832 »Natale
426 776 514 834 sancti
528 776 723 833 Bartholomaei
739 780 866 850 apostoli,

56 848 172 923 quando
196 848 231 904 de
254 847 348 903 insula
374 847 484 920 lippari
511 847 700 904 Beneventum
719 851 868 907 translatus

56 930 110 977 ost.
128 944 137 971 »
157 920 264 976 Natalis
278 926 321 976 est
335 919 548 990 xx1vAngusti.
571 921 684 976 ‹llomae
698 920 745 976 via
759 921 867 977 Ardea-

57 992 131 1059 tina,
152 1001 313 1047 sanctorum
337 989 510 1062 geminorum
534 990 618 1046 Marci
638 999 665 1044 et
684 991 865 1060 Marcelliani,

59 1065 110 1136 qui
130 1064 233 1119 lanceis
249 1079 298 1134 per
312 1062 398 1117 latera
410 1060 538 1116 transfixi
552 1061 585 1116 ad
601 1061 706 1116 siderea
720 1080 802 1134 regna
818 1065 866 1119 mi·

88 1142 220 1189 averunt.
238 1136 269 1190 ln
285 1133 426 1205 Hispaniis
439 1132 553 1189 civitate
568 1132 692 1189 Malacha
706 1142 864 1190 sanctorum

56 1152 160 1262 {riniani
182 1213 209 1261 et
236 1206 327 1260 Paulae
343 1204 469 1275 virginis.
488 1203 675 1271 Alexandria,
690 1213 789 1261 salicta
804 1208 865 1261 Ma-

56 1277 128 1332 rinae
139 1278 270 1348 iirginis.
279 1278 309 1332 ln
321 1275 614 1343 territorioSenonico,
624 1277 710 1332 salicti
721 1277 863 1332 Forunati

56 1349 183 1420 episcopi
196 1359 225 1404 et
238 1348 415 1404 confessoris.
438 1373 447 1397 a

96 1419 282 1475 Bnrxranea.
298 1420 328 1474 in
344 1419 433 1491 prima
451 1419 662 1475 annuntiatione
679 1418 865 1475 omniahabet

54 1507 118 1563 quae
131 1494 294 1548 desnensis.
315 1499 343 1545 et
358 1492 455 1545 Darne.
473 1492 503 1545 ln
519 1490 624 1545 Siriaco
639 1499 665 1544 et
681 1490 764 1544 Paula
779 1507 864 1561 purus

58 1571 112 1616 est.
127 1563 220 1618 Turis:
252 1588 261 1610 ι
279 1563 310 1617 ln
327 1561 431 1629 Airica,
447 1562 538 1617 natale
553 1569 712 1616 sanctorum
730 1562 862 1617 llermelii

55 1639 86 1687 et
104 1633 216 1689 Felicis.
232 1634 377 1697 Ravennae,
403 1632 493 1688 natale
521 1640 678 1687 sanctorum
707 1640 860 1703 martyrum

926 422 994 478 rinae
1009 422 1135 492 virginis,
1152 439 1211 495 quaa
1223 423 1252 479 in
1267 424 1469 494 puerilitatem,
1486 427 1555 483 clam
1564 445 1592 483 se
1608 430 1723 488 tondere

925 494 991 550 fecit
1005 501 1033 549 et
1046 496 1225 550 monasticam
1240 496 1327 550 vitam
1336 497 1594 568 expetiit,Marinus
1608 501 1660 555 sibi
1675 518 1722 557 no·

925 582 988 621 men
1017 565 1181 637 imponens;
1203 575 1264 637 post
1290 570 1473 624 retrusionem
1487 570 1582 625 multis
1598 571 1678 626 annis
1693 573 1723 628 in

924 636 1001 691 omni
1016 638 1161 693 sanctitate
1176 638 1283 710 quievit
1299 638 1328 694 in
1342 639 1492 695 Domino.»
1516 641 1587 696 Vide
1603 642 1724 698 Praeter-

924 708 1033 764 missos.
1065 708 1197 764 «Eodem
1222 709 1278 775 die,
1302 710 1390 766 sancti
1421 712 1530 768 Anterti
1556 713 1724 771 Bricatensis

924 778 1083 851 episcopi.»
1113 781 1162 836 Est
1184 780 1334 836 ‹Autberti
1355 781 1544 839 Abrincensis.
1565 809 1575 832 »

958 851 1261 909 EomrobuaeeoCoa.
1270 851 1326 909 inci
1348 853 1369 908 it
1382 871 1388 909 :
1403 854 1542 911 »Ciuitate
1553 855 1724 929 Burdegalae,

923 924 1013 977 natale
1032 922 1105 978 beati
1120 923 1240 978 Amandi
1255 922 1300 994 eju
1335 941 1376 978 ern
1393 925 1469 981 urbis
1483 927 1605 1008 episcopi
1621 935 1648 983 et
1659 943 1724 984 eon·

923 992 1044 1049 sessoris.
1058 994 1108 1049 Hic
1121 995 1232 1050 beatum
1240 994 1402 1050 Severinum
1415 997 1589 1054 Coloniensis
1600 999 1725 1055 civitatis

922 1065 1171 1136 archiepiscopum,
1202 1082 1264 1121 cum
1294 1068 1395 1122 summi
1425 1068 1540 1124 lionoris
1559 1070 1723 1139 reverentia,

921 1137 1045 1206 angelica
1068 1137 1269 1192 annnonitione
1288 1140 1419 1208 suscepit,
1435 1149 1461 1195 et
1477 1157 1557 1208 quiem
1582 1158 1724 1222 nunquam

922 1208 998 1278 prius
1015 1208 1131 1275 uiderat,
1158 1211 1268 1277 proprio
1290 1212 1402 1264 noniine
1418 1213 1560 1279 salntmit,
1585 1229 1616 1267 ac
1635 1212 1724 1267 erdem

920 1279 1057 1334 cathedrae
1068 1288 1149 1334 cessit
1165 1281 1245 1335 sulii»,
1263 1306 1271 1325 ‚
1294 1281 1333 1335 De
1344 1283 1435 1336 Marco
1450 1291 1477 1336 et
1492 1282 1680 1348 Marcelliano,
1693 1292 1726 1339 ut

920 1352 1074 1404 derisisset
1089 1353 1187 1405 Dama.
1215 1354 1253 1406 lle
1278 1350 1477 1407 Malacensibns
1500 1370 1576 1425 parc.
1594 1356 1726 1435 Sequitur

921 1421 1029 1490 longior
1043 1421 1159 1476 historia
1172 1421 1352 1478 monachatus
1360 1424 1483 1491 Marinae,
1500 1424 1533 1479 de
1548 1441 1602 1497 qno
1619 1425 1724 1481 videsis

920 1492 1132 1548 Praetermissos.

955 1563 1082 1617 Graves.
1100 1583 1106 1618 ;
1131 1564 1303 1631 »llarennae,
1323 1573 1480 1619 sanctorum
1498 1564 1608 1632 Felicis,
1626 1565 1724 1622 Emilii

919 1643 946 1688 et
962 1634 1092 1704 Crispini.
1117 1633 1222 1688 Natalis
1235 1643 1393 1690 sanctorum
1411 1646 1564 1705 martyrum
1582 1635 1724 1692 Potentini

56 1703 204 1772 Mercurii,
219 1704 328 1771 Felicis,
339 1703 436 1758 Emilii
451 1712 478 1758 et
493 1702 645 1774 Crispini.»
666 1702 735 1757 Vide
751 1703 864 1758 nomina
878 1711 902 1770 Β
917 1704 1039 1769 diaconi,
1057 1705 1151 1760 Felicii
1170 1706 1333 1776 presbyteri,
1358 1714 1384 1759 et
1408 1706 1544 1776 Simplicii
1574 1708 1681 1776 inditis,
1695 1709 1725 1764 in

55 1775 163 1831 rectius
172 1775 202 1830 in
215 1776 293 1831 Actis
312 1791 450 1855 expressa.
464 1774 594 1855 Sequitur
608 1774 642 1829 de
658 1773 767 1840 Marira,
785 1792 861 1845 pure.

55 1845 88 1900 ln
98 1845 155 1902 fine
168 1865 174 1903 :
189 1869 204 1897 «
215 1847 321 1902 Eodem
333 1846 389 1914 dre,
400 1845 536 1917 depositio
546 1846 618 1900 santi
632 1844 771 1913 Autberti,
783 1846 863 1901 Abri-

55 1919 180 1976 cacensis
194 1917 329 1991 episcopi.
348 1943 357 1966 »
380 1917 477 1973 Voluit
490 1916 592 1983 dicere,
607 1915 817 1972 Abriacotensas.

96 1991 282 2048 Macssorsrr.
303 1996 365 2060 post
379 1987 511 2058 fratrum,
525 1987 665 2043 interserit
679 2006 684 2042 :
705 1988 777 2054 «Qui
790 1997 863 2045 ante·

57 2080 139 2138 quarn
169 2069 341 2133 paterentur,
370 2058 452 2116 corde
476 2060 634 2114 mollescere
660 2067 802 2129 caeperunt
829 2060 864 2116 ad

57 2136 141 2193 rerba
154 2140 305 2205 parentum
316 2138 342 2187 et
355 2131 673 2198 uxoru1113sedsanctus
688 2130 864 2186 Sebastianus

57 2208 114 2265 suis
127 2202 308 2261 sermonibus
322 2219 369 2258 eos
384 2202 449 2258 lecit
468 2218 525 2258 esse
540 2202 624 2256 fortes
641 2201 675 2255 ad
691 2202 861 2272 patiendum.

58 2275 249 2347 Quiajudice
272 2273 431 2341 Fabiano‚»
462 2281 515 2329 etc.
540 2272 666 2329 Secundo
692 2274 774 2328 loco:
809 2275 863 2329 »ln

59 2347 202 2405 territorio
216 2345 398 2409 Bituricensi,
412 2344 548 2417 depositio
563 2344 650 2399 sancti
666 2344 796 2400 Gundold
809 2346 863 2416 epi-

60 2421 134 2493 scopi
149 2415 366 2474 etronfessoris.
383 2441 392 2465 »
423 2418 462 2473 De
485 2414 601 2487 quodie
626 2416 803 2486 praecedenti.
820 2417 863 2471 ln.

60 2493 168 2564 reliquo
180 2498 262 2546 textu
276 2489 344 2544 satis
358 2504 444 2560 purus
458 2496 509 2543 est.

92 2559 338 2627 Aoeicrscr.,alia
358 2576 461 2615 manu:
495 2559 707 2625 «Alexandriae,
728 2559 865 2630 depositio

62 2643 164 2692 sanetas
192 2631 305 2688 Marinae
325 2630 479 2703 virginis.»
511 2630 611 2687 Adhuc
631 2637 725 2702 patent
748 2631 864 2701 vestigia

63 2704 229 2777 scriptionis
246 2702 374 2774 purioris.

95 2778 258 2832 musar.
271 2792 277 2830 :
299 2774 421 2830 «Eodem
431 2773 486 2842 die,
498 2772 635 2829 dedicatio
645 2773 766 2829 ecclesiae
776 2772 865 2829 sancti

61 2847 179 2904 Firmini
205 2845 346 2918 martyris,
362 2846 437 2902 intra
451 2845 553 2900 mmnia
566 2845 636 2900 site.
653 2868 662 2892 »
685 2845 793 2901 Colitur
807 2860 865 2900 xxv

63 2919 91 2975 Se
112 2918 233 2975 lambris
243 2917 293 2972 ubi
308 2918 342 2973 de
353 2924 470 2990 utroque
484 2916 610 2972 Firmino
646 2918 705 2971 lura
713 2915 826 2971 notabo.

90 2936 570 3047 Maiam„cimus-mmmmm
585 2932 735 3042 itaqiabet:
759 2985 864 3042 »Marci

918 1775 1064 1847 Steynrelt
1085 1776 1324 1848 quiescentium.»
1347 1778 1386 1831 De
1408 1777 1534 1832 Amando
1559 1779 1640 1857 paulo
1665 1779 1724 1834 bre·

918 1848 981 1901 vius
995 1863 1077 1919 quain
1102 1863 1194 1919 snpra.
1218 1849 1274 1903 «ln
1295 1848 1437 1903 territorio
1464 1848 1610 1915 SenonrcO,
1636 1849 1724 1906 sancti

919 1918 1064 1974 Fortunati
1088 1918 1221 1990 episcopi,
1251 1919 1318 1976 vita.
1349 1926 1377 1973 et
1400 1919 1557 1974 eruditione
1588 1919 1723 1991 praeclari.

919 1990 1072 2056 creatione,
1097 1989 1185 2046 sancti
1208 1990 1321 2060 Hymeri
1337 1990 1458 2115 equiscopi
1474 2000 1501 2046 et
1515 1990 1691 2046 contessoris.
1708 2016 1718 2039 »

919 2061 990 2116 Vide
1006 2061 1051 2116 die
1066 2061 1241 2130 praecedenti.
1266 2087 1275 2107 ι
1291 2062 1321 2116 ln
1343 2060 1484 2123 libaima,
1502 2060 1662 2130 Colmanni,
1678 2062 1725 2117 ab·

918 2132 1000 2187 batis.
1018 2157 1026 2178 »
1046 2132 1116 2187 Vide
1128 2132 1337 2187 Praetermissos.
1363 2133 1477 2186 »beatae
1487 2135 1626 2187 mernmiaa
1638 2134 1725 2189 Elisa-

919 2204 984 2258 beth
998 2203 1114 2273 uirginis
1128 2204 1349 2258 sanctimonialis
1360 2203 1388 2257 in
1404 2205 1558 2272 Sconangia
1573 2205 1616 2258 cui
1636 2206 1724 2260 multa

919 2283 1023 2330 secreta
1038 2292 1053 2328 a
1070 2275 1189 2329 Domino
1201 2274 1401 2341 revelatasunt,
1413 2275 1485 2329 circa
1497 2292 1600 2330 annum
1610 2293 1718 2332 mccvi.»

920 2348 950 2401 ln
970 2346 1054 2416 priori
1071 2345 1193 2400 editione
1208 2345 1272 2400 anm
1290 2362 1368 2399 noxa
1390 2345 1542 2400 addebatur
1559 2348 1675 2415 Genera,
1691 2347 1725 2402 de

920 2434 973 2489 qna
990 2417 1168 2470 meminimus
1184 2433 1224 2470 xn
1239 2416 1327 2471 Juiiii.

955 2488 1064 2542 Morsu.
1078 2486 1445 2557 Marinaeascribitelogium,
1457 2487 1530 2558 qnod
1539 2488 1723 2546 Aritioohenae

919 2559 1019 2614 tribuit
1048 2557 1184 2624 llabanus,
1201 2558 1244 2611 his
1261 2557 1370 2613 uerbis:
1402 2582 1410 2602 ι
1431 2558 1496 2624 Quae
1518 2574 1566 2628 per
1585 2559 1724 2616 Olibrium

939 2633 1080 2686 raefectum
1105 2630 1193 2683 multa
1225 2636 1364 2683 tormenta
1390 2644 1469 2698 passa
1483 2636 1524 2683 est
1548 2631 1724 2700 pronomine

919 2648 1041 2765 garisim
1054 2700 1177 2765 uincula,
1192 2715 1326 2763 carceres,
1340 2700 1488 2770 equuleum
1515 2698 1604 2764 Quam
1619 2709 1646 2755 et
1658 2699 1724 2755 dia-

919 2774 1001 2828 bolus
1031 2770 1061 2825 in
1081 2771 1211 2826 draconis
1234 2769 1324 2840 specie
1340 2768 1472 2824 similiter
1488 2777 1515 2824 et
1536 2770 1564 2825 in
1581 2770 1723 2844 AEthiopis

920 2842 1049 2909 tentavit,
1066 2841 1113 2897 sed
1125 2858 1173 2913 per
1183 2841 1292 2911 signum
1301 2848 1402 2895 sanctae
1413 2840 1504 2895 crucis
1514 2849 1659 2910 superatus
1670 2850 1721 2898 est.

918 2913 1074 2971 Novissime
1089 2929 1155 2967 vero
1167 2928 1214 2983 per
1227 2910 1391 2983 praedictum
1402 2910 1564 2982 praelectum
1574 2912 1721 2981 decollata,

919 3003 995 3042 sacro
1012 2984 1148 3055 martyrio
1163 2983 1249 3037 vitam
1266 2982 1369 3037 finivit.
1386 3007 1395 3030 »
1422 2981 1494 3039 Vide
1509 2983 1722 3040 Praetermissos.

63 3070 83 3117 et
91 3059 273 3119 Marcelliani
287 3067 448 3131 martyram.
460 3059 574 3114 Marinae
588 3058 706 3130 virginis
720 3068 747 3114 et
761 3066 864 3130 marty·
879 3063 901 3124 G
916 3058 1046 3148 Sequitur
1061 3056 1094 3111 de
1105 3056 1266 3122 Fortunato,
1289 3062 1319 3109 ut
1333 3053 1494 3109 Muneratus
1518 3069 1610 3125 supra.
1627 3055 1696 3110 Tum
1714 3072 1721 3111 :

64 3134 102 3190 ris.
111 3130 230 3196 Cvrraci
241 3139 269 3185 et
281 3129 371 3186 Paule
380 3130 505 3203 virginis,
513 3131 539 3185 la
560 3128 653 3184 idibus
663 3129 856 3186 obretonam.»

89 3193 236 3262 anamais
247 3200 378 3259 Canonic.
388 3203 484 3274 Repul.
497 3220 503 3257 ε
522 3147 611 3256 »Mem
626 3202 729 3270 Romae,
740 3201 770 3256 in
780 3201 862 3256 cemi-

65 3276 127 3332 terio
141 3272 269 3340 Damasi,
285 3283 443 3330 sanctorum
458 3272 581 3333 Marcelli
596 3279 622 3327 et
632 3273 716 3329 Marci
732 3273 861 3328 fratrum.

65 3345 160 3416 Tomis,
174 3352 337 3403 sanctmnm
354 3345 432 3401 Pauli
447 3352 474 3401 et
488 3343 610 3417 Cyriaci.
631 3369 640 3392 »
663 3344 724 3400 Non
735 3360 834 3414 magna
848 3360 864 3398 a

65 3417 261 3476 llalaeensibus
289 3417 393 3472 nostris
420 3415 562 3473 distantia.
590 3415 643 3471 Sed
666 3415 700 3470 de
728 3415 771 3470 bis
799 3414 863 3469 vide

66 3488 215 3546 Vsuardum
230 3504 270 3543 xx
284 3487 362 3544 Juuii
378 3507 383 3544 :
406 3485 618 3553 «Alexandriae,
635 3495 735 3541 sanctae
751 3486 864 3541 Marine

66 3560 188 3632 uirginis,
215 3561 360 3628 Ravenna,
388 3559 490 3615 natalis
516 3565 676 3615 sanctorum
707 3564 863 3628 martyrum

67 3629 193 3698 Martarii,
221 3629 333 3698 Felicis,
358 3630 455 3686 Emilii
470 3637 498 3686 et
511 3628 670 3699 Crispini.»
692 3628 764 3685 Vide
784 3629 862 3683 Acta.

72 3704 149 3776 »lpse
161 3702 220 3770 die,
236 3701 325 3758 macti
340 3700 469 3759 Autberti
484 3700 689 3759 Cameracensis
699 3699 830 3772 episcopi.
846 3722 856 3747 »

10 3822 15 3839 ,
68 3771 96 3829 be
141 3773 324 3829 Abrincsnsis.

10 3858 12 3871 ¹
119 3861 166 3900 sc.
184 3844 278 3912 Sues,
289 3860 368 3900 num.
384 3844 458 3901 428:
482 3846 537 3901 «ln
552 3843 694 3902 territorio
709 3843 862 3909 Senonum,

69 3915 133 3987 apud
149 3914 251 3981 Cellas,
274 3915 307 3971 de
343 3915 408 3972 sitio
435 3915 506 3972 beati
535 3916 679 3973 Fortunati
701 3914 822 3985 episcopi
837 3919 864 3968 et

70 3986 239 4043 mulessoris.
256 4010 267 4035 »
317 3986 362 4043 ide
377 4005 409 4043 sn
430 3988 504 4044 erius
518 3990 666 4046 Mouanar.

97 4059 125 4114 ln
141 4059 292 4126 Variana,
306 4075 385 4115 num.
419 4058 482 4127 att,
498 4068 525 4115 et
540 4061 708 4116 Ucnsmmn.
720 4057 796 4113 deest
807 4057 863 4114 lla·

74 4129 134 4199 nac,
149 4139 182 4187 ut
196 4130 227 4186 in
246 4130 393 4186 moene.
409 4138 436 4187 et
450 4132 647 4188 Man-Lunae.

100 4202 253 4260 larem:
278 4203 362 4274 «Ipso
375 4201 431 4269 die,
447 4204 536 4259 sancti
551 4201 686 4272 Adulphi,
697 4200 791 4257 fratris
805 4199 864 4254 llo-

77 4269 157 4394 dqilphi
170 4273 290 4331 abbatis.
310 4297 320 4322 »
343 4272 415 4330 Vide
428 4273 473 4330 die
488 4273 653 4347 praecedenti
672 4273 702 4328 in
717 4272 793 4328 Actis
808 4287 864 4325 no-

79 4355 138 4399 sna.

925 3154 934 3177 ι
948 3130 1100 3190 Cremona,
1111 3125 1198 3181 sancti
1207 3125 1324 3192 Himeri,
1336 3149 1344 3172 »
1362 3135 1426 3191 etc,
1437 3132 1467 3180 ut
1478 3124 1640 3180 Ganiaanus.
1653 3124 1724 3182 [lein

918 3200 1069 3264 emendem,
1084 3197 1132 3252 sed
1142 3196 1297 3251 mmorihns
1312 3195 1425 3262 litteris,
1436 3195 1470 3250 de
1481 3196 1609 3251 Arnando
1620 3196 1718 3252 Burdi-

919 3270 1021 3344 galensi
1039 3276 1066 3324 et
1081 3267 1224 3322 Elisabeth
1239 3265 1468 3337 Schonaugiensi.
1485 3266 1636 3338 Sequitnr;
1660 3291 1669 3315 ι
1689 3266 1721 3322 ln

920 3351 1001 3414 portu
1016 3339 1146 3410 Tripolis,
1158 3337 1246 3394 sancti
1260 3337 1370 3392 Leontii
1385 3337 1524 3409 martyris,
1549 3336 1629 3407 cnjus
1643 3353 1722 3392 mar-

919 3412 988 3486 tyrii
1016 3410 1213 3467 commentaria
1235 3408 1324 3479 Cyrus
1339 3406 1452 3480 qnidam
1470 3407 1560 3462 scriba
1575 3408 1604 3462 in
1619 3407 1723 3464 tabulis

919 3482 1056 3558 plumbeis
1065 3479 1240 3550 conscripsit,
1256 3486 1283 3533 et
1297 3478 1370 3550 apud
1380 3476 1468 3533 sancti
1480 3478 1611 3549 martyris
1625 3494 1721 3535 monu-

919 3562 1044 3610 mentum
1058 3568 1089 3607 ea
1104 3550 1243 3622 deposuit,
1258 3557 1290 3605 ut
1305 3550 1349 3616 iis,
1366 3549 1413 3621 qui
1429 3558 1523 3630 postea
1537 3549 1626 3605 futuri
1642 3560 1719 3619 sunt,

919 3625 1054 3698 optimum
1065 3623 1223 3692 exemplum
1234 3620 1413 3692 relinqueret,
1429 3636 1457 3674 m
1473 3619 1585 3676 Christo
1592 3621 1657 3676 lesu
1666 3623 1719 3678 Do·

919 3699 996 3753 mino
1024 3703 1155 3751 nostro.»
1178 3694 1316 3748 Hactenus
1330 3692 1416 3747 editio
1439 3691 1529 3762 prima
1551 3691 1672 3747 uberior.
1689 3693 1721 3748 ln

917 3769 980 3825 aliis
994 3774 1035 3824 est
1049 3765 1170 3837 elogium
1185 3762 1341 3827 Fortunati,
1358 3779 1393 3818 ex
1407 3762 1576 3829 Munsnaro,
1586 3779 1672 3836 usque
1683 3763 1718 3820 ad

915 3839 1063 3911 patefecit;
1079 3838 1179 3892 desunt
1194 3834 1310 3916 relique.
1332 3834 1420 3889 Tum:
1441 3834 1495 3888 »ln
1512 3833 1620 3904 Lipara,
1636 3833 1722 3890 Calo-

919 3913 975 3993 qeri
992 3908 1120 3965 monachi
1136 3907 1313 3972 sanctissrmi,
1329 3906 1432 3977 dequo
1451 3903 1562 3959 videtur
1573 3904 1721 3974 Gregorius

919 4000 949 4038 rn
973 3981 989 4036 4
1013 3981 1190 4050 Dialogorum
1212 3978 1381 4033 mentionem
1406 3976 1505 4031 lacere.
1535 3977 1585 4031 Die
1613 3974 1721 4031 decima

918 4061 1025 4119 octava,
1057 4051 1144 4106 sancti
1175 4049 1305 4120 martyris
1329 4047 1468 4103 Leontii.»
1493 4047 1634 4118 Sequitur,
1645 4045 1721 4118 typis

883 4138 888 4150 ·
920 4123 1085 4191 minorihus,
1109 4147 1117 4169 ι
1134 4120 1253 4177 Ciuitate
1263 4119 1425 4191 Burdeqala,
1435 4118 1523 4173 sancti
1536 4117 1655 4174 Amandi
1664 4117 1721 4188 epi-

919 4196 996 4266 scopi
1026 4202 1053 4249 et
1079 4191 1254 4249 confessoris.
1283 4191 1448 4260 Soonaugia,
1469 4188 1539 4243 obiit
1563 4188 1718 4256 Elisabeth,

918 4268 997 4338 virgo
1022 4261 1251 4328 sanctimonialis,
1278 4260 1324 4316 cui
1344 4263 1431 4315 multa
1445 4267 1547 4338 secreta
1570 4259 1720 4315 aDomino

918 4346 983 4395 sunt
996 4338 1124 4392 revelata.
1141 4359 1149 4380 »
1172 4332 1276 4388 Mariua
1305 4331 1334 4386 in
1366 4332 1409 4386 his
1424 4329 1595 4385 editionibus
1610 4337 1718 4400 practer·

105 4415 284 4475 dinastiam:
309 4441 319 4466 ‹
334 4417 439 4488 Romae,
450 4425 608 4475 sanctorum
623 4415 723 4471 Felicis
737 4424 764 4470 et
777 4412 865 4469 AEmi·
882 4418 907 4477 1)
922 4410 1014 4474 missa,
1030 4407 1130 4477 rejecta
1144 4412 1185 4460 est
1197 4403 1231 4458 ad
1247 4402 1379 4457 Auctaria
1394 4418 1433 4456 xx
1444 4400 1523 4464 lulii,
1540 4400 1591 4456 sub
1604 4396 1719 4454 nomine

83 4482 110 4539 lii.
124 4487 267 4559 harenae,
281 4497 444 4551 sanctornm
457 4497 611 4562 martyrum
620 4486 741 4554 Martali,
753 4484 865 4552 Felicis,

920 4479 1087 4549 Marparitoe.

782 4613 993 4634 ,-...........

89 4654 133 4717 llll
143 4664 209 4721 irat.

1603 4638 1654 4694 Die
1674 4639 1717 4696 19.

112 4749 262 4821 Mediolani,
279 4753 383 4809 natalia
394 4759 551 4809 sanctorum
568 4757 723 4821 martyrum
743 4741 868 4803 Gervasii
883 4748 910 4798 et
924 4736 1041 4795 Protesii
1055 4736 1184 4798 tranum,
1205 4748 1240 4787 ex
1255 4730 1356 4804 quibus
1370 4728 1490 4802 priorem
1505 4736 1561 4783 tam
1577 4727 1626 4783 din
1634 4726 1719 4799 jussit

91 4833 184 4897 labsus
195 4858 293 4899 comes
305 4840 459 4915 plumbatis
469 4840 549 4909 caedi,
566 4853 708 4913 quousque
718 4834 859 4892 exhalaret
872 4830 1015 4906 spiritum:
1029 4833 1187 4899 sequentem
1199 4839 1265 4879 vero
1278 4820 1400 4877 fustibus
1414 4836 1525 4887 caesum,
1541 4818 1629 4892 eapite
1640 4826 1717 4915 trun:

91 4927 137 4981 Vri.
149 4931 248 4990 Morum
266 4932 394 5006 sepulcra
407 4939 519 4989 sanctus
532 4929 696 4987 Ambrosius
711 4927 831 4983 Domino
845 4924 986 4980 revelante
1000 4916 1112 4990 reperit,
1128 4923 1155 4971 et
1170 4914 1208 4970 ita
1221 4912 1382 4984 incorrupta
1397 4927 1492 4968 eorum
1507 4924 1631 4980 corpora,
1647 4922 1678 4962 ac
1692 4921 1717 5007 si

91 5015 353 5080 auennensem
372 5020 542 5094 interempti.
574 5019 655 5091 Apud
665 5019 836 5083 Ravennam,
852 5014 940 5071 sancti
957 5010 1076 5070 Ursicini
1092 5006 1285 5081 martyris,qui
1300 5005 1352 5062 sub
1364 5005 1459 5076 judice
1468 5002 1593 5068 Paulino,
1607 5006 1667 5098 post
1675 5013 1717 5054 nr..

10 5157 19 5180 ἦ
92 5106 129 5163 llis
139 5117 283 5181 tormenta,
302 5111 333 5168 in
347 5111 521 5169 confessione
534 5108 648 5167 Domini
664 5103 816 5163 immobilis
830 5117 1003 5176 permanens,
1024 5098 1123 5172 capitis
1135 5096 1289 5154 abscisione
1304 5095 1470 5167 martyrium
1485 5092 1644 5162 complevit.

830 5228 948 5287 NOTAE.

111 5333 220 5395 Sumilnr
244 5354 281 5395 ex
305 5339 428 5406 Protea,
455 5335 607 5401 Hermian„
630 5328 866 5403 Arelatem-Mei„

91 5401 209 5480 lcaoqd„
226 5411 375 5482 Actaeam,
385 5416 413 5465 et
426 5408 631 5467 Mam-Labeo..
646 5406 794 5466 Munerat,
804 5402 867 5479 Cre-

10 5502 17 5540 r
89 5488 127 5532 ΜΙ-
143 5490 167 5537 et
182 5483 287 5542 Melea.
307 5482 378 5539 ltem
402 5496 438 5536 ex
463 5477 699 5554 deincep-Mae„
731 5476 868 5539 Uttrwrct,

207 5809 322 5871 Parnoi.
342 5809 471 5871 CXXIV.

919 5325 1043 5455 lfiaqden,
1059 5319 1383 5389 cocantes.,1ttterpn.,
1399 5313 1494 5370 Ducit.
1504 5310 1601 5370 etedit.
1616 5311 1716 5385 Mltrcj·

948 5415 960 5452 e
972 5415 997 5468 9.
