3834 6136
218 208 267 265 ari
878 200 1029 259 usuanni
1048 201 1209 259 nonaum
1577 178 1579 182 ’
1818 200 1874 256 ara

218 333 258 392 tio
272 331 345 390 beati
354 330 505 414 Aruulphi,
518 330 640 403 ejusdem
651 329 773 386 civitatis
783 329 903 412 episcopi
917 336 944 386 et
956 345 1019 386 eon-
1033 335 1059 395 A
1074 329 1181 386 ratoris.
1190 329 1255 398 Qua
1270 344 1318 402 per
1332 328 1441 385 beatum
1457 325 1595 384 Ciriaeum
1614 325 1782 381 adaeiuouio
1797 324 1874 381 libe-

217 403 340 470 iessoris,
366 402 544 460 ammirandae
573 401 726 458 sanctitatis
752 401 816 457 viri.
837 401 940 458 Eodem
960 402 1016 471 die,
1073 409 1131 457 rata
1141 410 1168 457 et
1177 400 1341 474 baptizatae
1349 399 1458 456 Galerio
1468 397 1622 454 Maximino
1632 397 1716 453 tratre
1727 412 1788 465 suo,
1811 406 1875 469 post

218 477 364 534 translatio
373 473 620 542 saiictiBerwardi,
632 473 751 546 episcopi
764 473 1017 546 Hildeslieyinensis
1073 481 1189 529 mortem
1205 473 1289 545 patris
1301 472 1463 545 imperante,
1489 469 1622 542 martyrio
1643 476 1776 525 coronata
1789 477 1840 525 est.
1856 496 1866 521 s

219 557 246 605 et
260 547 434 605 confessoris.
447 546 573 604 Ostensio
588 545 675 602 sancti
693 544 835 610 Hunlridi,
855 545 974 617 episcopi
990 554 1017 602 et
1108 546 1216 601 Mosen.
1236 545 1299 600 aliis
1315 544 1415 600 litteris
1444 541 1533 598 textui
1554 540 1669 596 inserit:
1698 540 1873 613 *Scriptum

219 619 394 677 confessoris.
407 620 469 692 ipso
479 618 534 687 die,
550 618 640 674 natale
654 617 742 673 sancti
758 615 857 685 Rochi,
872 617 1017 673 confesso·
1073 624 1113 672 ost
1127 617 1155 672 iu
1169 616 1251 681 libro,
1266 642 1274 664 ι
1296 625 1360 685 ete,
1376 622 1403 670 et
1417 613 1450 670 de
1464 612 1620 685 Arnulpho,
1640 611 1827 669 ‹translatio›
1841 615 1873 670 lu

218 691 258 748 ris
270 708 303 748 ac
318 691 463 763 peregrini.
478 716 487 738 ·
1073 688 1146 743 line:
1173 712 1182 736 ·
1197 688 1343 744 Mediolani
1361 688 1389 742 in
1402 685 1568 741 monasterio
1589 685 1744 753 Coronatae,
1765 684 1874 742 ordinis

256 763 401 820 Curiam:
426 764 511 819 ‹lso
530 760 585 828 die,
605 768 762 817 sanctorum
783 757 904 827 Orionis,
933 759 1015 828 Tirsi,
1073 761 1198 815 Fratrum
1210 755 1873 838 Eremitarumbeatidugustiui,depositiobeati

218 834 325 907 Agniti.
355 833 436 906 Apud
463 779 588 890 gastrum
617 831 800 911 Ramerndeu,
821 832 910 886 natale
928 831 1016 888 sancti
1073 830 1181 903 Georgii
1197 831 1399 894 Cremonensis,
1408 829 1461 910 'qui
1477 829 1544 910 'iitae
1557 828 1711 908 sanctitatis
1733 836 1761 884 et
1784 844 1873 884 mira-

219 905 349 962 Balsemii
365 904 494 977 martyris
507 911 534 959 et
549 904 685 960 sociorum
702 919 770 974 ejus.
787 902 942 958 Translatio
956 920 1016 958 san·
1072 903 1197 958 culorum
1214 903 1300 975 gratia
1313 902 1429 974 insignis
1445 901 1508 955 fuit.
1522 899 1649 970 Lugduni
1674 899 1782 966 Gallim,
1799 899 1873 956 beati

219 977 258 1035 cti
272 976 423 1045 Berwardi,
441 974 562 1058 episcopi
574 974 848 1055 Hildepsheymensis
862 981 890 1030 et
903 974 1018 1031 confes·
1071 974 1159 1031 Roclii
1185 975 1360 1041 contessoris,
1388 979 1485 1028 contra
1509 971 1694 1044 pestilentiam
1724 971 1871 1043 adjutoris.

220 1050 301 1105 soris.
317 1048 546 1117 Ostensiosancti
569 1046 698 1101 Hunirrdi
714 1046 835 1118 episcopi
856 1055 883 1102 et
903 1047 1017 1102 coufes-
1072 1045 1153 1101 And
1183 1046 1307 1103 Castrum
1328 1044 1546 1110 Ramerudem,·
1572 1050 1637 1111 etc,
1667 1050 1699 1099 ut
1727 1059 1822 1115 supra.
1842 1044 1872 1100 lu

219 1120 298 1176 soris.
310 1120 351 1176 Lu
369 1119 437 1175 duni
448 1118 554 1185 Galliae,
565 1118 637 1174 beati
649 1116 747 1184 Rochi,
759 1117 894 1189 peregrini
904 1125 932 1173 et
944 1134 1016 1174 con-
1072 1063 1241 1174 editionibus
1254 1116 1334 1172 aliis:
1359 1143 1368 1164 ι
1383 1117 1412 1172 lu
1429 1115 1536 1182 Galliis,
1560 1114 1697 1187 depositio
1720 1115 1794 1171 beati
1815 1116 1873 1172 ilo-

219 1190 340 1248 iessoris.
382 1191 408 1246 ic
417 1191 498 1247 claris
511 1206 546 1245 ex
556 1188 707 1269 Aquitania
717 1189 854 1245 natalibus
868 1196 955 1258 ortus,
966 1197 1016 1245 eta
1072 1189 1151 1256 chi,·
1173 1197 1226 1245 etc.
1242 1191 1280 1244 De
1294 1187 1430 1243 Balsemio
1440 1187 1516 1255 item,
1529 1194 1661 1258 utsupra.
1680 1186 1807 1243 «Eodem
1817 1185 1872 1254 die,

218 1278 304 1335 puero
317 1262 428 1335 optimae
442 1261 670 1328 conversationis,
684 1260 852 1331 singularem
866 1277 883 1316 a
896 1261 1015 1317 Domino
1072 1259 1204 1316 Theodoti
1219 1258 1383 1317 confessoris
1400 1259 1520 1331 episcopi
1544 1258 1722 1314 sedunensis.
1747 1258 1800 1316 Die
1821 1258 1874 1314 de-

219 1332 334 1406 gratiam
348 1333 463 1390 curandi
478 1332 632 1388 hominess
654 1331 750 1388 morbo
767 1332 918 1405 epydemiae
934 1348 1017 1390 acce-
1071 1332 1144 1390 cima
1160 1340 1248 1400 sexta,
1259 1331 1346 1388 sancti
1356 1330 1498 1398 Mandelii,
1510 1339 1538 1386 et
1551 1328 1640 1386 sancti
1654 1330 1788 1403 martyris
1802 1329 1873 1386 Dio-

218 1405 268 1478 pit.
284 1404 405 1461 Tandem
425 1413 487 1476 post
503 1404 591 1460 multa
611 1405 684 1461 hona
702 1418 795 1474 opera,
817 1412 945 1475 tauquam
962 1419 1016 1460 ex·
1072 1403 1169 1459 medis.
1184 1404 1220 1459 Et
1233 1402 1387 1475 deportatio
1401 1403 1435 1459 ab
1450 1402 1518 1458 urbe
1532 1401 1645 1468 Edessa,
1669 1417 1726 1458 nou
1741 1400 1874 1457 mannia-

238 1475 340 1532 lorator
354 1476 383 1531 in
398 1492 506 1534 carcere
521 1477 643 1549 quinque
659 1475 740 1532 auiiis
760 1474 897 1543 detentus,
924 1475 962 1531 ihi
986 1474 1016 1531 in
1071 1484 1122 1532 ctae
1135 1475 1264 1547 imaginis
1279 1474 1390 1531 Domini
1413 1473 1502 1531 nostri
1522 1475 1585 1529 lesu
1607 1472 1722 1532 Christi.
1744 1471 1871 1541 Morinis,

216 1493 338 1605 Bomino
352 1547 469 1621 quievit.
485 1547 645 1615 Mediolani,
662 1545 801 1619 depositio
815 1546 888 1602 beati
905 1546 1016 1628 Georgii
1071 1547 1191 1604 ostensio
1204 1547 1291 1603 sancti
1313 1545 1458 1614 Muniredi,
1475 1561 1489 1600 e
1509 1544 1594 1617 iscopi
1618 1552 1645 1600 et
1660 1543 1865 1601 contessoris·

218 1617 422 1688 Cremonensis,
435 1618 481 1692 qui
493 1619 551 1675 vita
563 1626 590 1674 et
603 1619 743 1674 miraculis
757 1617 904 1690 insigniter
924 1618 1013 1675 fulsit.
1071 1619 1195 1692 Denique
1210 1618 1364 1674 minoribus
1378 1617 1463 1690 typis,
1498 1633 1513 1673 e
1525 1617 1604 1673 heato
1621 1616 1740 1689 Georgio
1762 1615 1872 1675 Cremo·

217 1688 287 1747 Item
309 1690 486 1747 Karolomani
510 1689 684 1746 contessoris.
705 1689 836 1745 Artemius
859 1688 976 1770 virginis
990 1698 1055 1758 etB
1072 1691 1161 1759 nensi,
1178 1697 1315 1764 utsupra.

218 1761 359 1836 martyris,
374 1761 439 1820 filiae
453 1768 554 1818 sancta
575 1761 682 1818 Serenae
697 1767 724 1816 et
746 1759 913 1818 Diocletiani
926 1760 1019 1833 impe-

939 1923 1150 1940 ῃ

217 1996 283 2055 XVI
299 1996 366 2053 Kal.
1306 2052 1313 2061 ,
1764 1991 1816 2049 Di'e
1830 1993 1872 2049 il.

253 2086 335 2159 Apud
345 2084 478 2155 Africam,
490 2093 649 2143 sanctorum
661 2094 816 2160 martyrum
829 2086 950 2145 Liberati
960 2087 1078 2156 abbatis,
1088 2086 1225 2144 Boniiacii
1235 2086 1356 2157 diaeoni,
1368 2086 1457 2144 Servii
1468 2092 1495 2144 et
1504 2084 1611 2144 Rustici
1626 2083 1871 2152 subdiaconorum,

218 2175 313 2248 Rogati
330 2183 356 2232 et
369 2174 485 2247 Septimi
500 2175 711 2245 monachorum,
726 2183 753 2232 et
767 2177 880 2233 Maximi
894 2177 992 2249 pueri;
1020 2178 1067 2251 qui
1089 2178 1278 2250 persecutione
1296 2176 1458 2234 Wandalica
1478 2175 1558 2249 jussu
1580 2174 1714 2233 Munerici
1733 2174 1807 2248 regis
1825 2190 1872 2246 pro

217 2265 391 2322 confessione
404 2265 547 2321 catholice
562 2264 626 2321 fidei
642 2275 670 2322 et
684 2265 760 2322 uni'ci
775 2265 948 2338 baptismatis
966 2265 1137 2336 defensione,
1158 2267 1313 2340 speciosum
1331 2283 1443 2326 cursum
1461 2265 1624 2324 certaminis
1642 2264 1696 2335 sui,
1723 2269 1871 2322 coronante

217 2353 349 2424 Domino,
361 2353 547 2426 perfecerunt.
564 2357 595 2412 In
609 2353 730 2412 Caesarea
745 2356 933 2428 Cappadociae,
945 2356 1137 2415 natalissancti
1153 2357 1308 2416 Mammetis
1328 2357 1469 2430 martyris,
1487 2359 1535 2431 qui
1554 2371 1649 2429 passus
1663 2363 1704 2413 est
1719 2354 1872 2427 imperante

217 2442 369 2499 Aureliano
383 2443 434 2500 sub
447 2443 607 2500 Alexandro
621 2443 746 2516 preside.
763 2444 824 2517 Ipso
839 2443 884 2501 die
899 2444 1009 2503 Octavae
1022 2445 1109 2503 sancti
1124 2446 1266 2505 Laurentii
1280 2447 1420 2520 martyris.

985 2593 1103 2652 NOTAE.

216 2707 316 2861 MPlpri
332 2716 397 2765 suut
411 2709 533 2781 Protea,
549 2709 699 2780 Heiniea,
728 2709 975 2783 Asterop-Major,
988 2714 1138 2785 noemma,
1152 2713 1328 2788 Antnsrpisri,
1337 2714 1552 2783 sidae-tuter,
1563 2712 1711 2782 Munerat,
1728 2712 1833 2769 Grsosii
1846 2719 1872 2768 et

245 2817 261 2858 o
290 2816 319 2860 ii.

829 2930 1032 2988 VARIANTES
1052 2927 1258 2989 LECTIONES.

252 3039 386 3097 Nonnulli
394 3041 510 3124 'codices
524 3041 620 3116 legunt
634 3043 784 3116 Bonesiies'i,
799 3061 855 3102 non
874 3061 938 3102 cum
953 3047 1051 3109 aliisG
1068 3048 1195 3119 hahetur,
1206 3066 1258 3120 pro
1272 3047 1444 3117 consessione,
1464 3046 1619 3119 speciosum,
1636 3054 1689 3103 etc.
1704 3047 1760 3103 Pro
1785 3046 1871 3104 Hans·

216 3118 244 3167 et
258 3127 456 3184 communiori,
471 3123 502 3171 ut
516 3123 557 3171 est
571 3116 705 3173 interitu.
722 3117 830 3173 Praten.
846 3116 928 3173 habet
939 3119 1015 3175 Servi
1068 3120 1129 3188 rici,
1145 3121 1223 3192 ponit
1250 3121 1384 3177 Munerat.
1400 3119 1546 3186 Himerici3
1577 3117 1708 3186 Greven.,
1732 3118 1868 3176 Honorici.

216 3197 279 3238 cum
294 3183 447 3255 Munerato,
470 3193 545 3268 recte
559 3203 594 3244 ex
608 3187 714 3246 Adone.
740 3190 776 3246 At
796 3190 905 3246 Praten.
926 3190 1014 3247 codex
1069 3192 1153 3250 Porro
1173 3194 1308 3264 Autuerp.
1328 3202 1356 3248 et
1373 3191 1553 3248 Max-Lubec.
1578 3190 1609 3246 in
1627 3189 1713 3263 priori
1740 3197 1871 3247 constru-

216 3253 353 3312 secundus
382 3264 415 3339 et¹
437 3257 486 3314 reli
507 3259 537 3315 ui
564 3261 651 3316 nostri
675 3276 781 3330 omnes,
808 3277 871 3317 cum
891 3262 1015 3319 Romano
1069 3264 1160 3320 ctione
1180 3265 1263 3320 etiarn
1288 3263 1406 3331 variant,
1419 3281 1471 3334 pro
1485 3261 1635 3332 defensione
1654 3261 1793 3317 cotliolicae
1810 3261 1872 3334 fidei

217 3340 312 3454 pprvO.
330 3328 425 3410 Seruis
440 3330 481 3411 De
545 3331 612 3410 alibi
634 3332 776 3389 diximus:
805 3333 972 3402 Wosdali‘cc,
988 3341 1015 3391 et
1069 3337 1177 3396 etuniei
1191 3336 1366 3408 baptismatis.
1381 3334 1527 3408 Rosweyd.
1544 3331 1784 3407 properfscsrunt,
1809 3333 1871 3390 sub·

243 3399 385 3455 unadelino
405 3401 479 3481 modi
499 3402 637 3486 scribendi
651 3404 756 3485 ‘Gallici
774 3412 850 3471 sunt,
872 3405 1015 3478 sequimur
1068 3407 1170 3475 stituit,
1183 3414 1365 3480 perceperunt.
1383 3407 1496 3474 Octoloe,
1510 3422 1587 3462 more
1605 3405 1721 3477 antiquo
1744 3404 1871 3461 scribunt

216 3469 441 3553 Antuerp.-MaJ.,
453 3480 505 3530 etc.
518 3474 620 3531 Scribit
630 3475 676 3532 hic
687 3477 891 3544 Wandalorum,
911 3485 938 3532 et
948 3494 1014 3550 prae·
1069 3479 1200 3535 Heriuien
1232 3489 1259 3536 et
1277 3480 1412 3536 Munerat.
1441 3487 1522 3552 atque
1541 3477 1588 3535 hic
1608 3478 1636 3534 in
1656 3476 1712 3533 fine
1730 3492 1796 3533 eum
1815 3477 1871 3532 An·

216 3546 290 3621 terea
304 3557 413 3598 sensum
429 3543 579 3626 infideliter
590 3548 716 3629 corripit,
736 3564 798 3604 nam
821 3548 868 3603 ubi
891 3548 921 3603 in
934 3556 1014 3605 textu
1067 3550 1418 3623 tuerpienMajoreomittit
1429 3550 1565 3621 martyris.
1577 3549 1617 3607 De
1627 3547 1871 3620 dllricom,dpliri·

217 3609 318 3693 legitur
328 3629 396 3738 Ὺνο
406 3614 565 3696 confessione
577 3618 711 3697 eotliolicoe
727 3619 792 3698 fidei·
806 3624 830 3699 et
844 3619 916 3699 uiiici
929 3619 1012 3701 lapti-
1068 3639 1135 3687 eom,
1152 3623 1274 3693 dpoeoni,
1305 3622 1472 3695 Capadocioe,
1487 3629 1514 3679 et
1539 3620 1569 3679 id
1597 3636 1683 3694 genus
1703 3620 1779 3690 aliis,
1795 3619 1870 3677 suffi-

216 3689 309 3738 tmotis
351 3683 491 3755 escariotis,
519 3703 672 3759 speciosum,
692 3698 756 3758 etc,
785 3688 825 3745 ibi
851 3690 1015 3762 simpliciter
1068 3693 1143 3750 ciant
1156 3693 1223 3750 alibi
1235 3694 1321 3753 dicta.

890 3835 1192 3896 OBSERVATIONES.

252 3946 529 4029 Romanumparvum
541 3947 580 4005 ita
589 3949 672 4007 hodie
683 3951 853 4022 pronuntiat:
865 3952 1011 4023 sodimon,
1066 3952 1254 4010 monumentis
1285 3951 1450 4021 verioribus,
1484 3971 1544 4028 quar
1584 3953 1657 4028 apud
1690 3953 1869 4011 Ruinartium

216 4023 366 4100 niortpriam
384 4019 503 4076 Liberoti'
518 4020 631 4088 cibatis,
645 4022 782 4091 Bonifccii
794 4024 910 4094 diaconi,
926 4024 1012 4082 Servii
1066 4024 1186 4082 indicata
1199 4023 1324 4080 invenies
1347 4025 1420 4081 inter
1434 4026 1565 4084 Selectaa
1587 4043 1621 4099 pa
1643 4068 1647 4079 .
1674 4025 1740 4083 tro.
1766 4025 1870 4082 Gallice

216 4091 240 4141 et
258 4088 359 4170 Rustici
390 4092 549 4173 stallorum
567 4093 614 4148 sui
645 4094 799 4151 Wandoli'cu
822 4097 1009 4178 persecutione.
1066 4113 1132 4153 vero
1151 4095 1267 4152 deducta
1286 4113 1302 4152 a
1321 4043 1660 4166 ritiemomiotomolil,
1681 4114 1781 4180 apag.
1805 4095 1868 4153 358.

216 4160 307 4239 Atque
319 4159 366 4242 hic
380 4178 486 4244 pri-mus
499 4164 703 4291 est-Martp'rolo
724 4183 764 4247 .⁸2
783 4169 878 4240 quide
894 4167 937 4225 his
951 4185 1010 4225 san·
1065 4169 1219 4224 Romanum
1244 4183 1359 4240 parrum
1384 4169 1424 4225 sic
1446 4168 1479 4226 de
1494 4170 1632 4227 Mommete
1645 4169 1790 4226 breviter:
1816 4169 1868 4226 Ce-

216 4236 268 4285 ctis
283 4243 444 4316 meminerit·
454 4244 480 4291 et
499 4235 609 4308 quidem
650 4254 681 4293 ac
722 4254 757 4307 ie,
773 4255 836 4296 cum
855 4239 922 4297 satis
940 4257 1012 4296 cori-
1066 4256 1158 4307 sorec,
1187 4240 1335 4297 Mammetis
1363 4242 1502 4313 martyris.
1531 4242 1629 4298 Utrum
1654 4240 1715 4297 Ado
1734 4240 1869 4322 martyris

215 4309 269 4358 stet
283 4317 329 4358 eos
345 4321 366 4360 ii
380 4305 445 4387 Julii
457 4315 614 4388 'martyrum
629 4325 843 4366 consummasse.
864 4311 936 4376 Ado,
947 4329 1012 4368 cou·
1067 4311 1143 4368 illius
1157 4312 1226 4367 Acta
1239 4312 1331 4438 alipua
1341 4311 1453 4380 viderit,
1467 4313 1584 4369 dubium
1598 4312 1664 4369 facit
1676 4311 1738 4384 ejus
1747 4315 1866 4385 elogium

215 4373 289 4429 sulto
306 4385 527 4458 annuntiationis
544 4380 630 4448 fonte,
651 4395 749 4453 nempe
773 4381 884 4438 Victore
904 4383 1012 4440 Vitensi
1066 4384 1218 4440 solitocom
1240 4398 1273 4438 eu
1296 4383 1734 4458 iosius,utpotequinihilaliud
1748 4385 1867 4457 proferat

215 4459 275 4570 pag.
292 4445 338 4528 Sd,
353 4450 525 4531 singulorum
539 4451 675 4523 expressit
694 4451 817 4523 nomina,
837 4462 864 4510 et
885 4455 1011 4527 martyrii
1024 4496 1049 4555 D
1066 4471 1147 4527 quarn
1157 4400 1277 4528 quoifex
1288 4471 1320 4510 eo
1332 4455 1470 4512 Usuardus
1482 4456 1637 4530 descripsit.
1649 4455 1866 4513 wandalbertus

235 4523 358 4600 retortam
378 4520 468 4577 insius
482 4530 641 4594 prosecutus
655 4531 706 4580 est.
727 4524 864 4582 Notkerns
882 4525 915 4582 de
936 4542 1011 4583 ruore
1065 4542 1129 4582 eum
1143 4527 1232 4583 solum
1248 4526 1386 4599 praedicat,
1403 4526 1448 4584 his
1460 4527 1570 4585 verbis:

215 4602 330 4670 messem
344 4598 479 4664 integram
497 4609 575 4649 suam
601 4594 676 4658 fecit,
702 4595 800 4653 Noster
821 4597 895 4677 stylo
913 4614 964 4654 suo
980 4614 1011 4654 ea

214 4667 329 4784 apptavit,
344 4679 404 4742 que
420 4663 448 4719 in
464 4665 596 4723 laterculo
611 4666 718 4722 reddita
732 4677 807 4725 sunt.
827 4667 904 4725 Sitne
919 4678 1009 4725 autem

238 4736 324 4812 ἰοῑοζι
340 4732 447 4814 Vitensi
466 4735 613 4819 tribuenda
631 4736 745 4794 celebris
773 4739 856 4821 hujus
876 4740 1011 4813 passionis
1101 4743 1204 4810 Restat,
1221 4743 1318 4800 Octavii
1332 4745 1414 4800 sancti
1428 4743 1716 4814 Laniundimartyris,
1729 4744 1763 4800 ab
1779 4743 1863 4799 omni·

215 4798 341 4882 hystoria,
356 4801 508 4886 diligentur
538 4809 791 4891 uaritRuiuartius
806 4829 835 4866 in
850 4829 899 4868 sua
912 4813 1011 4869 Histo-
1064 4811 1115 4870 bus
1130 4813 1291 4872 Usua‘rdinis
1304 4815 1446 4874 codicibus
1464 4824 1576 4884 notata;
1592 4815 1702 4872 tametsi
1719 4814 1794 4874 Clar.
1811 4815 1864 4873 Ca-

214 4887 262 4928 rrae
282 4882 480 4955 persecutionis
537 4878 669 4960 andalrcae
688 4882 839 4938 norissima
855 4882 1010 4940 editiouea
1064 4884 1196 4941 stellanus
1210 4886 1360 4944 adverterit
1382 4887 1410 4942 in
1426 4887 1520 4945 codice
1535 4886 1659 4944 Pratensi
1676 4886 1863 4943 annuntiatio·

214 4959 274 5017 pag.
292 4944 338 5026 st,
353 4945 400 5002 ubi
416 4946 450 5003 de
462 4956 589 5031 martyrii
600 4959 732 5031 tempore,
745 4953 836 5015 modo.
850 4953 895 5010 die
905 4971 935 5012 ec
949 4957 1009 5011 loco
1064 4972 1127 5012 nem
1143 4956 1232 5026 illam,
1246 4959 1332 5015 videri
1345 4958 1428 5029 ferme
1441 4960 1581 5032 adjectam,
1596 4975 1678 5015 manu
1698 4958 1807 5030 quidem
1820 4958 1863 5013 eis

213 5017 293 5142 leura
303 5016 501 5100 discutiuntur,
514 5021 614 5093 quibus
625 5039 711 5094 punge
722 5034 800 5081 notas
812 5024 871 5097 ejus
881 5027 1007 5099 papilii.
1063 5028 1178 5096 diuersa,
1194 5031 1238 5085 sed
1252 5032 1367 5103 spatium
1381 5031 1491 5103 implere
1515 5032 1544 5088 iii
1565 5033 1616 5104 fine
1635 5030 1712 5087 lineos
1732 5031 1861 5087 relictum.

234 5104 252 5169 'e
279 5089 380 5171 celebri
408 5092 554 5175 Mansuete,
580 5094 718 5176 Memento,
744 5097 870 5165 Maronis,
892 5114 948 5153 uno
965 5098 1008 5154 rel
1063 5100 1141 5167 Quod
1157 5101 1178 5156 si
1194 5117 1288 5157 reruni
1306 5110 1357 5170 est,
1372 5119 1428 5158 non
1448 5103 1476 5159 in
1491 5120 1524 5159 eo
1538 5104 1628 5160 solum
1642 5101 1750 5170 codice,
1771 5102 1820 5159 sed
1836 5102 1863 5158 in

213 5158 339 5243 diversis,
352 5162 762 5242 pluradrsqniritFlorentinius
774 5184 807 5222 ex
819 5168 1009 5240 Hieronymia-
1062 5171 1193 5228 omnibus
1204 5174 1404 5246 antiquissimis
1423 5174 1526 5232 iactum
1550 5174 1635 5231 fuisse
1655 5173 1792 5246 oportuit.
1809 5175 1862 5230 Mo

213 5246 306 5312 uis‚·in
318 5234 740 5319 quiliusmoaacliusappellatur.
753 5239 1006 5309 Baronius,Basilii,
1062 5243 1161 5299 sandei
1180 5247 1469 5303 commemorationem
1490 5248 1567 5303 illam
1586 5246 1666 5318 plane
1687 5244 1862 5302 Adonianam

212 5301 373 5386 Nazianzeiii
393 5313 420 5362 et
434 5308 746 5392 aliorumpauegy'ricos
761 5312 807 5366 uui
823 5311 890 5368 huic
913 5321 1008 5369 nostro
1062 5317 1179 5383 censuit,
1190 5318 1398 5390 Rosweydusin
1409 5319 1587 5390 appendicem
1600 5315 1695 5389 rejecit
1707 5336 1714 5383 ;
1724 5324 1863 5390 uterprae·

212 5372 264 5426 sub
292 5391 410 5460 nomine·
430 5380 574 5436 Manantes
600 5381 721 5438 asenmt
752 5382 818 5438 Inde
845 5383 920 5439 varia
939 5400 1008 5456 sug·
1062 5386 1191 5443 ferundis
1203 5388 1249 5454 sit,
1262 5398 1291 5445 tu
1303 5389 1463 5446 videderit
1485 5389 1604 5462 nunquit
1623 5389 1652 5443 iu
1667 5389 1728 5460 ipso
1743 5391 1863 5462 genuino

213 5452 311 5525 gerunt
340 5462 421 5515 varii,
454 5467 514 5534 qun
544 5468 648 5534 rursus·
669 5451 848 5537 adtlocum·
865 5455 1006 5527 proprium
1061 5458 1135 5514 Beda
1149 5459 1249 5516 diserte
1264 5461 1286 5516 si
1308 5470 1396 5529 untur,
1414 5463 1519 5519 Octoooe
1532 5462 1616 5517 sancti
1630 5460 1864 5517 morosiori-“a-

212 5510 385 5598 discutienda
399 5531 575 5600 remittimus.
585 5524 626 5580 Tu
641 5534 752 5583 interim
762 5526 1007 5584 videsisActorum
1062 5538 1134 5597 teor;
1151 5531 1196 5587 sed
1206 5549 1255 5588 cur
1267 5478 1407 5590 agflabano
1423 5534 1606 5607 praetermissa
1625 5532 1672 5598 sit,
1688 5531 1764 5588 haud
1780 5533 1864 5607 equi-

212 5581 365 5664 Mammetis
374 5594 568 5662 compendium
580 5596 652 5677 apud
671 5597 824 5665 Rabauum,
842 5599 915 5672 quod
925 5614 960 5654 ex
975 5616 1007 5655 eo
1061 5602 1122 5658 dem
1132 5603 1267 5676 intelligo.
1279 5604 1413 5663 Caeterum
1423 5614 1498 5664 certa
1507 5613 1534 5662 et
1544 5602 1702 5661 indubitata
1709 5613 1751 5662 est
1761 5604 1859 5661 Usuar-

210 5653 326 5736 totidem
347 5659 404 5716 iere
418 5664 509 5746 uersis
525 5675 630 5749 accepit
651 5668 797 5750 Motlierus.
822 5669 905 5727 Porro
930 5671 1007 5728 Actis
1061 5673 1087 5730 di
1109 5674 1194 5730 nostri
1215 5676 1307 5745 lectio,
1327 5678 1504 5749 quantumvis
1525 5677 1626 5732 mirum
1646 5675 1738 5732 videri
1753 5675 1862 5745 debeat,

211 5724 268 5783 illis
281 5727 525 5812 Metaplirasticisa
535 5737 616 5795 Surio
626 5738 719 5821 editis,
733 5740 817 5798 fidere
829 5758 885 5799 non
904 5741 1007 5800 audant
1060 5744 1147 5801 solius
1162 5745 1245 5818 hujus
1261 5756 1288 5805 et
1302 5750 1488 5822 apostolorum
1512 5749 1586 5806 Petri
1601 5756 1629 5805 et
1651 5747 1732 5805 Pauli
1758 5748 1864 5806 Oetacis

209 5797 312 5858 eruditi
327 5808 502 5875 recentiores,
514 5807 669 5867 Mammeos
680 5810 825 5869 historiam
837 5819 962 5872 texentes
971 5832 1006 5873 ex
1061 5818 1232 5888 memoriam,
1247 5819 1320 5893 apud
1334 5821 1424 5894 ipsum
1439 5820 1564 5897 reperiri.

1160 4633 1271 4697 Murtyre
1289 4636 1417 4684 seilecimu
1433 4636 1538 4697 effulget
1551 4635 1690 4685 Mammete
1702 4637 1790 4687 beato.
