3834 6136
147 259 198 316 tlt

684 258 1003 317 usuuuttououiuit.
1023 290 1058 303 -
1081 260 1186 318 MENS.
1207 261 1285 319 OCT.

1751 264 1804 322 stt

147 403 191 458 syo
205 384 289 457 diliye
302 384 333 438 in
348 383 466 439 unitata
483 384 536 439 -ln
550 382 605 439 tine
622 382 656 439 de
670 387 763 440 Aurea
774 382 852 440 addit
866 384 950 443 verba
965 391 992 450 Α
1068 385 1184 445 Imperii,
1201 386 1305 436 laudum
1316 395 1403 435 samm
1414 396 1595 448 monnruama;
1609 390 1680 440 fuisit

146 459 299 516 nasama
311 471 317 508 :
328 454 362 511 de
377 453 525 511 Francisco
540 454 623 511 verba
636 455 735 512 Barim
748 456 842 524 refert,
857 459 949 514 selum

1069 447 1101 497 Et
1112 457 1184 510 pater
1199 458 1224 498 et
1240 457 1326 511 pastor
1341 457 1418 498 tantae
1432 449 1601 511 dignissimus
1614 452 1693 514 urbis,
1706 462 1754 503 etc.

145 529 251 586 addens
259 534 327 655 post
340 526 508 606 aeduatus,·
521 542 595 607 anno
608 527 761 608 dominicae
774 529 950 608 incarnatio·
1005 531 1142 588 Hactenus
1164 531 1253 603 prima
1271 541 1299 589 et
1323 533 1419 606 purior
1442 533 1539 592 editio.
1556 535 1587 591 ln
1603 536 1803 606 posterioribus

146 600 189 658 nis
206 599 259 656 122
289 617 296 666 ;
313 622 322 644 ·
345 604 392 653 et:
415 622 425 645 ι
441 597 527 668 Cuyus
543 607 631 654 vitam
645 600 791 726 ¹⁰⁰¹1s²²ffli
804 601 949 657 miraculis
1003 605 1090 660 sancti
1111 604 1252 661 Francisci
1266 605 1442 660 annuntiatio
1455 606 1556 663 litteris
1569 605 1674 663 Italicis
1689 608 1803 678 ponitur

144 674 255 746 plenam
268 668 403 727 describit
415 669 618 725 Beneventum.
627 671 696 726 ltem

730 671 845 740 reveris,
855 672 947 730 Tbirsi
1001 675 1094 746 primo
1109 676 1179 730 loco.
1196 677 1235 731 Pe
1251 675 1317 733 Caio
1333 675 1475 732 adduntur
1485 694 1545 752 que
1559 678 1757 749 supra.lnline
1767 679 1803 738 de

144 751 170 801 et
182 743 325 800 sociorum
341 739 412 812 ejus,
439 739 490 796 snb
514 740 674 797 Rictiovaro
695 743 822 815 preside.
842 767 851 790 ι
875 744 946 800 'Puni
1001 744 1093 802 Aurea
1106 754 1133 802 et
1148 747 1266 817 Thyrso,
1280 748 1364 803 etiam
1379 755 1410 803 ut
1424 765 1516 821 supra.
1528 749 1616 805 Tum:
1636 750 1801 821 «Bononia,

141 815 218 944 pppis
233 811 395 894 minoribus
406 811 441 910 de
455 810 602 894 Quintino,
619 820 653 868 nt
671 829 764 885 snpra.
789 814 947 898 Succedunt
1001 817 1227 899 sanctiPetrcnii
1240 818 1363 902 episcopi
1384 826 1412 875 et
1436 820 1613 902 contessoris.
1640 845 1650 870 ι
1670 820 1801 905 Sequitur

159 885 243 943 einde
268 891 435 956 sequeutia.
460 905 470 930 ι
495 883 619 956 Baptista
635 885 802 942 Mantuanus
813 902 843 942 tn
857 888 946 944 Fastis
1000 887 1034 944 de
1048 888 1194 957 Quintino,
1211 897 1242 945 ut
1256 906 1286 945 in
1301 906 1399 961 prima.
1418 891 1489 947 Deru
1505 909 1512 947 ε
1539 891 1695 960 «virduni,
1711 899 1800 951 saneti

142 955 351 1016 Ecclesiasticis
366 954 416 1010 lib.
429 971 449 1010 x
465 972 471 1011 :
488 979 498 1004 a

203 1078 269 1128 Haec
279 1075 369 1127 eadem
384 1075 439 1134 tibi,
458 1076 574 1138 Petroni,
590 1077 760 1129 celeberrime
771 1080 858 1141 gentis

203 1140 367 1214 Flammiuiae
379 1140 507 1253 princeps,
521 1141 565 1189 lux
576 1149 727 1215 eetnsacruta
739 1151 849 1201 tuarum,

204 1202 380 1268 Patareaque
392 1215 460 1266 quea
482 1216 523 1252 am
533 1203 628 1254 'lbnsci
640 1212 717 1269 caput
731 1218 790 1255 esse
801 1206 902 1256 solebat

998 960 1151 1031 Magdalvei
1166 960 1288 1033 episcopi
1300 970 1327 1017 et
1339 962 1506 1020 confessoris
1520 962 1628 1020 eximii.
1645 988 1655 1013 ι
1675 964 1735 1020 lam
1747 980 1800 1022 su·

999 1046 1116 1103 pranoii
1137 1033 1221 1088 semel
1246 1032 1380 1102 diximus,
1406 1034 1552 1105 legendum
1576 1051 1635 1092 esse
1657 1034 1797 1096 Medinat.

1005 1126 1015 1149 ι
1034 1103 1084 1158 Die
1099 1111 1205 1176 quana,
1219 1104 1308 1160 sancti
1319 1104 1558 1162 Patrisllierotbei
1571 1106 1693 1179 episcopi
1706 1106 1799 1164 Atbs·

997 1189 1107 1230 uarum.
1123 1200 1132 1222 ι
1156 1175 1225 1231 Vide
1240 1175 1364 1231 notulam
1380 1174 1540 1245 Castellum,
1556 1193 1617 1250 qum
1630 1176 1654 1234 si
1670 1185 1796 1246 veraest,

997 1251 1024 1300 et
1037 1243 1083 1301 bic
1096 1253 1124 1303 et
1137 1245 1167 1301 in
1180 1246 1304 1303 Romano
1320 1246 1455 1305 delendus
1467 1247 1530 1304 erit.

866 1381 1079 1396 —

139 1430 179 1486 Ill
194 1430 267 1487 Nan.

1703 1436 1794 1495 utet.

180 1520 263 1595 Apud
275 1518 409 1589 Siciliam,
421 1519 522 1577 natalis
536 1530 695 1580 sanctorum
710 1531 864 1595 martyrum
874 1522 990 1594 Placidi,
999 1525 1103 1584 Euticii
1113 1536 1140 1583 et
1149 1526 1268 1584 aliemm
1282 1528 1407 1601 triginta.
1427 1529 1458 1585 ln
1472 1526 1619 1596 Eumenia,
1634 1527 1708 1585 beati
1723 1528 1797 1584 Pra-

145 1610 186 1667 sei
202 1608 329 1682 episcopi,
339 1607 412 1681 apud
424 1608 563 1666 Smimam
579 1609 714 1682 martyrio
728 1611 923 1670 consummati.
939 1614 972 1670 ln
991 1614 1091 1671 Galliis
1102 1615 1215 1674 civitate
1226 1617 1365 1684 Valentia,
1375 1616 1463 1675 sancti
1478 1616 1651 1690 Apollinaris
1660 1615 1794 1703 intrepi,

142 1697 225 1771 cujus
235 1705 262 1754 et
271 1696 328 1754 vita
341 1696 495 1755 virtutibus
507 1696 625 1771 insignis
639 1698 703 1766 tuit,
719 1707 746 1755 et
759 1715 833 1756 mors
845 1700 1031 1760 nibilominus
1044 1704 1131 1776 signis
1143 1711 1170 1760 et
1184 1704 1319 1778 prodigiis
1329 1704 1485 1762 decoratur.
1501 1705 1694 1773 Autisiodere,
1708 1704 1793 1776 depo·

139 1789 206 1848 sitio
219 1795 380 1846 sanctorum
394 1789 595 1847 Germanorum
610 1789 726 1847 Pirmati
742 1790 852 1848 diaconi
867 1801 895 1849 et
908 1792 1048 1851 Flavianae
1062 1793 1190 1867 virginis.

938 1920 1006 1977 TAE.

168 2017 234 2075 Puri
249 2025 317 2074 suut
330 2016 454 2084 Pratum,
469 2015 619 2086 duriciam,
639 2015 865 2092 namorp-May,
884 1920 1032 2095 ganemu,
1052 2019 1183 2095 Anturrp.
1201 2026 1229 2076 et
1247 2017 1445 2090 llam-Lubet,
1464 2019 1611 2087 Munerat,
1636 2018 1748 2077 dream.
1763 2016 1791 2078 et

131 2111 237 2170 Melan.

743 2228 947 2289 vastaturus
967 2229 1175 2288 LECPIONES.

169 2327 297 2402 Sysiliam
319 2326 416 2385 scribit
435 2329 511 2384 solus
535 2329 662 2396 Praten.;
684 2329 760 2385 selus
782 2331 969 2402 doluere-B
990 2333 1121 2398 Pharum,
1136 2332 1268 2398 Transeo,
1281 2338 1333 2386 etc.
1348 2330 1453 2386 Rursus
1464 2328 1601 2386 Srnirrram
1611 2328 1708 2403 scripsi
1724 2328 1791 2385 sim·

133 2398 210 2473 ttaj..
229 2399 364 2458 cecilium.
376 2400 407 2456 ln
417 2399 509 2457 Antue
543 2399 600 2456 ien.
613 2407 655 2457 est
669 2401 776 2469 Placiti,
792 2409 824 2459 ut
838 2401 932 2458 Hiero·

133 2471 368 2545 nymianaaliqua
382 2469 502 2538 babent;
546 2472 710 2528 aii.-Lubec.
722 2472 831 2529 mendis
840 2474 932 2545 serip-

133 2543 215 2599 toriis
233 2543 313 2614 plena
323 2549 364 2598 est
377 2542 524 2613 Eutychiae
538 2543 614 2600 varie
627 2543 752 2613 effertur,
764 2545 865 2617 reliqui
877 2547 932 2601 Eu·

134 2614 200 2682 licii,
225 2613 385 2687 pluralitate
413 2613 619 2686 suffragiorum,
644 2630 745 2687 nempe
773 2616 931 2688 llosweydi,

133 2686 266 2753 Graves„
291 2684 459 2753 Tornacen,
480 2693 535 2742 etc.
555 2687 665 2743 Praten.
690 2686 772 2744 babet
796 2687 929 2755 Eutialrii3

133 2756 290 2824 Hermian,
303 2756 421 2824 liutsind
432 2756 768 2830 Antuerpienses,ldutici;
781 2760 929 2826 Munerat,

130 2828 241 2895 Ethici;
257 2829 333 2885 solus
346 2827 461 2893 Melan,
477 2837 559 2885 recte.
578 2829 654 2886 ldem
668 2831 785 2887 recurrit
800 2831 828 2886 iri
847 2831 931 2887 Phra

132 2916 195 2965 saar,
212 2898 291 2972 cujus
306 2914 407 2955 nornen
424 2899 568 2956 efformavi
582 2916 619 2957 en
632 2902 754 2971 Pratum,
773 2900 931 2970 Hermian,

132 2971 257 3029 Graven.
281 2979 308 3027 et
328 2970 429 3028 Melan.
444 2972 525 3043 Apud
541 2971 611 3029 alios
624 2982 666 3029 est
686 2974 797 3043 Praaim
817 2975 932 3043 Persice,

987 2402 1097 2475 pliciter
1110 2419 1145 2458 ex
1159 2401 1291 2456 omnibus
1312 2400 1401 2455 ferme
1413 2398 1565 2466 codicibus,
1581 2409 1698 2481 excepto
1718 2400 1789 2456 Pra-

985 2474 1056 2530 tensi
1081 2481 1108 2527 ct
1130 2473 1197 2528 item
1217 2472 1319 2528 Melan.
1336 2471 1418 2542 Lego,
1433 2469 1511 2539 cujus
1524 2477 1549 2524 at
1563 2470 1619 2526 aito
1632 2470 1786 2553 uirtutibus,

986 2552 1051 2612 etc,
1067 2553 1163 2600 contra
1177 2559 1258 2617 quam
1274 2541 1394 2598 babeant
1406 2543 1515 2597 Prateu.
1528 2549 1555 2597 et
1568 2541 1725 2608 Hermian,
1736 2558 1786 2614 qui
1868 2611 1869 2614 Ἴ

986 2615 1120 2672 omittunt
1152 2615 1297 2671 articulum
1308 2620 1340 2681 et,
1353 2629 1435 2686 quain
1448 2619 1555 2668 certum
1565 2610 1788 2668 uideturUsuar·

986 2686 1053 2743 dum
1075 2703 1110 2742 ex
1130 2631 1228 2743 Kdoue
1249 2684 1383 2757 posuisse,
1409 2682 1457 2757 qui
1482 2690 1582 2738 caetera
1596 2682 1691 2738 omnia
1705 2699 1741 2738 eu
1755 2699 1787 2738 eo

986 2758 1114 2830 sumpsit.
1130 2755 1228 2814 Nescio
1242 2773 1292 2812 cur
1308 2754 1427 2812 Greven.
1442 2761 1469 2809 et
1482 2753 1585 2808 Melan.
1603 2761 1667 2809 ante
1685 2770 1787 2824 yarrria·

986 2846 1082 2884 aarum
1099 2827 1287 2901 expunxerint
1298 2833 1461 2890 schalmum,
1487 2824 1528 2881 uti
1551 2824 1700 2897 Rosweyd.
1723 2831 1788 2881 ante

991 2903 1095 2958 Praseoe
1108 2899 1212 2956 delevit
1225 2899 1305 2955 hecti.
1319 2900 1359 2955 De
1368 2895 1572 2964 Niehileminus,
1588 2894 1712 2967 dyocesi,
1720 2903 1786 2964 etc,

986 2972 1058 3028 nibil
1073 2970 1223 3029 dicendum
1238 2978 1289 3027 est.

788 3098 1090 3158 OBSERVATIONES.

168 3190 287 3250 Codices
309 3191 411 3249 Hieron
433 3193 520 3249 miani
544 3195 676 3253 Lucensis
695 3205 722 3253 et
745 3196 929 3265 Coibeiensis,

130 3272 191 3320 tum
204 3278 260 3346 qius..
280 3272 339 3319 tum
353 3209 526 3346 anbxcberio
541 3267 680 3338 vulgatus,
697 3268 799 3324 diserte
812 3271 907 3341 legunt
921 3286 928 3324 :

130 3337 166 3392 ln
180 3336 286 3402 Statim,
296 3335 410 3404 Pueri,
424 3337 467 3392 vel
484 3338 591 3405 Pluaili,
603 3339 693 3395 Euliai
702 3341 850 3395 stallorum
859 3357 928 3396 xxx.

129 3405 247 3462 Mutilus
270 3405 382 3462 videtui
404 3409 626 3479 Epternacensis,
642 3410 709 3467 dum
724 3412 814 3467 selum
829 3420 927 3468 notat:

129 3478 222 3534 liutici
230 3484 255 3533 et
267 3478 387 3559 eliorum
402 3497 463 3535 viii.
479 3480 608 3537 Rabanus
620 3481 649 3537 iii
663 3482 776 3538 nomine
790 3498 853 3539 cum
868 3499 929 3556 pos·

128 3554 219 3605 treme
233 3557 377 3617 convenit,
392 3549 421 3605 in
436 3552 575 3608 socierum
593 3569 797 3626 anonymorum
812 3570 929 3610 numero

983 3195 1134 3253 contrabit.
1151 3195 1237 3250 Porro
1254 3194 1323 3249 Acta
1336 3192 1451 3264 praetuta
1459 3191 1595 3246 atrocibus
1608 3190 1710 3246 mendis
1725 3201 1791 3248 suo*

983 3283 1080 3322 narare
1106 3265 1195 3321 cenati
1222 3270 1285 3318 sunt
1306 3263 1443 3319 richerius
1457 3269 1485 3318 et
1499 3261 1624 3329 llabilio,
1636 3261 1671 3318 de
1685 3260 1788 3334 quibu³

984 3337 1088 3394 videsis
1107 3338 1203 3409 paucis
1216 3336 1269 3393 Res
1289 3334 1420 3390 essiones
1434 3331 1617 3403 Papebrocbii
1629 3332 1664 3388 ad
1679 3339 1732 3388 art.
1742 3349 1783 3390 xii

984 3425 1063 3465 num.
1079 3409 1132 3465 238
1145 3415 1173 3463 et
1192 3405 1254 3464 239.
1269 3351 1325 3461 Flos
1338 3413 1436 3461 cetera
1451 3406 1512 3461 loco
1530 3404 1643 3477 proprio
1657 3419 1789 3460 reserva-

985 3497 1060 3608 meppe.
1082 3551 1199 3606 Thrasea
1212 3549 1253 3605 sic
1267 3549 1373 3621 primus
1393 3548 1476 3605 bodie
1502 3562 1537 3603 ex
1563 3546 1646 3602 solito
1669 3544 1786 3604 ductore

129 3619 195 3677 aliis
208 3620 370 3677 subscribit.
387 3622 439 3678 llic
449 3622 506 3694 jam
522 3624 598 3680 varie
613 3642 641 3681 se
655 3633 765 3697 torquet
786 3625 929 3682 Florenti·
946 3645 968 3706 ρ
984 3622 1085 3705 Rufino
1099 3620 1148 3676 lib.
1166 3637 1192 3688 v,
1208 3637 1240 3677 ca
1263 3620 1325 3687 24,
1340 3620 1466 3676 meminit
1482 3626 1579 3675 auctor
1592 3616 1711 3675 Romani
1726 3632 1787 3689 par-

129 3691 206 3759 mas,
214 3698 246 3747 ut
258 3692 356 3764 spiras,
367 3693 530 3762 amfractus,
540 3697 672 3768 embeyss,
684 3697 928 3766 imolabyririthum

132 3779 257 3818 errorum
270 3764 437 3836 complanet,
452 3766 499 3839 qui
512 3782 547 3822 ex
562 3767 639 3824 betis
662 3768 927 3850 pseudo-Gordianis

132 3842 305 3915 emanarunt,
316 3836 390 3908 quod
405 3852 487 3908 quam
502 3846 573 3894 esset
582 3839 777 3905 didicissetis
788 3840 928 3913 perspexit

131 3904 269 3962 Baronrus
279 3905 312 3962 ad
326 3923 430 3963 aunum
448 3909 511 3974 529,
526 3925 603 3964 num.
622 3910 655 3966 10
668 3917 695 3966 et
707 3910 792 3978 alibi;
810 3910 927 3968 lateriti-

128 3974 184 4031 bus
200 3976 282 4033 modo
296 3977 486 4035 Benedictinis
499 3979 577 4052 ipsis,
587 3980 692 4036 fontem
702 3997 736 4037 ex
751 3998 806 4054 quo
819 3983 926 4038 Mauro·

128 4047 210 4118 lycus
223 4047 326 4121 aliique
341 4049 466 4118 hausere,
481 4050 625 4107 turbidum
639 4068 749 4124 prorsus
763 4061 790 4109 et
805 4054 927 4109 lutosum

126 4133 206 4185 esse;
223 4119 336 4201 adeant
350 4121 539 4202 Theodericus
555 4123 756 4180 Ruinartiusin
766 4122 927 4206 Appendice

126 4189 163 4246 ad
178 4190 343 4262 Apologiam
360 4192 501 4250 missionis
514 4195 602 4251 sancti
623 4195 722 4264 Mauri,
739 4211 793 4251 nen
810 4203 849 4251 ita
883 4197 927 4253 ri-

126 4259 191 4316 dam
202 4260 291 4342 edita,
307 4262 387 4318 aliam
404 4266 485 4336 plane
502 4266 576 4321 viam
587 4266 701 4321 iniverit
714 4266 749 4322 ad
762 4213 926 4323 salvandum

126 4332 245 4412 Placidi,
256 4333 400 4390 Benedicti
409 4335 550 4408 discipuli,
559 4338 664 4393 cultum
671 4337 739 4393 ‚Non
749 4338 821 4393 alius
830 4354 924 4395 eccur-

127 4410 165 4458 nt
186 4404 286 4460 modus
299 4404 457 4476 expeditior
470 4423 553 4480 quain
567 4407 591 4464 si
608 4409 734 4464 Placidus
746 4409 817 4464 alter
830 4410 865 4464 ab
879 4410 927 4464 al-

126 4474 400 4548 teredistinyuatur⁴
422 4478 479 4536 lloe
504 4488 578 4535 certe
601 4478 790 4535 indubitatum
813 4479 926 4536 videtur

126 4545 238 4601 nullum
249 4547 426 4621 antiquorum
436 4549 765 4623 Martyrclogorumdum
776 4551 925 4619 Placidum,

124 4617 290 4687 Eutychiani
307 4627 334 4674 et
348 4621 437 4676 socios
451 4637 606 4694 anonymos
622 4628 789 4688 memorant,
810 4623 853 4678 vel
878 4639 926 4694 per

125 4686 255 4743 umbram
278 4690 414 4761 cogitasse
438 4694 587 4749 monachos
600 4692 686 4765 ipsos,
702 4692 820 4749 necdum
833 4693 926 4750 Berre-

124 4757 250 4840 dictinos
267 4760 363 4841 inisse,
379 4762 453 4834 quod
468 4763 601 4834 proiecto,
618 4765 666 4838 qni
683 4764 811 4822 monaehi
826 4775 853 4822 et
872 4763 925 4837 ipsi

124 4836 215 4898 erant,
229 4847 371 4888 insinuare
382 4850 436 4889 non
446 4835 640 4906 neglexissent,
652 4844 684 4891 ut
694 4837 795 4908 passim
808 4837 924 4905 iaciunt,

124 4900 229 4957 frustra
244 4901 291 4958 bic
304 4910 332 4958 et
345 4904 496 4962 subtimide
513 4907 678 4963 reclamante
695 4908 850 4967 Ruinarlio.
869 4910 926 4965 Pa-

983 3711 1011 3750 vr
1029 3710 1035 3748 :
1052 3692 1199 3757 Euruaniaa,
1218 3636 1340 3748 eraseu
1352 3691 1477 3773 episcopi,
1493 3689 1530 3745 ed
1549 3690 1694 3760 Smyrnam
1707 3705 1786 3744 core·

981 3766 1050 3832 nati,
1066 3764 1113 3835 ym'
1128 3762 1259 3831 unussuit
1270 3780 1303 3818 eu
1312 3763 1515 3834 antiquis.l{asc
1527 3759 1562 3816 ab
1576 3760 1674 3816 Adone
1686 3776 1721 3817 ex
1731 3760 1787 3816 Eu·

981 3837 1058 3892 sebio
1066 3834 1196 3891 nonnihil
1206 3833 1337 3906 ampliata
1346 3842 1422 3902 sunt,
1436 3850 1471 3890 ex
1482 3832 1535 3888 bec
1546 3831 1647 3887 iterum
1659 3847 1788 3904 accepere

982 3908 1123 3964 Usuardus
1137 3913 1164 3963 et
1184 3906 1331 3962 Netlierus.
1355 3906 1459 3962 Partus
1482 3902 1572 3959 nestri
1589 3903 1682 3970 verba,
1699 3918 1734 3958 an
1749 3901 1784 3959 ad

981 3979 1075 4036 Riilini
1091 3994 1200 4034 sensum
1216 3976 1285 4033 satis
1299 3985 1395 4034 exacta
1410 3977 1478 4043 sint,
1493 3991 1550 4030 non
1566 3975 1647 4046 plane
1666 3980 1785 4042 constat,

982 4065 1046 4105 nam
1059 4048 1132 4121 apud
1147 4048 1299 4103 Eusebium
1311 4048 1392 4103 aliter
1407 4046 1531 4122 loquitur
1547 4046 1718 4119 Polycrates,
1730 4061 1787 4102 nou

981 4119 1258 4177 asserensThraseam
1271 4119 1406 4189 martyrio
1417 4125 1643 4175 consummatum
1653 4118 1784 4188 Smyrnae,

981 4197 1028 4254 sed
1042 4199 1202 4269 requiescere
1215 4196 1259 4249 vel
1275 4195 1444 4264 requievisse,
1459 4198 1619 4266 κεκοίμηται,
1633 4195 1682 4251 ubi
1703 4196 1787 4253 Rufi-

981 4285 1033 4324 nus
1042 4268 1207 4341 simpliciter
1223 4265 1307 4320 vertit
1320 4272 1526 4322 consummetur.
1540 4264 1594 4321 Sed
1604 4265 1638 4320 de
1652 4266 1696 4322 bis
1706 4268 1785 4338 plura

981 4339 1059 4395 alibi.

1016 4408 1346 4466 Pracadiitnvtennemi
1356 4407 1526 4479 Apollinaris
1535 4422 1598 4463 eum
1610 4404 1699 4478 elegio
1730 4407 1785 4463 ned

980 4481 1115 4537 verbatim
1130 4481 1280 4536 interitum
1296 4487 1423 4535 nostrum
1439 4480 1603 4534 translatum
1613 4484 1701 4544 esl3a
1739 4485 1781 4534 ot·

980 4553 1056 4617 kero,
1071 4560 1102 4608 ut
1117 4552 1243 4622 proxime
1256 4551 1392 4623 superius,
1403 4549 1511 4606 modice
1520 4547 1781 4626 decurtatumNon·

980 4624 1058 4679 nulla
1072 4621 1105 4678 de
1121 4623 1174 4678 boc
1197 4629 1294 4679 sancte
1316 4621 1405 4678 edidit
1418 4621 1526 4687 Sarius,
1542 4621 1590 4676 sed
1612 4628 1730 4676 certiora
1749 4636 1784 4677 ex

979 4694 1042 4751 aliis
1055 4694 1242 4751 monumentis
1256 4709 1306 4750 suc
1320 4701 1444 4765 tempore
1460 4692 1654 4764 producemus.
1671 4692 1784 4765 Apolli-

980 4782 1074 4822 narem
1084 4781 1119 4821 eii
1130 4764 1357 4837 Hieronymianis
1371 4765 1406 4821 ab
1423 4765 1519 4822 Adone
1534 4764 1711 4836 desumptum
1726 4764 1782 4820 exi·

980 4838 1074 4906 stirne,
1084 4854 1118 4893 ex
1129 4837 1231 4910 quibus
1244 4838 1326 4893 etiam
1338 4837 1366 4892 in
1379 4837 1523 4895 [labanum
1534 4837 1631 4909 purius
1640 4834 1781 4902 transivit,

979 4925 1043 4966 enm
1058 4909 1270 4965 annuntiatione
1285 4909 1384 4965 ultima
1405 4907 1439 4964 de
1456 4908 1590 4980 yarmanis
1607 4906 1784 4962 Autissiodo-

123 4979 198 5053 ctani
214 4972 457 5057 interpolationem
474 4978 503 5032 in
519 4979 642 5035 Romano
658 4979 791 5035 moderno
808 4978 962 5060 (verosi-D
981 4974 1110 5037 rensibus.
1128 4981 1226 5037 Utrum
1241 4996 1307 5036 vero
1321 4980 1509 5060 Florentinius
1528 4992 1650 5058 proauo
1666 4975 1782 5056 arbitrio

123 5043 272 5100 militereri
281 5045 573 5119 Maurelycrdctorum
583 5050 925 5120 compendiolobservavit
981 5060 1053 5108 recte
1068 5053 1115 5106 hos
1129 5052 1225 5108 caelites
1234 5069 1267 5105 cs
1276 5051 1402 5106 additisa
1414 5052 1517 5106 Gallico
1530 5055 1686 5118 antiquario
1701 5062 1782 5172 epae·

123 5113 310 5183 Castellanus,
325 5133 385 5243 epure
397 5117 437 5173 ibi
453 5134 507 5175 uon
527 5121 611 5176 semel
621 5121 738 5177 subinde
754 5129 858 5176 mutata
872 5131 922 5189 est,

124 5192 156 5240 ut
171 5186 276 5257 patebit
297 5204 329 5243 ve
364 5190 436 5246 solas
462 5190 597 5247 editiones
619 5192 808 5247 Plantinianas
831 5192 922 5248 conle-

979 5130 1044 5189 scat,
1061 5122 1129 5177 mibi
1144 5122 1211 5178 satis
1226 5130 1398 5193 compertum
1414 5136 1470 5175 nou
1484 5127 1535 5185 est,
1546 5116 1712 5198 quemadmo
1735 5133 1781 5174 um

978 5209 1028 5248 nec
1038 5193 1104 5247 satis
1112 5191 1237 5263 intelligo
1247 5208 1297 5248 cur
1309 5191 1436 5247 ultimam
1448 5191 1518 5246 lianc
1527 5194 1779 5257 annuntiationem,

123 5257 208 5312 renti.
220 5258 334 5316 Belinus
348 5260 438 5316 solum
453 5262 593 5318 Placidum
603 5262 709 5334 primus
721 5262 779 5334 ipse
790 5263 923 5318 denedicti
976 5279 993 5318 a
1009 5262 1154 5318 Mosandro
1168 5263 1295 5335 positam,
1313 5260 1483 5332 llosvreydus
1498 5259 1590 5315 Adoni
1605 5257 1781 5331 abjudicave-

122 5327 286 5399 disaipulum
301 5330 412 5399 iecerat,
429 5339 536 5390 textum
550 5342 647 5390 castere
672 5335 806 5390 intactum
832 5335 922 5389 relin-
976 5334 1023 5401 rit,
1037 5341 1067 5389 ut
1083 5341 1144 5414 pete
1159 5334 1206 5414 qui
1218 5332 1289 5389 benc
1299 5348 1415 5405 aqueae
1427 5330 1552 5402 proxime
1563 5331 1730 5402 superiorem
1746 5348 1781 5389 ex

122 5415 222 5471 queris.
232 5400 285 5457 Sed
298 5411 325 5458 at
334 5401 388 5458 lioc
397 5404 531 5461 novitatis
546 5404 709 5472 revincitur,
726 5421 789 5462 cum
803 5405 832 5460 in
845 5412 923 5461 tanto

123 5470 254 5528 codicum
270 5482 428 5530 nostrerum
443 5491 569 5543 numero,
591 5491 709 5548 quorum
724 5491 786 5548 pars
800 5476 923 5532 maxima

122 5556 140 5595 a
154 5541 344 5600 Benedictinis
357 5545 498 5604 monacbis
512 5555 622 5602 exarata
636 5554 687 5615 est,
702 5563 754 5604 nec
768 5563 840 5603 unus
854 5547 923 5602 uni-

124 5628 173 5669 cus
198 5615 363 5687 reperiatur,
390 5616 419 5672 in
446 5633 501 5692 que
517 5618 634 5675 Usuardi
649 5618 742 5675 verbis
757 5619 800 5673 vel
815 5618 923 5690 syllaba

123 5683 232 5756 adjecta
245 5685 293 5742 sit.
305 5687 418 5744 Interim
429 5688 463 5745 de
472 5689 807 5747 Placidoautsociisnibil
822 5690 923 5762 legitur

124 5754 255 5822 iuliade,
279 5759 404 5814 Romano
428 5776 524 5842 parvo,
541 5762 634 5828 Floro,
650 5768 697 5817 aut
712 5760 920 5818 wandalberto.

123 5825 233 5884 Adonis
251 5827 335 5886 verba
350 5829 482 5890 describit
504 5832 613 5899 Noster,
627 5832 765 5890 Notlierus
778 5833 922 5907 paululum

978 5404 1080 5460 Hieron
1103 5420 1203 5459 mianis
1216 5419 1272 5459 uua
1281 5403 1425 5460 desumere
1437 5402 1536 5471 potuit.
1549 5399 1778 5471 ConjicitCastel·

978 5477 1057 5532 lanus
1077 5420 1237 5530 {mamacas
1252 5473 1332 5540 hanc,
1347 5480 1480 5528 mutatam
1492 5472 1523 5553 in
1536 5473 1660 5529 Flauiam
1683 5474 1778 5545 (sicuti

978 5546 1197 5616 alluisiacum),
1213 5543 1359 5602 accessisse
1382 5543 1553 5615 martyribus
1575 5544 1687 5613 Siculis,
1708 5546 1782 5601 inter

1017 5634 1048 5675 os
1061 5617 1144 5674 etiam
1162 5618 1245 5673 trater
1259 5614 1319 5688 ejus
1334 5615 1491 5684 dirmetum
1513 5616 1554 5673 uti
1583 5616 1732 5676 Victorinus
1753 5623 1780 5673 et

1001 5695 1103 5756 austra,
1119 5687 1167 5770 qui
1182 5687 1212 5744 iu
1227 5686 1454 5760 Hieronymianis
1468 5688 1633 5771 apographis
1646 5703 1776 5759 expresse

978 5776 1041 5818 cum
1059 5759 1193 5832 particula
1206 5758 1274 5816 alibi
1288 5765 1441 5841 ponuntur.
1457 5758 1555 5818 Nescio
1569 5776 1620 5817 cur
1634 5758 1663 5814 in
1680 5757 1779 5839 ultima

977 5831 1168 5905 Martyroloyii
1181 5832 1298 5890 Romam
1312 5829 1435 5888 editione
1446 5831 1696 5889 Plantiniauaanni
1709 5827 1781 5884 iret
