3834 6136
123 211 177 268 855
785 195 938 252 USUAllDl
959 192 1119 250 MONACHI
1724 183 1774 240 ebo

123 340 201 392 sueto
215 327 358 403 conjungit
372 325 570 393 Florentinius,
585 326 614 379 in
628 323 824 395 Epternacensi
839 337 921 393 repe·
937 327 962 384 Α
977 318 1141 375 nominatim
1162 316 1338 389 excerpsisse,
1368 313 1450 370 sociis
1468 311 1531 369 aliis
1556 309 1655 367 decem
1675 309 1776 367 relictis

123 407 198 461 riens
210 417 321 466 novem,
337 400 366 455 in
377 398 536 457 corbeiensi
547 395 687 462 undecim,
700 395 746 449 uhi
759 395 788 449 in
805 394 921 449 Luceusi
977 390 1133 463 anonymis.
1150 390 1193 444 An
1210 387 1423 467 wandalbertus
1435 384 1609 464 Mansuetuin
1626 388 1654 436 et
1668 380 1775 437 Floreu·

123 477 217 533 decem
235 471 454 544 apponebantur,
471 469 521 524 toti
544 466 624 523 seriei
639 482 780 537 perperam
800 464 922 519 immisto
977 463 1047 516 tium
1056 460 1216 518 consodales
1227 458 1386 539 crediderit,
1399 471 1507 537 nesc103
1520 453 1618 533 saltem
1629 461 1776 533 utrumque

124 545 275 603 Florentio.
288 542 402 609 Qualem
413 541 535 596 codicem
546 537 804 608 llieronymiensem
815 545 923 591 secutus
978 534 1017 589 sic
1032 532 1166 588 hodierno
1181 547 1231 587 suo
1246 545 1328 585 unico
1344 526 1480 583 versiculo
1496 523 1692 582 combinavit:

123 618 161 674 ⁸i²
176 615 326 697 [isuardui’
343 612 424 667 facile
440 610 576 691 milis?
598 609 714 664 Luem
734 608 852 662 Simsseffl
870 623 924 678 ¹³¹ae
1041 638 1191 688 Mansuetus
1207 647 1316 695 ternum,
1330 632 1444 684 simulet
1460 631 1609 681 Florentius
1621 637 1725 682 ornant.

124 689 212 745 oculis
226 686 367 750 habuisse,
387 698 443 737 non
461 681 569 748 dubito,
590 697 624 736 ex
644 693 730 750 eoque
752 679 924 735 Mansuetum

855 827 1047 885 Auernum.

977 954 1049 1009 rium
1064 953 1091 1009 S.
1108 950 1314 1024 symphoriani.
1339 949 1398 1022 Oya
1418 945 1517 1013 insula,
1539 941 1681 1014 depositio
1696 944 1778 998 sancti

160 962 385 1020 fflfflpqqst
404 960 520 1085 incipit:
549 984 557 1002 ι
583 955 737 1010 Translatio
769 953 856 1008 sancti
882 954 922 1010 la·
977 1024 1111 1080 Florentii
1138 1050 1147 1071 ,

125 1035 186 1092 colii
209 1033 361 1106 apostoli.»
390 1033 422 1088 lu
437 1031 543 1101 reique
567 1026 721 1083 Usuardino
743 1034 820 1082 textu
839 1041 923 1097 purus

124 1116 306 1234 estlieswurn.
330 1175 390 1230 Nori
404 1173 470 1228 satis
494 1170 620 1227 distincti
635 1178 700 1225 sunt
723 1169 874 1226 hodiernus
896 1177 923 1223 et

125 1249 261 1305 crastinus
283 1247 449 1310 laterculus,
474 1251 605 1299 caeterum
621 1241 673 1297 hoc
695 1240 739 1296 die
753 1241 840 1296 textui
858 1240 924 1296 satis

144 1335 193 1374 uro
208 1317 385 1390 superaddit:
418 1341 426 1363 ι
442 1316 492 1371 Oia
506 1314 607 1380 insula,
632 1312 721 1369 sancti
746 1313 892 1368 Florentis.
908 1337 917 1358 ι

123 1335 168 1445 Ex
179 1388 539 1460 hieronymianisacceptus
548 1384 668 1440 videtur.
688 1384 826 1439 «Turonis
836 1383 923 1439 sancti

125 1461 253 1534 Perpetui
282 1459 402 1532 episcopi
432 1469 459 1514 et
482 1456 684 1514 confessoris.»
719 1456 770 1511 Hic
802 1456 875 1511 clare
895 1454 923 1508 iii

125 1532 351 1604 Hieronyniieuis
370 1529 547 1601 exprimitur,
566 1543 582 1582 a
599 1528 844 1606 nostris'signatus
873 1543 924 1580 riri

126 1603 240 1675 Aprilis.
256 1603 383 1658 Rabanus
399 1602 502 1672 priores
516 1599 624 1655 codices
637 1606 770 1670 sequitur.

161 1675 317 1729 Pousinon.
346 1680 453 1727 textum
474 1672 559 1726 aliuiii
588 1670 747 1725 substituit:
771 1667 923 1734 «Turonis,

125 1746 225 1800 natalis
237 1744 323 1800 sancti
336 1743 461 1814 Perpetui
472 1741 592 1813 episcopi
603 1749 631 1795 et
640 1739 814 1795 confessoris.
829 1764 837 1785 ι
854 1738 922 1792 'lum

125 1833 160 1872 ex
174 1817 220 1871 die
235 1833 263 1871 se
284 1815 383 1869 uenti:
407 1838 416 1858 ‹
435 1812 516 1883 Apud
536 1811 667 1878 Senones
688 1810 830 1865 beatorum
846 1825 923 1863 mar-

127 1895 219 1959 tyrum
234 1832 376 1941 Saiiiuiani
391 1882 511 1953 episcopi
534 1890 561 1936 et
575 1880 712 1937 Pontiani.
741 1880 792 1946 Qui
808 1879 924 1933 abeatis

125 1956 256 2028 apostolis
270 1956 304 2010 ad
320 1952 524 2024 praedicandum
540 1951 647 2019 directi,
665 1952 806 2074 praelatam
827 1950 924 2005 urbem

125 2026 252 2096 martyrii
269 2026 311 2079 sui
324 2023 495 2079 confessione
511 2023 646 2076 illustrem
677 2030 819 2077 eccrunt.»

161 2097 305 2151 Anruiinr.
322 2094 515 2149 Min-Leues.
529 2101 556 2148 et
570 2092 739 2148 Ucuiiiimn.
752 2090 841 2147 textui
856 2107 925 2162 puro

125 2166 265 2222 subdunt:
289 2192 298 2212 ι
313 2167 416 2232 lloinae,
428 2165 529 2220 Felicis
543 2163 674 2234 episcopi.
691 2163 819 2229 Turonis,
835 2162 922 2218 sancti

125 2237 253 2308 Perpetui
268 2236 400 2309 episcopi.
420 2261 429 2283 ι

161 2325 391 2382 Ausinius-Mirr.
405 2341 468 2380 curii
484 2324 613 2379 omnibus
627 2324 724 2379 inedire
739 2332 810 2378 notae
823 2321 924 2378 coelici·

126 2397 187 2465 bus,
199 2398 227 2451 in
258 2397 327 2452 rima
337 2412 422 2467 purus
432 2404 482 2462 est,
496 2395 544 2450 sed
563 2395 710 2450 secundam
723 2396 801 2465 plane
818 2403 925 2465 praeter-

126 2469 223 2524 mittit.
239 2414 334 2523 influe
349 2474 440 2522 autem
449 2466 575 2521 additur:
595 2467 716 2533 «Rornae,
728 2468 816 2520 sancti
828 2465 926 2520 Felicis

126 2540 258 2611 episcopi.
277 2565 286 2586 .
308 2538 388 2593 Solus
401 2538 525 2593 Ausone.
543 2554 625 2606 supra
644 2546 757 2593 caeteros
779 2535 923 2607 adjungit:

134 2611 287 2675 «Turonis,
308 2609 435 2678 Perpetui
465 2608 586 2733 episeoqi
605 2616 633 2662 et
666 2608 841 2664 coiiiessoris.
873 2606 927 2673 Qui

127 2679 248 2753 plurium
264 2679 359 2734 extitit
374 2678 503 2734 fundator
517 2696 564 2735 ecc
575 2679 706 2734 esicium.
723 2705 731 2725 ·

163 2769 339 2825 Caninium:
360 2767 460 2849 «Apud
474 2767 625 2839 Spoletuin,
642 2769 728 2824 sancti
749 2767 843 2823 Sabini
863 2767 927 2839 epi-

128 2840 215 2910 scopi,
231 2839 423 2908 Exuperantii,
439 2840 560 2895 Marcelli
577 2839 767 2905 diaconorum,
791 2846 818 2893 et
836 2839 927 2894 Venu-

128 2910 211 2966 stiani
227 2925 289 2964 euni
308 2925 394 2965 uxore
408 2919 435 2966 et
450 2910 526 2978 liliis,
544 2910 595 2965 sub
620 2910 788 2965 Maximiano
803 2910 928 2980 impera-

128 2989 353 3106 torefpassoruiii.
371 2981 498 3048 Turonis
510 2982 598 3037 sancti
612 2981 740 3052 Perpetui
764 2980 885 3051 episcopi
900 2989 927 3035 et

129 3069 182 3109 con
195 3067 303 3107 essoris.
320 3075 328 3097 ·

164 3143 343 3197 Bnuxiiiiun.
359 3140 477 3213 incipit:
501 3141 572 3197 «Oia
594 3140 695 3206 insula,
717 3139 806 3193 natale
821 3148 927 3194 sancto·

129 3231 190 3270 rum
222 3212 371 3278 Florencii‚
392 3212 497 3278 Sereni,
526 3212 614 3277 Pauli,
642 3210 785 3280 Stephani,
811 3210 927 3282 Papiam

128 3293 155 3340 et
165 3284 246 3342 Cleti.
258 3285 288 3339 ln
304 3282 482 3350 Alexandria,
499 3283 588 3338 natale
603 3291 760 3339 sanctorum
780 3282 926 3349 Mansueti,

128 3355 233 3423 Securi,
269 3354 379 3421 Dentati,
411 3354 537 3420 Honorii‚
562 3353 691 3420 Polediti,
712 3362 738 3408 et
766 3353 921 3425 Appiani·

130 3428 199 3483 Vide
216 3426 441 3498 hieronymiana,
457 3434 484 3482 et
497 3424 538 3480 ibi
553 3425 768 3492 Florentiuium,
794 3432 928 3496 martyres

129 3498 193 3553 illos
204 3498 236 3552 ad
249 3499 386 3568 propriam
397 3499 510 3554 classem
523 3497 709 3553 reducentem.
730 3497 761 3550 lii
777 3496 867 3574 prima
881 3511 928 3549 an·

129 3569 303 3624 nuntiatione
317 3568 351 3622 de
365 3569 515 3638 Spoletinis
531 3568 698 3640 martyribus
714 3566 821 3620 modice
837 3567 928 3621 inter-

130 3641 238 3711 polatus
256 3645 305 3691 est.
337 3639 367 3691 ln
396 3638 467 3692 line:
491 3639 643 3704 «Turonis,
684 3637 771 3692 sancti
800 3637 927 3706 Perpetui

129 3708 251 3788 episcopi
265 3714 292 3761 et
306 3707 479 3763 confessoris.
503 3708 555 3774 Qui
569 3708 689 3778 plurium
713 3705 844 3761 fundator
858 3707 926 3761 exti-

131 3786 166 3834 tit
180 3777 369 3833 ecclesiarum.
384 3801 393 3823 ι

165 3869 347 3925 Hacsnoxsn.
373 3868 507 3940 inprime
527 3869 738 3924 annuntiatione
758 3870 824 3924 satis
845 3886 929 3940 purus

130 3949 181 4006 est,
208 3938 357 3995 secundam
386 3939 425 3994 sic
456 3939 574 3994 format:
596 3940 808 4005 «Alexandriae,
838 3941 928 4009 passio

130 4010 218 4065 sancti
233 4009 375 4064 Mansweti
389 4009 509 4081 episcopi
525 4017 551 4064 et
567 4012 707 4082 uiartyris,
725 4029 787 4066 cum
803 4011 865 4066 aliis
875 4011 928 4066 de-

131 4097 200 4136 cem.
231 4105 240 4125 ι
267 4080 397 4151 Sequitur
432 4096 466 4134 ex
495 4081 538 4136 die
567 4082 740 4152 praecedenti.
777 4085 831 4138 «ln
861 4099 929 4153 pago

131 4150 391 4217 Oximensi,natalis
402 4152 489 4207 sancti
499 4153 788 4210 Ebrulsiconiessoris.
803 4156 862 4225 lpse
872 4153 927 4220 die,

131 4221 231 4277 natalis
253 4222 339 4278 sancti
367 4222 475 4293 Leporii
495 4223 616 4296 episcopi
632 4233 659 4280 et
684 4226 822 4296 martyris.
844 4225 929 4279 'luro-

131 4294 185 4362 nis,
201 4294 287 4349 sancti
302 4294 428 4365 Perpetui
444 4296 564 4368 episcopi
578 4304 605 4351 et
617 4297 790 4352 confessoris.
806 4322 814 4342 ·

166 4383 327 4444 Aouicrncr.
356 4397 405 4453 pro
432 4384 564 4454 Marcelli,
596 4385 692 4440 scribit
715 4386 875 4440 Marcellini.
898 4387 929 4441 ln

131 4452 186 4508 fine
198 4452 292 4508 addit:
311 4454 434 4522 «Romae,
452 4455 552 4510 Felicis
570 4455 701 4528 episcopi.
722 4457 851 4524 Turonis,
868 4457 928 4511 Per·

130 4524 205 4595 petui
229 4524 350 4596 episcopi
374 4535 401 4581 et
415 4527 590 4594 confessoris,
620 4528 667 4600 qui
692 4529 785 4584 extitit
800 4527 930 4584 fundator

131 4595 342 4650 ecclesiarum·
378 4597 532 4668 Aliisupra
553 4597 659 4653 addunt
687 4600 818 4669 plurium.
846 4599 930 4655 Addi-

131 4673 253 4722 tamento
275 4665 368 4722 eadem
385 4675 412 4721 et
431 4668 525 4724 eodem
546 4668 627 4724 modo
643 4669 743 4727 habent
758 4670 867 4727 codices
882 4670 929 4728 Vi·

132 4751 241 4790 croiun.
257 4743 284 4790 et
298 4737 364 4792 lino.
379 4738 472 4805 Suae,
488 4739 539 4810 sig.
560 4756 638 4795 uum.
654 4740 714 4795 130.

167 4828 348 4907 lliusnonsn.
364 4849 369 4884 :
393 4830 540 4899 «Turonis,
555 4833 642 4888 sancti
656 4835 782 4905 Perpetui
796 4835 928 4906 episcopi,

131 4914 179 4970 qui
193 4898 265 4953 beati
277 4898 387 4954 Martini
400 4901 541 4957 basilicam
558 4904 628 4958 miro
642 4921 723 4975 opere
737 4905 893 4961 fabricavit.
911 4932 919 4951 ·

167 4988 615 5046 Mirum.Caurus-Uirunum.
643 5011 648 5047 :
684 5018 692 5036 ι
719 4993 845 5064 Perpetui
873 5011 926 5065 epi-

131 5060 216 5131 scopi.
233 5059 326 5116 Sabini
345 5060 465 5132 episcopi
474 5069 501 5115 et
518 5064 647 5133 martyris
670 5080 732 5119 cuin
748 5065 839 5120 sociis.
859 5091 867 5111 ·
890 5067 928 5120 lle

130 5131 175 5257 iis
190 5131 244 5203 egit
259 5149 341 5259 snpra
359 5149 395 5188 xv
420 5133 551 5189 ianuarii.
586 5135 756 5203 «Marenen,
774 5154 836 5193 cum
866 5137 929 5192 aliis

124 5218 225 5258 ecem
243 5220 300 5259 mar
317 5229 347 5258 .·

167 5290 259 5347 Codex
274 5295 307 5348 D.
338 5310 371 5348 nii
395 5294 488 5362 Maus,
517 5295 641 5375 signatus
665 5299 707 5351 A:
742 5297 928 5365 «araneoso,

131 5364 294 5418 contessoris
322 5373 403 5437 atque
428 5366 568 5437 pontilicis
598 5369 720 5424 ecclesio
749 5368 926 5436 Senonensis,

131 5433 285 5501 translatio,
301 5453 317 5491 a
333 5437 444 5493 basilica
459 5446 558 5494 sancte
573 5438 725 5504 Columbae,
749 5440 778 5495 in
793 5448 928 5496 monaste·

944 3590 965 3650 ρ
982 3586 1044 3624 cum
1057 3569 1174 3624 Cerbero
1191 3570 1328 3640 praelecto,
1348 3586 1395 3641 qur
1411 3571 1440 3626 iu
1456 3570 1514 3639 ejus
1528 3587 1582 3627 con

1013 1114 1105 1170 Codex
1132 1115 1165 1168 D.
1193 1129 1230 1167 inr
1249 1112 1385 1176 enimi,
1412 1108 1535 1178 signatus
1560 1105 1601 1162 C:
1628 1103 1778 1172 «Turonis,

978 1186 1062 1241 sancti
1079 1183 1239 1254 Perpetui...
1258 1207 1267 1230 ι
1290 1189 1320 1236 ut
1334 1183 1507 1245 Aonroincr,
1526 1186 1581 1233 etc.

1014 1274 1162 1340 Viriciin,
1196 1271 1247 1327 suh
1279 1287 1356 1326 nuni.
1383 1269 1464 1336 59l9,
1493 1267 1570 1324 deest
1603 1266 1780 1322 annuntiatio

979 1345 1077 1417 primu.
1093 1344 1137 1398 Ad
1151 1343 1283 1400 llonseeti
1301 1349 1393 1397 autem
1407 1339 1548 1396 adduntur
1571 1344 1721 1409 sequentes
1734 1353 1781 1393 so*

978 1417 1027 1481 cii,
1051 1415 1099 1488 qui
1114 1415 1197 1470 etiam
1222 1414 1250 1469 in
1265 1414 1388 1470 Romano
1403 1411 1551 1479 habentur,
1574 1408 1703 1476 «Severi,
1720 1410 1781 1481 Ap-

979 1488 1065 1560 piani,
1081 1486 1192 1554 Donati,
1208 1485 1334 1541 lionorii.
1356 1510 1363 1530 ·

1015 1579 1161 1631 Arrianis:
1182 1574 1281 1646 «Apud
1306 1572 1461 1639 Eweshain,
1478 1572 1566 1628 sancti
1591 1569 1705 1642 Egeriai
1720 1568 1779 1641 epi-

979 1648 1053 1721 scopi
1069 1655 1096 1702 et
1109 1645 1309 1703 confessoris.»
1333 1645 1402 1701 Vide
1421 1644 1602 1716 Martyroleg.
1622 1641 1777 1700 Castellum.

1014 1737 1142 1792 lunensis
1171 1735 1263 1801 habet,
1278 1742 1309 1789 ut
1331 1736 1422 1806 plures
1450 1732 1498 1787 alii
1526 1731 1779 1788 codices·releruut

979 1825 1078 1879 supra:
1103 1808 1157 1862 «lii
1173 1808 1232 1879 (lya
1248 1806 1347 1872 insula,
1361 1803 1449 1860 sancti
1468 1803 1617 1858 Florentii.
1635 1828 1645 1851 ·

1017 1898 1137 1952 Rensns.
1154 1896 1200 1950 SS.
1219 1895 1289 1950 Tim.
1307 1902 1334 1949 et
1346 1894 1457 1964 Apoll.:
1484 1892 1674 1959 ‹suessionis,
1689 1899 1780 1946 traus-

980 1967 1046 2022 latio
1060 1966 1183 2038 corporis
1192 1966 1278 2023 sancti
1291 1966 1414 2021 Onesimi
1425 1965 1547 2037 episcopi
1566 1973 1595 2019 et
1605 1962 1778 2019 confessoris.

980 2038 1082 2106 lleiiiis,
1098 2039 1243 2093 translatio
1258 2045 1417 2093 sanctorum
1433 2045 1588 2108 martyrum
1601 2032 1742 2090 Timothei
1757 2043 1780 2089 et

980 2109 1149 2181 Apollinaris
1160 2107 1206 2182 [et]
1223 2109 1361 2164 sociorum
1376 2125 1503 2175 eorum‚·
1527 2106 1680 2163 recentiori
1693 2122 1777 2160 manu.

1017 2179 1110 2235 Editio
1133 2179 1321 2236 beseno-Coi.
1349 2180 1441 2235 Prima
1455 2180 1522 2235 satis
1537 2195 1609 2252 pura
1628 2185 1681 2234 est.
1698 2177 1776 2232 Tum:

941 2237 1114 2318 Bilionis,
1143 2252 1229 2308 sancti
1247 2251 1345 2306 Felicis
1373 2251 1492 2324 episcopi
1519 2258 1546 2304 et
1572 2248 1772 2306 confessoris.»

980 2323 1110 2395 Sequitur
1138 2323 1171 2377 de
1197 2323 1350 2390 Mansuete,
1384 2338 1461 2394 pure.
1491 2321 1620 2378 Deinde:
1652 2319 1778 2376 «belensi

980 2394 1116 2461 coenobio,
1133 2395 1222 2449 saneti
1240 2393 1347 2448 Alberti
1370 2394 1477 2449 albatis.
1502 2393 1637 2460 Turonis,
1659 2392 1778 2463 Perpetui

980 2465 1099 2536 episcoi
1128 2475 1154 2520 et
1182 2465 1356 2521 confessoris.
1387 2465 1439 2531 Oui
1476 2464 1614 2536 plurium,
1645 2472 1701 2520 etc.
1728 2464 1779 2518 Eo-

980 2535 1042 2591 dem
1070 2483 1125 2603 iie,
1149 2536 1290 2591 translatio
1319 2537 1406 2593 sancti
1428 2536 1522 2592 iacobi
1544 2535 1680 2608 apostoli,
1696 2533 1778 2589 fratris

981 2607 1053 2663 beati
1067 2608 1180 2663 loannis
1195 2609 1380 2680 evangeliste.
1399 2633 1407 2653 ι

1016 2696 1113 2753 Bniin.
1129 2698 1157 2752 in
1173 2698 1246 2753 fine:
1270 2699 1395 2765 «Romae,
1413 2697 1501 2752 sancti
1526 2697 1630 2752 Felicis
1655 2696 1777 2770 episcopi.

981 2767 1109 2837 Turonis,
1137 2769 1224 2825 sancti
1248 2769 1374 2840 Perpetui
1396 2768 1516 2841 episcopi
1531 2775 1559 2823 et
1574 2768 1772 2825 confessoris·

1018 2858 1143 2914 Gasvnn.
1168 2860 1222 2913 «ln
1248 2858 1358 2930 Apulia,
1388 2858 1475 2914 sancti
1504 2858 1643 2914 Liberalis
1665 2860 1768 2931 episcop

982 2929 1133 2987 Cannensis
1142 2939 1169 2986 et
1178 2931 1316 3010 martyris.
1328 2930 1380 2997 Qui
1392 2937 1466 3000 patre
1472 2937 1599 2984 senatore
1610 2932 1776 3002 progenitus,

981 3008 1076 3055 sancto
1091 3002 1200 3056 cuidam
1216 3018 1344 3072 episcopo
1361 3001 1461 3056 litteris
1475 3000 1647 3057 imbuendus
1661 3002 1777 3059 commis·

981 3089 1037 3138 sus,
1047 3071 1080 3126 ab
1091 3073 1186 3127 eodem
1197 3073 1314 3142 prelatas
1325 3072 1446 3128 ecclesiae
1458 3073 1487 3127 iii
1497 3073 1663 3145 episcopum
1678 3073 1778 3129 ordina·

981 3150 1027 3197 tus
1049 3151 1099 3197 est.
1120 3144 1205 3198 »Puto
1232 3143 1349 3198 indicari
1364 3144 1507 3211 Hesperium
1531 3145 1576 3198 vel
1595 3143 1778 3215 Reperiumde

982 3229 1036 3285 quo
1074 3214 1137 3269 ride
1172 3215 1368 3271 Castellaiium.
1399 3214 1443 3271 Sic
1477 3215 1603 3286 procedit
1633 3216 1678 3271 elo
1698 3217 1776 3270 iuni:

991 3309 999 3331 ι
1014 3284 1137 3356 Cumque
1151 3285 1308 3356 injunctum
1320 3287 1445 3342 sollerter
1456 3294 1672 3357 exequereturo
1701 3287 1777 3352 cium,

983 3356 1064 3410 etiam
1090 3357 1123 3412 ad
1141 3356 1264 3427 martyrii
1291 3358 1409 3426 palmam
1425 3358 1540 3427 <lectum
1567 3358 1777 3427 aeneum‚erati·

982 3429 1072 3483 culam
1089 3426 1150 3497 igne
1165 3428 1316 3498 supposito,
1333 3428 1518 3499 sartliegineni
1541 3429 1604 3485 olco
1628 3429 1744 3485 ferventi
1756 3435 1779 3483 et

982 3499 1061 3568 adipe
1077 3498 1195 3570 plenam,
1221 3499 1393 3579 seruumque
1404 3500 1441 3553 nil
1458 3499 1539 3553 laesus
1557 3502 1705 3625 superans)
1733 3515 1781 3555 uiti

1596 3588 1708 3627 essione
1729 3586 1778 3627 cie·

984 3640 1065 3705 didit,
1084 3647 1110 3694 et
1126 3650 1211 3695 matre
1241 3657 1289 3695 sua
1303 3641 1442 3696 Euanthia
1461 3641 1559 3711 capitis
1574 3642 1780 3698 obtruncatione

985 3710 1127 3781 pervenire
1138 3713 1248 3767 meruit.
1262 3713 1292 3767 ln
1308 3713 1358 3768 Oia
1373 3712 1475 3777 insula,
1490 3708 1656 3769 sauciorum
1679 3714 1780 3770 Floren-

984 3781 1028 3847 tii,
1057 3781 1265 3850 Sereni,Pauli,
1287 3784 1430 3855 Stephani,
1455 3783 1580 3854 Papiani,
1611 3784 1694 3842 Cleti.
1719 3785 1780 3840 ltere

985 3851 1170 3921 Alexandrini,
1183 3863 1340 3910 sauctorum
1352 3854 1458 3922 Securi,
1470 3856 1582 3923 Donati,
1596 3856 1727 3925 Honorii,
1739 3855 1780 3910 Po

986 3923 1091 4004 leclyti‚
1107 3925 1237 3995 Appiani,
1262 3925 1400 3981 sociorum
1425 3925 1515 3982 sancti
1535 3926 1710 3983 Mansueti·
1729 3926 1780 3982 tin

985 3994 1044 4048 dixi
1071 3995 1194 4051 dehisce
1223 3997 1355 4052 videndas
1375 3996 1540 4052 Florentinii
1568 3997 1781 4054 observationes.

993 4066 1145 4133 «Turonis,
1173 4068 1260 4123 saneti
1277 4068 1404 4139 Perpetui
1428 4068 1550 4140 episcopi
1565 4077 1594 4124 et
1613 4068 1781 4125 miscearis.

985 4138 1071 4203 Quem
1085 4139 1223 4194 Usuardus
1252 4138 1334 4194 babet
1352 4157 1381 4193 ir
1405 4138 1506 4194 ldusA
1528 4139 1600 4195 rilis.
1632 4140 1783 4196 Secumm

986 4209 1156 4278 Cetaloguin,
1178 4209 1280 4277 Romae,
1295 4210 1394 4265 Felicis
1412 4226 1487 4282 papae
1499 4155 1535 4266 iil
1550 4209 1710 4337 &corridum
1723 4211 1783 4266 aec

985 4280 1033 4348 Νι
1061 4280 1275 4335 eteonlessoris.
1301 4282 1368 4336 ltem
1396 4281 1522 4337 coenobio
1575 4282 1678 4350 elensi,
1704 4280 1783 4339 sancti

986 4351 1092 4405 Alberti
1108 4350 1224 4406 abbatis.
1240 4352 1344 4407 Eodem
1360 4352 1415 4419 die,
1432 4351 1578 4409 translatio
1594 4353 1685 4411 sancti
1696 4351 1783 4410 lucebi

985 4421 1096 4493 Majoris
1110 4422 1238 4494 apostoli.
1255 4449 1263 4471 a

1021 4514 1149 4569 liniis:
1173 4536 1181 4558 ι
1198 4515 1300 4582 Romie,
1323 4515 1408 4570 sancti
1432 4514 1531 4569 Felicis
1547 4515 1682 4587 episcopi.
1699 4515 1785 4570 Ture-

986 4585 1039 4652 iiis,
1054 4583 1141 4639 sancti
1157 4584 1284 4656 Perpetui
1295 4585 1415 4656 episcopi
1427 4586 1644 4642 etconfessoris.
1659 4587 1713 4654 Qui
1728 4589 1784 4659 plu·

986 4656 1069 4723 rium,
1086 4664 1138 4710 etc.
1155 4657 1216 4726 Ipso
1230 4656 1285 4724 die,
1312 4657 1444 4711 Florentii
1462 4657 1668 4713 confessoris.»
1690 4658 1784 4713 Peste-

986 4726 1072 4782 riores
1100 4725 1235 4781 editiones
1250 4727 1289 4782 sic
1314 4727 1433 4783 habent:
1457 4728 1645 4797 «Mediolani,
1671 4727 1783 4802 Eugenii

986 4797 1194 4867 archiepiscopi.
1211 4798 1260 4852 llie
1276 4798 1427 4869 trigesima,
1446 4807 1547 4855 serictae
1563 4801 1699 4872 martyris
1715 4803 1782 4871 Any·

986 4869 1042 4923 siae.
1063 4869 1097 4922 Et
1122 4868 1208 4922 Zotici
1230 4870 1393 4939 presbyteri,
1429 4870 1620 4942 orphanorum
1650 4871 1777 4927 altoris·

944 4949 968 5006 Ι)
985 4942 1022 4995 lle
1037 4938 1137 5004 Felice,
1155 4946 1186 4993 ut
1199 4956 1290 5010 supra.
1307 4941 1395 4996 Tum:
1420 4967 1429 4989 ‹
1444 4941 1641 5013 Compostellae
1655 4943 1687 4998 iu
1701 4942 1782 4998 Galle

983 5011 1035 5077 cia,
1063 5009 1198 5065 aduentus
1213 5012 1336 5083 corporis
1358 5013 1445 5068 sancti
1464 5013 1559 5068 iacobi
1587 5013 1718 5085 apostoli,
1740 5009 1782 5092 qui

984 5083 1056 5153 quod
1072 5082 1137 5136 riva
1162 5099 1227 5138 voce
1243 5084 1344 5153 potuit,
1373 5084 1505 5139 cadavere
1519 5092 1631 5150 trunco,
1654 5083 1781 5142 Christia-

984 5169 1048 5207 nam
1097 5155 1204 5208 ietatem
1221 5154 1361 5210 mentibus
1384 5155 1570 5226 llispauorum
1584 5156 1711 5227 ingessit.
1727 5155 1781 5227 lpse

983 5225 1039 5291 die,
1054 5170 1189 5280 atinentus
1212 5226 1335 5305 corporis
1352 5227 1439 5281 sancti
1465 5225 1609 5284 Vuiunoci
1632 5228 1663 5281 in
1680 5227 1780 5295 Berge,

983 5312 1055 5351 auno
1070 5298 1104 5350 ah
1133 5298 1323 5352 iucarnatione
1339 5298 1450 5352 Domini
1475 5297 1701 5369 nongentesimo,
1716 5294 1778 5352 inili-

984 5368 1077 5422 ctione
1094 5375 1183 5422 tertio.
1202 5392 1209 5411 ·
1233 5367 1302 5423 l'iile
1319 5385 1344 5422 ri
1362 5369 1495 5424 Noreinb.
