3834 6136
187 191 241 250 butt

841 180 996 276 usitatior
1020 184 1191 244 MONACHI.

1790 175 1846 238 teo

186 320 217 378 in
230 311 428 398 commentario
436 311 538 386 praevio
552 310 658 384 egregie
671 326 687 365 a
699 310 803 384 collega
817 310 978 392 nostrolan·
996 310 1022 370 A
1038 309 1104 364 satis
1119 307 1282 390 perspicere.
1295 306 1333 364 At
1344 322 1379 364 ne
1389 304 1517 380 praefixos
1529 303 1686 363 limitesliic
1698 305 1847 375 excedam,

186 381 985 527 njngguirtlssiigiriesstffimfintetffl[plagassaltiffcszvapgffigisnpgfi

186 477 290 660 Edgvie
320 530 466 584 refutatam
495 524 618 583 invenies
640 496 788 583 Castellani
815 523 937 578 notulam
952 523 986 579 dc

213 601 331 667 omniun,
348 598 473 669 Pelagiae,
487 605 517 653 ut
531 596 589 668 ipse
602 596 673 662 vult,
693 602 789 662 matre,
804 602 831 650 et
845 594 987 650 sororibus

187 674 297 731 Bcraice
325 678 352 726 et
379 669 519 735 Prosdoce,
542 682 659 794 guarum
682 667 778 748 primae
801 672 828 720 et
843 673 987 735 postremae

187 740 494 815 nomina‚quomodoex
505 738 541 794 ho
562 735 988 807 iernishieronymianistnhnlis

188 815 314 873 laudatus
329 812 500 871 Castellanus
514 808 658 877 extundat,
682 817 709 863 et
726 823 789 863 cum
805 805 987 863 Antioclienis

187 886 263 948 hisce
286 882 445 957 conjungat,
467 881 555 941 fatcor
578 894 622 938 mc
648 880 745 938 saltem
768 877 901 939 butenae
931 893 986 940 nott

1041 378 1100 436 haec
1114 388 1140 435 et
1154 398 1177 435 si
1192 396 1252 453 qne
1267 379 1320 436 alia
1334 386 1511 435 controversa
1524 385 1599 442 sunt,
1613 377 1646 433 ad
1664 374 1757 447 majus
1775 394 1793 433 o
1814 394 1849 433 us

1041 451 1153 507 remitto
1165 470 1172 518 ;
1188 449 1317 507 satisarat
1330 448 1603 507 abuudeostendisse
1612 446 1688 504 uuile
1702 447 1778 504 Usus
1817 465 1849 504 us

1041 529 1068 578 et
1085 523 1189 578 tebtum
1204 538 1283 578 suum
1298 528 1326 578 et
1346 537 1402 577 una
1415 519 1525 577 errandi
1540 520 1715 576 occasionem
1733 517 1846 575 desum-

1073 593 1135 649 erit.
1166 592 1381 651 Wandalbertns
1409 591 1443 647 de
1471 593 1618 648 Plotemeo
1633 598 1658 648 et
1674 589 1762 646 sociis
1791 606 1849 646 uon

1053 665 1183 736 oquitur3
1200 663 1234 720 de
1251 663 1434 720 Antiochenis
1448 662 1544 719 cadem
1558 677 1621 720 cum
1637 660 1744 719 nestris
1758 661 1849 719 cauit:

1105 779 1249 829 Beronices
1265 778 1305 828 bis
1321 793 1348 827 sc
1372 788 1431 827 tono
1444 785 1521 842 atque
1538 777 1646 840 Pelagia
1659 777 1753 838 fulget,

1104 841 1176 907 Quos
1183 844 1279 913 pariter
1293 794 1463 909 quadraginta
1487 848 1564 909 atqiia
1575 853 1666 889 novom
1679 841 1848 891 comitantur.

924 1024 1115 1086 AUCTARIA.

230 1148 487 1205 Poeniceucarect
494 1144 705 1200 annuntiatione
719 1143 817 1215 prima,
827 1143 857 1199 in
867 1141 989 1199 secunda

187 1237 274 1295 purus
289 1225 340 1285 est,
357 1225 416 1272 tum
431 1232 497 1271 vero
512 1215 655 1287 adjungit:
678 1239 688 1264 ‹
708 1216 769 1287 Ipso
782 1214 837 1283 dic,
851 1214 989 1270 festivitas

188 1292 247 1348 sive
273 1288 418 1345 translatio
445 1286 589 1343 beatorum
620 1295 772 1358 martyrum
797 1285 941 1342 Saviniani
962 1292 990 1339 et

187 1359 343 1419 Potentiani
354 1357 547 1430 sociorumque
557 1358 770 1413 eorumlforum
777 1356 913 1412 festivitas
921 1354 988 1410 dum

188 1430 358 1502 abantiquis
372 1428 542 1500 temporibus
559 1436 685 1499 ageretur
700 1428 788 1499 pridie
803 1427 988 1483 Kalendarum

187 1502 391 1566 ianuariarum,
407 1507 589 1556 transmutata
616 1509 656 1556 est
677 1499 844 1564 aPatribus,
865 1515 913 1554 xiv
929 1499 989 1552 Ka-

189 1574 332 1632 lendarum
357 1570 568 1639 Novembrium,
585 1586 617 1625 eo
637 1570 710 1652 quod
723 1570 783 1641 ipso
797 1571 842 1626 die
858 1569 989 1625 translata

187 1653 253 1703 sunt
267 1659 382 1715 corpora
396 1658 501 1709 corum,
517 1649 545 1697 et
559 1642 688 1713 angelicae
699 1658 779 1697 voces
791 1641 820 1696 iu
844 1642 913 1697 coelo
925 1646 989 1695 suut

187 1715 299 1783 auditas,
324 1715 396 1770 sicut
411 1714 440 1768 in
468 1713 648 1768 translatione
662 1728 757 1768 eorum
780 1729 857 1768 sacra
877 1712 987 1783 legitur.

188 1787 252 1843 ideo
270 1794 298 1841 et
313 1785 359 1840 hic
372 1783 558 1840 venerabilior
584 1782 702 1839 habetur
723 1799 817 1838 eorum
834 1780 989 1853 solempni-

188 1865 245 1983 tas,l
256 1872 310 1927 quo
324 1863 351 1911 et
365 1871 459 1911 eorum
474 1870 589 1926 corpora
599 1863 693 1910 sancta
707 1854 849 1909 honestius
863 1860 928 1909 sunt
946 1862 988 1906 tu-

188 1944 235 1984 mtl
248 1935 302 1982 ata.
314 1951 323 1975 ι

1043 1144 1095 1200 tini
1105 1152 1132 1201 et
1142 1143 1268 1201 Eodaldi.
1285 1168 1295 1193 ι
1316 1142 1430 1200 Constat
1444 1156 1478 1196 ex
1493 1141 1653 1197 Tonnacsrt.
1665 1153 1751 1212 supra
1767 1137 1850 1196 hodia

1043 1216 1203 1342 mtimorialm
1214 1212 1533 1343 angssanslationisnuae
1548 1211 1620 1267 facta
1629 1218 1670 1267 est
1682 1225 1759 1267 anno
1771 1211 1848 1280 1026,

1043 1301 1076 1341 ve
1091 1329 1097 1353 ‚
1113 1293 1145 1341 ut
1156 1303 1172 1342 a
1184 1287 1216 1354 ii,
1305 1327 1312 1340 .

1078 1357 1171 1415 Codex
1186 1358 1220 1412 l).
1234 1359 1277 1413 Du
1291 1355 1414 1413 Curvae.
1429 1355 1552 1425 signatus
1564 1353 1604 1408 B:
1638 1371 1648 1397 ‹
1689 1351 1721 1407 In
1736 1350 1850 1408 civitate

1042 1427 1160 1496 Puteoli,
1177 1429 1442 1484 natalissanctorum
1458 1434 1612 1497 martyrum
1626 1421 1739 1478 Proculi
1755 1429 1783 1479 et
1797 1422 1850 1478 Ni-

1042 1515 1096 1556 ceae
1113 1499 1311 1571 matrisejus.»
1333 1499 1505 1554 Ucuaiiiiu.
1525 1495 1621 1568 procul
1646 1491 1733 1549 dubio
1748 1493 1850 1550 similis

1043 1570 1089 1627 hic
1100 1569 1183 1626 etiam
1201 1579 1245 1626 est
1259 1567 1621 1635 Aurusne.·hfix.,hussc.,
1635 1571 1689 1646 etc.
1702 1564 1810 1622 Verum
1821 1564 1850 1621 iu

1043 1649 1169 1699 extracto
1183 1653 1277 1697 nostro
1291 1641 1332 1697 sic
1350 1639 1470 1711 primum
1500 1652 1601 1693 nomen
1628 1642 1764 1706 scriptum
1784 1642 1841 1691 est:

1049 1715 1104 1769 «In
1121 1713 1232 1768 civitate
1247 1711 1364 1780 Puteoli,
1383 1711 1475 1766 natale
1485 1715 1642 1766 sanctorum
1656 1705 1739 1762 Pauli
1761 1712 1789 1762 et
1797 1706 1842 1763 Ni·

1042 1800 1096 1840 ceae
1107 1782 1300 1853 metrisejus.·

1079 1856 1216 1910 marnes.
1239 1873 1245 1910 :
1269 1855 1323 1910 «ln
1338 1852 1493 1920 Britannia,
1508 1850 1621 1908 civitate
1648 1849 1767 1906 Oxoniae
1785 1864 1844 1904 saa·

1043 1933 1093 1983 ctae
1110 1924 1290 1981 Fredesvvidae
1304 1924 1431 1996 virginis.
1448 1924 1483 1979 Et
1500 1921 1586 1979 sancti
1599 1919 1843 1994 Aquilinippisco-

224 2002 385 2067 Roswsvo,
401 1998 524 2054 intexta
539 2012 634 2069 purus,
657 1995 768 2052 subdit:
800 2021 809 2043 ‹
824 1993 985 2062 beneventi,
1002 1993 1026 2054 B
1041 1998 1068 2070 pi
1079 2005 1106 2052 et
1120 1997 1281 2069 martyris·

188 2071 310 2129 ianuarii
328 2068 448 2140 episcopi
463 2076 490 2123 et
503 2068 640 2123 sociorum
650 2067 709 2138 ejus
724 2074 886 2138 martyrum.
899 2065 988 2122 »Vide

188 2159 238 2198 xix
252 2140 430 2214 Septembris.
449 2162 459 2187 ‹
473 2137 584 2195 Proculi
600 2137 730 2209 martyris
744 2154 807 2193 cum
818 2137 881 2193 aliis
907 2154 984 2193 xciv.

188 2213 342 2270 Translatio
357 2210 445 2268 sancti
460 2208 637 2268 Willibrordi
650 2208 780 2280 episcopi.
797 2231 806 2256 ,

223 2285 389 2352 Puasansn„
409 2281 439 2337 in
463 2281 554 2355 prima
565 2281 682 2337 mutilus
695 2287 736 2337 est
751 2279 866 2336 rescisso
882 2279 984 2351 elogio.

187 2355 378 2484 ΙΙᾶιοιίΒενοηιιὶ
399 2364 441 2411 est
466 2352 585 2411 Bmoatii
598 2358 622 2408 st
644 2352 761 2408 oliorum
780 2368 838 2422 cix,
858 2359 889 2408 ut
906 2350 988 2408 habet

212 2435 241 2483 ot
261 2442 335 2484 erus.

222 2496 856 2566 mannanhun-Lunae,Ararene-Max..
876 2495 988 2574 Uienn-

187 2586 273 2637 rscr„
294 2570 431 2636 heroam,
447 2570 614 2635 bovensem,
630 2569 791 2623 Ainsncsn.
812 2575 839 2622 et
857 2567 989 2632 Dasium

188 2647 267 2694 textu
282 2639 348 2694 satis
364 2640 438 2709 puri,
453 2639 574 2695 addunt:
600 2640 653 2694 «ln
668 2639 781 2694 civitate
805 2638 924 2704 Puteoli,
937 2652 989 2691 na·

188 2709 243 2765 tale
258 2716 416 2764 sanctorum
426 2709 534 2765 Proculi
555 2715 582 2763 et
593 2707 683 2764 Nicea
699 2709 795 2764 matris
804 2707 873 2779 ejus.
890 2732 899 2754 ·

224 2779 372 2835 bfunsnir.
389 2778 418 2832 in
433 2777 504 2833 fine:
533 2778 683 2843 «Scironis,
701 2786 859 2834 sanctorum
880 2783 989 2848 marty-

189 2865 252 2905 rum
267 2847 409 2904 saviniani
430 2855 457 2903 et
483 2848 649 2915 Potentiani,
666 2848 859 2919 sociorumque
873 2862 988 2902 eorum-

188 2918 262 2976 dem.
279 2944 288 2966 ·
309 2917 381 2974 Vide
391 2934 473 2989 supra
488 2917 516 2973 in
530 2918 689 2973 Tonnacsn.

225 2989 351 3046 Gnsvirn.
368 2987 427 3044 haec
442 2988 527 3060 magis
537 2987 701 3059 distinguit:
726 2986 831 3060 «Apud
857 2987 988 3055 Senones,

189 3061 279 3133 passio
293 3067 450 3116 sanctorum
467 3067 620 3130 martyrum
637 3057 803 3115 Potentiani.
834 3058 988 3125 Saviniani,

189 3132 277 3188 Altivi
292 3139 320 3187 et
333 3129 453 3186 Totaldi.
469 3155 478 3177 ι
497 3131 567 3186 Male
582 3130 647 3202 legit
662 3136 800 3203 postrema
812 3129 989 3203 uomiua‚pro

189 3202 357 3277 quibusalii,
373 3202 460 3257 Altini
477 3209 504 3258 et
518 3201 648 3257 fledaldi.

224 3273 406 3331 censensu:
431 3271 641 3339 «Alexandria,
665 3270 807 3327 beatorum
825 3270 989 3328 Ptholomaei

1078 2069 1264 2123 dionensis:
1282 2090 1291 2113 ‹
1308 2068 1339 2123 ln
1354 2067 1468 2123 civitate
1482 2063 1766 2132 Puteoli,sauctorum
1775 2077 1843 2117 mar-

1042 2146 1053 2195 t
1075 2156 1135 2194 rum
1150 2139 1261 2195 Proculi
1282 2146 1310 2194 et
1339 2138 1428 2194 Nicea
1457 2135 1553 2192 matris
1576 2135 1644 2190 e'us.
1663 2134 1744 2201 Item,
1758 2133 1843 2189 musti

1070 2210 1136 2265 mati
1147 2210 1321 2266 confessoris.
1337 2233 1346 2257 ·
1366 2208 1453 2265 Addit
1467 2209 1542 2263 solus
1552 2152 1639 2263 codex
1659 2204 1842 2286 Sunonensis:

1051 2281 1272 2410 «Βοόιιεΐιιιοῑί
1287 2278 1552 2353 Asteriipresbyteri
1563 2285 1590 2335 et
1604 2279 1759 2350 martyris.»
1774 2275 1844 2333 Vide

1043 2370 1094 2409 xxi
1132 2360 1176 2409 cto
1198 2354 1246 2409 ris.

1079 2426 1257 2480 Bizunsiosn.
1271 2442 1276 2480 :
1298 2423 1442 2491 «Saponis,
1455 2429 1614 2479 sanctorum
1629 2426 1786 2492 martyrum
1799 2418 1843 2476 Sa·

1043 2496 1151 2552 viniani
1165 2505 1192 2552 et
1205 2495 1360 2552 Potentiani
1371 2495 1507 2551 sociorum
1548 2510 1563 2550 e
1577 2507 1696 2549 eorum.»

1078 2569 1201 2624 Russus.
1217 2567 1263 2623 SS.
1279 2566 1400 2622 Timoth.
1415 2573 1443 2621 et
1457 2566 1547 2648 Apol.
1562 2582 1567 2620 :
1584 2587 1594 2612 ‹
1610 2562 1741 2643 Turonis.
1757 2560 1846 2634 depo-

1043 2637 1108 2695 sitio
1122 2638 1208 2695 sancti
1224 2637 1388 2697 Columhani
1401 2637 1507 2694 abbatis
1519 2644 1547 2692 et
1560 2635 1737 2692 confessoris.
1759 2658 1769 2683 i

1079 2711 1178 2765 Epirio
1201 2709 1402 2767 bocaico-Col.
1452 2708 1528 2764 rimae
1548 2704 1769 2773 annuntiationi,
1783 2713 1845 2778 post

1043 2786 1068 2834 et
1080 2781 1165 2848 Lucii,
1183 2780 1298 2838 inserit:
1321 2787 1422 2860 «atquc
1433 2725 1522 2835 pPertii
1537 2777 1589 2835 sub
1612 2776 1778 2859 Anthonino
1793 2792 1845 2832 co·

1043 2860 1191 2922 gnomeuto
1205 2853 1266 2920 Pio,
1281 2860 1308 2907 et
1322 2851 1381 2907 filio
1394 2867 1484 2922 ejus.»
1505 2849 1610 2907 Cetera
1623 2855 1691 2905 satis
1704 2854 1845 2920 purasunt

1043 2938 1130 2994 usque
1146 2922 1180 2979 ad
1199 2923 1295 2988 finem,
1310 2921 1358 2978 ubi
1371 2921 1500 2981 additur:
1524 2919 1704 2977 «incivitate
1723 2917 1844 2987 Puteoli,

1043 2994 1134 3049 natale
1147 3003 1305 3050 sanctornm
1321 3000 1474 3066 martyrum
1489 2990 1611 3058 Proculi,
1635 2997 1663 3046 at
1680 2988 1775 3047 Nicaea
1789 3006 1844 3046 ma·

1043 3063 1095 3121 tris
1123 3062 1192 3119 e‘us.
1214 3066 1245 3120 ln
1272 3065 1382 3136 Anglia,
1398 3063 1511 3121 civitate
1524 3060 1644 3129 Oxouia,
1661 3067 1766 3118 sancta
1780 3060 1846 3116 Pri-

1042 3080 1172 3189 daswida
1182 3134 1307 3204 virginis.
1324 3160 1333 3182 ·

1079 3205 1176 3261 ann
1190 3205 1276 3260 editio
1290 3207 1386 3273 altera,
1395 3205 1481 3277 priori
1496 3205 1525 3261 iii
1539 3214 1619 3263 textu
1634 3204 1782 3272 similis,in
1791 3202 1844 3258 fine

1044 3274 1182 3332 adnectit:
1206 3275 1334 3331 «Eodem
1352 3277 1407 3344 die,
1423 3278 1511 3332 sancti
1532 3275 1676 3334 naonoctii
1702 3273 1843 3346 martyris,

188 3351 216 3401 et
234 3345 310 3402 Lucii
326 3351 491 3416 martyrum.
512 3342 668 3399 Antiochia
690 3350 849 3399 sanctorum
865 3342 987 3400 Balonici
1003 3347 1026 3409 G
1043 3347 1163 3419 episcopi
1179 3347 1406 3404 Eboracensium.
1421 3349 1453 3403 in
1466 3346 1608 3405 territorio
1636 3344 1843 3412 Aurelianensi,

189 3424 216 3472 et
231 3415 345 3489 Pelagias
359 3422 387 3471 et
399 3413 519 3471 aliorum
529 3431 606 3471 xiix.
620 3413 752 3472 Coenobio
766 3414 890 3482 Centula,
906 3414 989 3471 dedi-

189 3486 261 3544 catio
271 3487 413 3543 orientalis
427 3486 522 3557 cripte
537 3485 567 3541 in
582 3486 715 3542 honorem
739 3495 841 3544 sauctae
856 3486 948 3542 hfariae
962 3493 989 3542 et

189 3557 277 3614 sancti
293 3556 414 3616 Richarii
428 3555 577 3613 sacerdotis
608 3557 714 3613 loriosi.

226 3629 405 3683 Bnuxsacsn.
419 3627 519 3698 incipit
536 3626 569 3683 ab
585 3574 776 3693 dntiochenis,
791 3625 821 3681 in
832 3627 988 3699 quibuspu·

189 3713 237 3752 rua
251 3704 303 3753 est.
319 3697 402 3751 Tum:
428 3719 437 3742 ι
454 3698 490 3751 Et
500 3697 529 3750 in
544 3696 657 3751 civitate
674 3695 792 3763 Puteoli,
808 3697 899 3752 natale
921 3713 990 3752 san-

189 3775 297 3824 ctorum
313 3773 464 3836 martyrum
480 3765 588 3820 Proculi
610 3773 637 3820 et
663 3767 753 3823 Nicea
778 3767 873 3822 matris
887 3766 957 3836 ejus.
973 3792 982 3814 ·

190 3836 319 3909 Sequitur
328 3834 428 3890 deiude
438 3835 612 3890 annuntiatio
634 3835 668 3891 de
691 3836 838 3892 Ptolemaeo
852 3844 879 3892 et
893 3838 988 3906 Lucio,

190 3921 268 3980 pure.
283 3904 416 3962 Accedit:
444 3927 454 3950 ι
471 3905 538 3960 item
556 3906 659 3973 Amati,
675 3907 796 3977 episcopi
812 3908 988 3973 senonensis,

190 3976 239 4050 qui
251 3991 300 4056 pro
315 3974 440 4031 veritatis
465 3973 575 4045 justitia
596 3990 613 4029 a
635 3974 806 4032 Theodorico
821 3992 894 4048 rege,
911 3978 988 4049 gravi

190 4045 334 4103 axiliodiu
349 4044 403 4099 fuit
418 4044 577 4101 tribulatus.
588 4045 659 4102 Vide
673 4046 806 4103 Auctaria
820 4063 912 4104 xxviii
921 4049 988 4120 Apri

191 4117 227 4173 lis
239 4123 267 4172 at
295 4133 347 4172 xiii
368 4116 401 4172 Se
421 4114 546 4172 tembris.
575 4116 725 4186 ‹Turouia
741 4117 876 4199 depositio
902 4119 990 4178 sancti

190 4185 356 4268 Columhani
373 4130 513 4267 ablutis·
535 4188 611 4243 Infra
622 4188 726 4245 dicitur
740 4205 876 4260 episcopus
899 4192 990 4246 Turo-

189 4275 288 4325 naasaa,
302 4272 390 4330 neque
403 4273 443 4314 sic
455 4264 545 4316 notus.

227 4329 419 4397 nicanorem,
432 4329 559 4408 interitu,
574 4337 673 4456 prater
691 4347 806 4399 morem,
829 4347 914 4402 purus
936 4330 990 4387 ad-

187 4399 294 4473 jungit:
310 4425 319 4448 ‹
333 4401 365 4456 lu
382 4401 521 4456 territorio
536 4402 572 4456 Be
586 4402 706 4470 vacousi,
719 4402 810 4458 natale
821 4402 910 4458 sancti
919 4402 989 4457 lusti

191 4471 332 4544 martyris.
349 4495 358 4519 ·
375 4470 445 4527 Vide
460 4470 534 4527 dicta
550 4472 596 4528 die
615 4473 788 4554 praecedenti.
812 4474 913 4542 «Item,
929 4489 990 4528 san·

189 4548 298 4599 ctorum
312 4541 464 4599 Alexandri
480 4551 507 4597 et
517 4542 638 4600 Victoris
649 4553 813 4616 martyrum.
830 4568 839 4592 ·
857 4544 929 4602 Vide
939 4544 989 4601 ibi·

189 4613 263 4670 deni.
284 4637 293 4661 ι
314 4614 346 4668 ln
373 4612 485 4669 civitate
515 4614 631 4681 Puteoli,
652 4623 810 4671 sanctorum
834 4623 989 4688 martyrum

190 4684 280 4753 passio
294 4683 404 4739 Proculi
418 4691 446 4738 et
457 4682 546 4739 Niceae
566 4684 662 4740 matris
675 4685 763 4766 ejus.»
866 4703 871 4712 ·

227 4753 389 4814 Aouiciucr.
411 4753 510 4822 incipit
523 4754 659 4824 aproprio
670 4756 756 4811 vicini
766 4755 877 4836 oppidi:
894 4758 989 4813 ‹Dua-

189 4822 226 4890 ci,
237 4822 382 4878 translatio
400 4822 488 4877 sancti
502 4823 595 4879 Aniati
616 4824 814 4896 archiepiscopi
834 4835 861 4882 et
884 4829 989 4883 confes·

189 4892 270 4950 soris.
286 4917 295 4940 ·
316 4894 348 4948 In
362 4892 418 4947 lino
432 4899 523 4947 antem
537 4892 614 4958 addit
629 4912 634 4949 :
658 4896 756 4966 «Apud
771 4904 890 4953 castrum
904 4897 989 4953 Ebru-

188 4979 244 5047 cas,
274 4963 373 5019 namlis
395 4961 484 5018 sancti
506 4963 631 5036 Aquilini
656 4965 778 5039 episcopi
800 4976 827 5023 et
845 4968 990 5024 confesso—

188 5051 262 5091 risa

224 5105 370 5163 Vicroaiu.
386 5115 414 5161 et
429 5107 498 5163 ileo.
513 5105 595 5164 soie.
611 5105 731 5178 signnm.
746 5106 797 5164 130
811 5109 838 5165 in
857 5109 988 5166 fineabs-

189 5192 243 5249 que
258 5177 405 5250 positione.
431 5179 512 5251 =1pso
528 5176 583 5247 die,
603 5179 693 5235 sancti
709 5179 847 5252 Aquilini,
867 5179 987 5255 episcopi

188 5254 216 5303 et
229 5248 407 5305 confessoris.
424 5275 434 5297 ι

222 5317 660 5379 hierarc.-Cinrus.-Uareiiscr.
674 5340 680 5377 :
698 5321 859 5379 ‹Ptoloinaei
870 5332 897 5381 et
908 5324 986 5381 Lucii

187 5396 350 5466 martyrum.
365 5392 482 5448 Ethbini
500 5392 676 5449 confessoris.
692 5393 948 5467 BeroniciPelagin
959 5403 987 5451 et

187 5454 305 5512 aliorum
321 5462 500 5541 quadraginta
515 5479 616 5521 novem
631 5473 817 5536 martyrum.»

1039 5471 1120 5551 scopi.
1130 5469 1357 5527 Eboracensium.
1374 5474 1403 5527 lu
1420 5472 1559 5529 territorio
1574 5473 1784 5542 Aurelianensi,

1043 3418 1180 3489 depositio
1199 3417 1273 3474 beati
1304 3418 1402 3474 Verani
1432 3418 1554 3544 essisoopi
1579 3426 1608 3475 at
1636 3416 1837 3475 confessoris·

1045 3490 1115 3547 Vide
1131 3488 1283 3546 Usuardum
1299 3507 1328 3546 xi
1343 3490 1447 3546 Novem
1469 3490 1516 3546 ris.

1080 3560 1205 3617 Gnsvsn.
1223 3578 1229 3617 :
1252 3561 1393 3618 «Ciuitate
1409 3561 1541 3629 Puteolis,
1556 3567 1718 3616 sanctorum
1735 3564 1843 3630 marty·

1044 3647 1105 3686 rum
1123 3631 1233 3687 Proculi
1245 3639 1273 3687 et
1287 3633 1375 3688 Niceae
1390 3631 1484 3687 matris
1498 3630 1566 3702 ejus.
1588 3632 1620 3686 fn
1633 3630 1761 3698 ¹Histric,
1776 3645 1842 3686 sau·

1044 3709 1152 3758 ctorum
1166 3701 1288 3768 Austeri,
1299 3701 1562 3773 Neapoli,Desiderii
1577 3709 1604 3758 et
1618 3701 1841 3758 Festini.Eodem

1043 3770 1099 3841 die,
1110 3772 1335 3828 commemoratio
1355 3779 1513 3828 sanctorum
1527 3773 1650 3830 ianuarii
1665 3781 1693 3829 ct
1705 3771 1842 3829 sociorum

1044 3843 1103 3914 ejus
1117 3851 1279 3923 martyrum.
1298 3842 1504 3923 Columhani,e
1525 3843 1611 3916 iscopi
1636 3842 1843 3900 Turonensiset

1044 3913 1219 3969 confessoris.
1234 3913 1357 3996 Bevagii,
1372 3913 1492 3986 episcopi
1506 3860 1723 3972 1Silvanectensis
1734 3920 1762 3970 et
1774 3928 1844 3969 con-

1045 3982 1164 4039 fessoris.
1181 3984 1321 4058 Folquinii
1333 3985 1463 4057 episcopi.
1478 3985 1612 4042 Desiderii
1629 3985 1723 4058 episco
1743 3984 1843 4041 inere

1046 4054 1113 4109 mari
1130 4053 1235 4112 abbatis
1248 4056 1434 4112 Flaviacensis
1442 4065 1470 4112 et
1477 4055 1653 4113 confessoris.
1674 4081 1684 4104 υ
1734 4054 1843 4112 ideAu·

1044 4124 1131 4180 ctaria
1144 4125 1188 4206 jfl,
1214 4127 1249 4182 23
1270 4134 1297 4182 et
1324 4126 1358 4182 id
1382 4127 1559 4208 Septembris.
1584 4125 1714 4195 ‹Amati,
1736 4123 1843 4182 abbatis

1045 4194 1228 4252 Luxoviensis
1238 4204 1266 4252 et
1280 4197 1454 4253 confessoris.
1468 4199 1499 4255 ln
1515 4198 1658 4267 Hibernia,
1671 4197 1765 4254 sancti
1779 4195 1844 4252 Eth-

1044 4264 1112 4321 bini.
1123 4266 1225 4322 Levites
1242 4269 1454 4337 etconfessoris,
1470 4268 1598 4341 discipuli
1614 4268 1689 4324 beati
1704 4265 1846 4325 &insonis

1044 4337 1171 4392 bolensis
1184 4337 1395 4410 archiepiscopi.
1405 4340 1457 4396 llic
1470 4356 1533 4395 cum
1549 4346 1644 4397 sancto
1659 4338 1845 4411 Wingualoco

1044 4406 1203 4533 presbvtaro
1217 4416 1244 4464 et
1267 4409 1423 4466 confessore
1438 4409 1603 4481 dignissimo
1619 4409 1665 4480 (da
1680 4425 1738 4483 quo
1764 4423 1848 4480 supra

1055 4548 1061 4559 ι
1079 4486 1106 4534 et
1126 4466 1248 4535 dNonas
1257 4480 1348 4536 bfartii
1365 4481 1491 4552 habetur)
1506 4480 1683 4548 iterfaciens,
1699 4479 1845 4539 Christum

1053 4564 1084 4604 in
1101 4550 1192 4622 specie
1207 4550 1306 4622 leprosi
1320 4553 1458 4625 suscipere
1472 4559 1499 4608 et
1513 4551 1584 4608 miro
1597 4551 1661 4608 fidei
1669 4551 1770 4608 ardore
1783 4565 1845 4606 cum

1043 4619 1139 4675 οοάειιι
1153 4630 1278 4691 tractare,
1294 4639 1389 4679 vocem
1417 4622 1499 4679 etiam
1525 4622 1700 4679 ascendentis
1726 4619 1845 4678 Domini

1004 4688 1029 4748 D
1045 4691 1151 4757 audire,
1162 4693 1278 4748 salutem
1289 4694 1475 4764 promittentis
1489 4693 1538 4762 eis,
1551 4694 1600 4767 qui
1617 4692 1767 4750 amborum
1783 4706 1847 4747 ιιιο-

1045 4777 1134 4818 mores
1149 4763 1359 4820 inorationibus
1386 4764 1552 4833 extitissent,
1576 4765 1688 4820 meruit.
1704 4765 1766 4835 lpse
1787 4770 1848 4818 tan·

1043 4832 1105 4886 dem
1120 4833 1178 4888 vita
1191 4840 1219 4888 et
1234 4834 1534 4907 miraculis‚interqaas
1549 4845 1576 4892 et
1590 4842 1745 4890 mortuum.
1760 4832 1846 4889 susci-

1043 4910 1114 4958 tasse
1132 4902 1241 4974 legitur,
1257 4905 1357 4972 clarus,
1369 4905 1447 4963 beato
1458 4904 1512 4960 fine
1526 4906 1555 4960 in
1569 4906 1690 4962 Domino
1699 4902 1837 4978 quievit·

1042 4973 1156 5029 Notabis
1170 4975 1356 5045 parenthesim
1372 4974 1418 5032 hic
1432 4976 1561 5031 insertam
1573 4977 1603 5033 iu
1617 4975 1708 5049 prima
1717 4973 1844 5031 editione

1043 5044 1083 5099 sic
1098 5045 1149 5116 legi
1167 5062 1172 5099 :
1186 5045 1245 5118 (qui
1261 5046 1278 5102 6
1292 5054 1319 5103 et
1332 5047 1349 5103 5
1362 5047 1453 5103 Nonas
1470 5046 1563 5102 hfartii
1576 5048 1635 5104 sinc
1648 5045 1758 5120 egregia
1771 5061 1847 5103 coiu-

1044 5115 1345 5173 mendationetransiri
1356 5117 1707 5191 nondebueratlSequitur
1718 5134 1724 5173 :
1735 5116 1846 5173 «Trans

1043 5186 1212 5266 latioflsancti
1227 5188 1405 5245 Willibrordi
1428 5188 1548 5271 episcopi
1565 5197 1592 5245 et
1606 5187 1786 5245 confessoris.
1815 5188 1845 5243 fn

1041 5256 1150 5338 Angue,
1170 5258 1283 5314 civitate
1298 5258 1461 5329 Oxoniensi,
1476 5267 1576 5317 sanctae
1596 5258 1776 5317 ertdmwida
1790 5257 1846 5314 vir·

1058 5343 1146 5383 inis·

1041 5344 1202 5454 ghiccine:
1226 5401 1352 5457 «Eodem
1378 5401 1434 5468 die,
1459 5400 1603 5458 Eadnocbi
1626 5402 1770 5484 martyris,
1789 5401 1845 5530 esi·

189 5526 196 5538 '
223 5524 365 5604 Bicoriin.
392 5541 514 5604 signatus
534 5535 606 5615 Pb:
643 5559 652 5582 ι
675 5536 706 5615 ln
729 5536 983 5617 civitatePuteoli,
1039 5547 1139 5610 positio
1161 5542 1233 5597 beati
1257 5543 1368 5610 Verani,
1391 5542 1514 5632 episcopi
1539 5552 1567 5599 et
1590 5543 1770 5600 confessoris.
1791 5543 1845 5600 Se-

186 5597 287 5651 namlis
305 5609 460 5681 sanctorum
477 5604 597 5672 Proculi,
613 5614 640 5662 et
653 5606 763 5663 Niobea
778 5617 976 5678 matamorus·
1039 5611 1129 5678 rionis,
1145 5619 1304 5667 sanctorum
1319 5623 1471 5684 martyrum
1482 5613 1625 5670 saviniani
1643 5622 1671 5670 et
1682 5614 1846 5671 Petentiani

201 5665 365 5747 Pisonis.
381 5681 502 5743 signatus
517 5675 566 5744 Eg.
583 5674 617 5732 tt)
630 5695 641 5756 z·
656 5676 756 5757 «Apud
771 5677 900 5744 Senones,
918 5694 984 5749 pas-
1038 5680 1229 5755 sociorumque
1244 5681 1312 5753 ejus.
1329 5683 1432 5738 Horum
1456 5685 1592 5741 festivitas
1610 5684 1677 5740 dum
1706 5686 1742 5742 ab
1767 5684 1848 5742 anti-

185 5745 396 5794 siosanctorum
411 5751 564 5816 martyrum
579 5747 731 5815 Saviniani,
744 5749 900 5806 Potentiani
928 5748 983 5805 Al·
1037 5752 1100 5824 quis
1124 5754 1302 5824 temporibus,
1323 5753 1412 5827 pridie
1440 5755 1627 5815 Kalendarum
1645 5755 1845 5815 ianuariarum
