<?xml version="1.0" encoding="UTF-8"?>
<!DOCTYPE html PUBLIC "-//W3C//DTD XHTML 1.0 Transitional//EN"
    "http://www.w3.org/TR/xhtml1/DTD/xhtml1-transitional.dtd">
<html xmlns="http://www.w3.org/1999/xhtml" xml:lang="en" lang="en">
 <head>
  <title>
</title>
<meta http-equiv="Content-Type" content="text/html;charset=utf-8" />
  <meta name='ocr-system' content='tesseract 3.04.00' />
  <meta name='ocr-capabilities' content='ocr_page ocr_carea ocr_par ocr_line ocrx_word'/>
</head>
<body>
  <div class='ocr_page' id='page_1' title='image "./patrologiaecurs76unkngoog_0618.png"; bbox 0 0 3834 6136; ppageno 0'>
   <div class='ocr_carea' id='block_1_1' title="bbox 69 201 1722 273">
    <p class='ocr_par' dir='ltr' id='par_1_1' title="bbox 69 201 1722 273">
     <span class='ocr_line' id='line_1_1' title="bbox 69 201 1722 273; baseline 0.008 -13"><span class='ocrx_word' id='word_1_1' title='bbox 69 201 139 263; x_wconf 79' lang='lat' dir='ltr'>fras</span> <span class='ocrx_word' id='word_1_2' title='bbox 546 207 594 266; x_wconf 81' lang='lat' dir='ltr'>DE</span> <span class='ocrx_word' id='word_1_3' title='bbox 611 205 801 268; x_wconf 82' lang='lat' dir='ltr'>MIRACULIS</span> <span class='ocrx_word' id='word_1_4' title='bbox 820 209 848 269; x_wconf 87' lang='lat' dir='ltr'>S.</span> <span class='ocrx_word' id='word_1_5' title='bbox 869 207 1042 268; x_wconf 80' lang='lat' dir='ltr'>GERMANI.</span> <span class='ocrx_word' id='word_1_6' title='bbox 1065 242 1096 254; x_wconf 43' lang='grc' dir='ltr'><em>α</em></span> <span class='ocrx_word' id='word_1_7' title='bbox 1118 207 1190 269; x_wconf 83' lang='lat' dir='ltr'>tta.</span> <span class='ocrx_word' id='word_1_8' title='bbox 1213 205 1235 268; x_wconf 88' lang='lat' dir='ltr'>f.</span> <span class='ocrx_word' id='word_1_9' title='bbox 1651 208 1722 273; x_wconf 78' lang='lat' dir='ltr'>ttae</span> 
     </span>
    </p>
   </div>
   <div class='ocr_carea' id='block_1_2' title="bbox 63 363 1747 2322">
    <p class='ocr_par' dir='ltr' id='par_1_2' title="bbox 64 363 1747 1247">
     <span class='ocr_line' id='line_1_2' title="bbox 70 363 1723 443; baseline 0.005 -25"><span class='ocrx_word' id='word_1_10' title='bbox 70 363 149 419; x_wconf 89' lang='lat' dir='ltr'>nulla</span> <span class='ocrx_word' id='word_1_11' title='bbox 174 371 244 422; x_wconf 90' lang='lat' dir='ltr'>esset</span> <span class='ocrx_word' id='word_1_12' title='bbox 267 364 383 437; x_wconf 75' lang='lat' dir='ltr'>requies,</span> <span class='ocrx_word' id='word_1_13' title='bbox 407 373 434 421; x_wconf 93' lang='lat' dir='ltr'>ct</span> <span class='ocrx_word' id='word_1_14' title='bbox 456 365 505 438; x_wconf 93' lang='lat' dir='ltr'>qui</span> <span class='ocrx_word' id='word_1_15' title='bbox 522 374 718 435; x_wconf 90' lang='lat' dir='ltr'>couvenerant,</span> <span class='ocrx_word' id='word_1_16' title='bbox 743 366 794 423; x_wconf 87' lang='lat' dir='ltr'>vix</span> <span class='ocrx_word' id='word_1_17' title='bbox 805 365 861 440; x_wconf 87' lang='lat' dir='ltr'>jam</span> <span class='ocrx_word' id='word_1_18' title='bbox 880 364 1070 435; x_wconf 78' lang='lat' dir='ltr'>Abasilicam,</span> <span class='ocrx_word' id='word_1_19' title='bbox 1085 365 1226 423; x_wconf 89' lang='lat' dir='ltr'>confidens</span> <span class='ocrx_word' id='word_1_20' title='bbox 1239 382 1269 423; x_wconf 92' lang='lat' dir='ltr'>se</span> <span class='ocrx_word' id='word_1_21' title='bbox 1282 382 1400 439; x_wconf 91' lang='lat' dir='ltr'>suosque</span> <span class='ocrx_word' id='word_1_22' title='bbox 1410 365 1470 438; x_wconf 89' lang='lat' dir='ltr'>ejus</span> <span class='ocrx_word' id='word_1_23' title='bbox 1481 383 1537 424; x_wconf 92' lang='lat' dir='ltr'>non</span> <span class='ocrx_word' id='word_1_24' title='bbox 1551 385 1646 441; x_wconf 90' lang='lat' dir='ltr'>parurn</span> <span class='ocrx_word' id='word_1_25' title='bbox 1661 386 1723 443; x_wconf 90' lang='lat' dir='ltr'>pro·</span> 
     </span>
     <span class='ocr_line' id='line_1_3' title="bbox 68 453 1722 530; baseline 0.004 -22"><span class='ocrx_word' id='word_1_26' title='bbox 68 454 189 524; x_wconf 77' lang='lat' dir='ltr'>regionis</span> <span class='ocrx_word' id='word_1_27' title='bbox 213 453 394 526; x_wconf 88' lang='lat' dir='ltr'>amplitudine</span> <span class='ocrx_word' id='word_1_28' title='bbox 415 463 585 527; x_wconf 77' lang='lat' dir='ltr'><strong>caperentur,</strong></span> <span class='ocrx_word' id='word_1_29' title='bbox 612 457 656 512; x_wconf 92' lang='lat' dir='ltr'>die</span> <span class='ocrx_word' id='word_1_30' title='bbox 677 457 864 514; x_wconf 80' lang='lat' dir='ltr'>Kalendarum</span> <span class='ocrx_word' id='word_1_31' title='bbox 920 454 985 512; x_wconf 90' lang='lat' dir='ltr'>vehi</span> <span class='ocrx_word' id='word_1_32' title='bbox 1000 471 1078 529; x_wconf 91' lang='lat' dir='ltr'>posse</span> <span class='ocrx_word' id='word_1_33' title='bbox 1092 455 1229 529; x_wconf 82' lang='lat' dir='ltr'>precibus,</span> <span class='ocrx_word' id='word_1_34' title='bbox 1244 454 1324 529; x_wconf 87' lang='lat' dir='ltr'>cujus</span> <span class='ocrx_word' id='word_1_35' title='bbox 1339 457 1722 530; x_wconf 79' lang='lat' dir='ltr'>tantatanrquemirificaex·</span> 
     </span>
     <span class='ocr_line' id='line_1_4' title="bbox 66 542 1721 620; baseline 0.007 -22"><span class='ocrx_word' id='word_1_36' title='bbox 66 542 230 598; x_wconf 90' lang='lat' dir='ltr'>Octobrium</span> <span class='ocrx_word' id='word_1_37' title='bbox 245 543 318 600; x_wconf 90' lang='lat' dir='ltr'>intra</span> <span class='ocrx_word' id='word_1_38' title='bbox 340 544 458 616; x_wconf 81' lang='lat' dir='ltr'><strong>sepulcri</strong></span> <span class='ocrx_word' id='word_1_39' title='bbox 477 544 571 602; x_wconf 86' lang='lat' dir='ltr'>abdita</span> <span class='ocrx_word' id='word_1_40' title='bbox 585 545 731 604; x_wconf 75' lang='lat' dir='ltr'>thesaurus</span> <span class='ocrx_word' id='word_1_41' title='bbox 745 546 866 605; x_wconf 87' lang='lat' dir='ltr'>coelestis</span> <span class='ocrx_word' id='word_1_42' title='bbox 919 543 1157 618; x_wconf 86' lang='lat' dir='ltr'>stabantiusignia</span> <span class='ocrx_word' id='word_1_43' title='bbox 1166 545 1328 603; x_wconf 87' lang='lat' dir='ltr'>sanctitatis.</span> <span class='ocrx_word' id='word_1_44' title='bbox 1344 547 1385 603; x_wconf 90' lang='lat' dir='ltr'>Ac</span> <span class='ocrx_word' id='word_1_45' title='bbox 1399 546 1458 620; x_wconf 86' lang='lat' dir='ltr'>ipsa</span> <span class='ocrx_word' id='word_1_46' title='bbox 1472 554 1643 620; x_wconf 81' lang='lat' dir='ltr'>tempestate,</span> <span class='ocrx_word' id='word_1_47' title='bbox 1658 566 1721 611; x_wconf 89' lang='lat' dir='ltr'>curu</span> 
     </span>
     <span class='ocr_line' id='line_1_5' title="bbox 66 631 1723 710; baseline 0.005 -22"><span class='ocrx_word' id='word_1_48' title='bbox 66 631 224 704; x_wconf 86' lang='lat' dir='ltr'>deponitur,</span> <span class='ocrx_word' id='word_1_49' title='bbox 237 633 396 690; x_wconf 91' lang='lat' dir='ltr'>tantoorbis</span> <span class='ocrx_word' id='word_1_50' title='bbox 407 635 650 706; x_wconf 87' lang='lat' dir='ltr'>terrarumofficio,</span> <span class='ocrx_word' id='word_1_51' title='bbox 661 644 737 694; x_wconf 88' lang='lat' dir='ltr'>tanta</span> <span class='ocrx_word' id='word_1_52' title='bbox 750 636 865 694; x_wconf 88' lang='lat' dir='ltr'>humani</span> <span class='ocrx_word' id='word_1_53' title='bbox 920 634 1032 710; x_wconf 85' lang='lat' dir='ltr'>praefata</span> <span class='ocrx_word' id='word_1_54' title='bbox 1055 633 1180 706; x_wconf 87' lang='lat' dir='ltr'>Augusta</span> <span class='ocrx_word' id='word_1_55' title='bbox 1203 642 1313 692; x_wconf 87' lang='lat' dir='ltr'>sanctus</span> <span class='ocrx_word' id='word_1_56' title='bbox 1328 635 1423 708; x_wconf 87' lang='lat' dir='ltr'>Lupus</span> <span class='ocrx_word' id='word_1_57' title='bbox 1437 635 1583 710; x_wconf 90' lang='lat' dir='ltr'>episcopus</span> <span class='ocrx_word' id='word_1_58' title='bbox 1598 637 1675 694; x_wconf 79' lang='lat' dir='ltr'>senil</span> <span class='ocrx_word' id='word_1_59' title='bbox 1689 638 1723 697; x_wconf 85' lang='lat' dir='ltr'>de</span> 
     </span>
     <span class='ocr_line' id='line_1_6' title="bbox 66 720 1724 800; baseline 0.002 -20"><span class='ocrx_word' id='word_1_60' title='bbox 66 722 173 795; x_wconf 88' lang='lat' dir='ltr'>generis</span> <span class='ocrx_word' id='word_1_61' title='bbox 198 721 310 793; x_wconf 89' lang='lat' dir='ltr'>pietate,</span> <span class='ocrx_word' id='word_1_62' title='bbox 333 732 363 780; x_wconf 93' lang='lat' dir='ltr'>ut</span> <span class='ocrx_word' id='word_1_63' title='bbox 385 723 446 780; x_wconf 90' lang='lat' dir='ltr'>luce</span> <span class='ocrx_word' id='word_1_64' title='bbox 468 724 570 781; x_wconf 92' lang='lat' dir='ltr'>clarius</span> <span class='ocrx_word' id='word_1_65' title='bbox 582 733 720 783; x_wconf 91' lang='lat' dir='ltr'>constaret</span> <span class='ocrx_word' id='word_1_66' title='bbox 736 725 866 783; x_wconf 91' lang='lat' dir='ltr'>omnibus</span> <span class='ocrx_word' id='word_1_67' title='bbox 920 721 1072 797; x_wconf 90' lang='lat' dir='ltr'>superioris</span> <span class='ocrx_word' id='word_1_68' title='bbox 1086 720 1254 794; x_wconf 82' lang='lat' dir='ltr'>Burgundiae</span> <span class='ocrx_word' id='word_1_69' title='bbox 1266 723 1389 796; x_wconf 85' lang='lat' dir='ltr'>partibus</span> <span class='ocrx_word' id='word_1_70' title='bbox 1404 735 1431 792; x_wconf 72' lang='grc' dir='ltr'>ο;</span> <span class='ocrx_word' id='word_1_71' title='bbox 1447 725 1550 800; x_wconf 90' lang='lat' dir='ltr'>quique</span> <span class='ocrx_word' id='word_1_72' title='bbox 1565 743 1621 783; x_wconf 93' lang='lat' dir='ltr'>non</span> <span class='ocrx_word' id='word_1_73' title='bbox 1637 727 1724 785; x_wconf 88' lang='lat' dir='ltr'>nrulto</span> 
     </span>
     <span class='ocr_line' id='line_1_7' title="bbox 65 809 1724 888; baseline 0.004 -20"><span class='ocrx_word' id='word_1_74' title='bbox 65 811 141 869; x_wconf 89' lang='lat' dir='ltr'>hunc</span> <span class='ocrx_word' id='word_1_75' title='bbox 165 811 268 869; x_wconf 89' lang='lat' dir='ltr'>summi</span> <span class='ocrx_word' id='word_1_76' title='bbox 290 813 319 868; x_wconf 92' lang='lat' dir='ltr'>in</span> <span class='ocrx_word' id='word_1_77' title='bbox 343 813 413 870; x_wconf 87' lang='lat' dir='ltr'>coelo</span> <span class='ocrx_word' id='word_1_78' title='bbox 432 829 490 872; x_wconf 91' lang='lat' dir='ltr'>esse</span> <span class='ocrx_word' id='word_1_79' title='bbox 513 815 617 886; x_wconf 90' lang='lat' dir='ltr'>meriti,</span> <span class='ocrx_word' id='word_1_80' title='bbox 640 814 719 888; x_wconf 75' lang='lat' dir='ltr'>cuius</span> <span class='ocrx_word' id='word_1_81' title='bbox 742 815 867 872; x_wconf 91' lang='lat' dir='ltr'>interris</span> <span class='ocrx_word' id='word_1_82' title='bbox 920 820 982 886; x_wconf 86' lang='lat' dir='ltr'>post</span> <span class='ocrx_word' id='word_1_83' title='bbox 997 811 1031 869; x_wconf 92' lang='lat' dir='ltr'>ad</span> <span class='ocrx_word' id='word_1_84' title='bbox 1046 828 1094 868; x_wconf 86' lang='lat' dir='ltr'>xvr</span> <span class='ocrx_word' id='word_1_85' title='bbox 1110 810 1172 868; x_wconf 84' lang='lat' dir='ltr'>Kal.</span> <span class='ocrx_word' id='word_1_86' title='bbox 1193 809 1259 866; x_wconf 84' lang='lat' dir='ltr'>tulii</span> <span class='ocrx_word' id='word_1_87' title='bbox 1279 809 1302 880; x_wconf 72' lang='lat'>⁶,</span> <span class='ocrx_word' id='word_1_88' title='bbox 1325 810 1370 868; x_wconf 90' lang='lat' dir='ltr'>die</span> <span class='ocrx_word' id='word_1_89' title='bbox 1389 812 1501 870; x_wconf 91' lang='lat' dir='ltr'>functus</span> <span class='ocrx_word' id='word_1_90' title='bbox 1526 830 1665 888; x_wconf 89' lang='lat' dir='ltr'>supremo,</span> <span class='ocrx_word' id='word_1_91' title='bbox 1689 832 1724 875; x_wconf 84' lang='lat' dir='ltr'>ex</span> 
     </span>
     <span class='ocr_line' id='line_1_8' title="bbox 64 899 1723 978; baseline 0.002 -19"><span class='ocrx_word' id='word_1_92' title='bbox 64 910 142 959; x_wconf 91' lang='lat' dir='ltr'>tanta</span> <span class='ocrx_word' id='word_1_93' title='bbox 164 901 380 975; x_wconf 82' lang='lat' dir='ltr'>providebantur</span> <span class='ocrx_word' id='word_1_94' title='bbox 400 904 509 962; x_wconf 89' lang='lat' dir='ltr'>honori.</span> <span class='ocrx_word' id='word_1_95' title='bbox 535 905 623 962; x_wconf 91' lang='lat' dir='ltr'>Locus</span> <span class='ocrx_word' id='word_1_96' title='bbox 646 905 764 978; x_wconf 81' lang='lat' dir='ltr'>sepulcri</span> <span class='ocrx_word' id='word_1_97' title='bbox 782 903 867 978; x_wconf 84' lang='lat' dir='ltr'>hujus</span> <span class='ocrx_word' id='word_1_98' title='bbox 920 902 1021 974; x_wconf 80' lang='lat' dir='ltr'>regium</span> <span class='ocrx_word' id='word_1_99' title='bbox 1040 900 1142 974; x_wconf 84' lang='lat' dir='ltr'>piacita</span> <span class='ocrx_word' id='word_1_100' title='bbox 1157 899 1186 956; x_wconf 94' lang='lat' dir='ltr'>in</span> <span class='ocrx_word' id='word_1_101' title='bbox 1202 899 1296 956; x_wconf 84' lang='lat' dir='ltr'>eadem</span> <span class='ocrx_word' id='word_1_102' title='bbox 1304 899 1419 956; x_wconf 91' lang='lat' dir='ltr'>ecclesia</span> <span class='ocrx_word' id='word_1_103' title='bbox 1429 900 1558 960; x_wconf 89' lang='lat' dir='ltr'>decenter</span> <span class='ocrx_word' id='word_1_104' title='bbox 1571 906 1723 978; x_wconf 87' lang='lat' dir='ltr'>acreligiu·</span> 
     </span>
     <span class='ocr_line' id='line_1_9' title="bbox 66 988 1747 1066; baseline 0.001 -18"><span class='ocrx_word' id='word_1_105' title='bbox 66 997 123 1049; x_wconf 91' lang='lat' dir='ltr'>turn</span> <span class='ocrx_word' id='word_1_106' title='bbox 140 990 251 1066; x_wconf 92' lang='lat' dir='ltr'>quidem</span> <span class='ocrx_word' id='word_1_107' title='bbox 268 992 447 1065; x_wconf 91' lang='lat' dir='ltr'>perexiguum</span> <span class='ocrx_word' id='word_1_108' title='bbox 460 1001 517 1050; x_wconf 90' lang='lat' dir='ltr'>erat</span> <span class='ocrx_word' id='word_1_109' title='bbox 532 993 695 1063; x_wconf 88' lang='lat' dir='ltr'>oratorium,</span> <span class='ocrx_word' id='word_1_110' title='bbox 714 993 744 1050; x_wconf 92' lang='lat' dir='ltr'>in</span> <span class='ocrx_word' id='word_1_111' title='bbox 759 1011 809 1052; x_wconf 92' lang='lat' dir='ltr'>suo</span> <span class='ocrx_word' id='word_1_112' title='bbox 819 994 867 1066; x_wconf 90' lang='lat' dir='ltr'>ip·</span> <span class='ocrx_word' id='word_1_113' title='bbox 921 1006 949 1046; x_wconf 87' lang='lat' dir='ltr'>se</span> <span class='ocrx_word' id='word_1_114' title='bbox 959 990 1129 1064; x_wconf 88' lang='lat' dir='ltr'>compositus</span> <span class='ocrx_word' id='word_1_115' title='bbox 1143 988 1308 1063; x_wconf 90' lang='lat' dir='ltr'>requiescit;</span> <span class='ocrx_word' id='word_1_116' title='bbox 1324 989 1398 1062; x_wconf 91' lang='lat' dir='ltr'>quod</span> <span class='ocrx_word' id='word_1_117' title='bbox 1412 989 1493 1046; x_wconf 89' lang='lat' dir='ltr'>Pario</span> <span class='ocrx_word' id='word_1_118' title='bbox 1505 1007 1589 1066; x_wconf 75' lang='lat' dir='ltr'>penes</span> <span class='ocrx_word' id='word_1_119' title='bbox 1604 1009 1654 1049; x_wconf 93' lang='lat' dir='ltr'>nos</span> <span class='ocrx_word' id='word_1_120' title='bbox 1669 993 1747 1050; x_wconf 84' lang='lat' dir='ltr'>im-·</span> 
     </span>
     <span class='ocr_line' id='line_1_10' title="bbox 65 1077 1727 1157; baseline 0.001 -18"><span class='ocrx_word' id='word_1_121' title='bbox 65 1082 123 1139; x_wconf 89' lang='lat' dir='ltr'>sius</span> <span class='ocrx_word' id='word_1_122' title='bbox 138 1081 251 1154; x_wconf 80' lang='lat' dir='ltr'>praedio,</span> <span class='ocrx_word' id='word_1_123' title='bbox 269 1083 399 1156; x_wconf 83' lang='lat' dir='ltr'>martyris</span> <span class='ocrx_word' id='word_1_124' title='bbox 415 1084 538 1142; x_wconf 88' lang='lat' dir='ltr'>lfauritii</span> <span class='ocrx_word' id='word_1_125' title='bbox 554 1084 662 1141; x_wconf 87' lang='lat' dir='ltr'>meritis</span> <span class='ocrx_word' id='word_1_126' title='bbox 675 1084 832 1143; x_wconf 89' lang='lat' dir='ltr'>dedicatum</span> <span class='ocrx_word' id='word_1_127' title='bbox 843 1087 865 1155; x_wconf 80' lang='lat'>¹,</span> <span class='ocrx_word' id='word_1_128' title='bbox 921 1096 1045 1152; x_wconf 91' lang='lat' dir='ltr'>pressum</span> <span class='ocrx_word' id='word_1_129' title='bbox 1070 1077 1201 1135; x_wconf 91' lang='lat' dir='ltr'>marmori</span> <span class='ocrx_word' id='word_1_130' title='bbox 1220 1077 1320 1151; x_wconf 88' lang='lat' dir='ltr'>cuique</span> <span class='ocrx_word' id='word_1_131' title='bbox 1340 1079 1428 1151; x_wconf 89' lang='lat' dir='ltr'>legere</span> <span class='ocrx_word' id='word_1_132' title='bbox 1446 1079 1571 1153; x_wconf 90' lang='lat' dir='ltr'>cupienti</span> <span class='ocrx_word' id='word_1_133' title='bbox 1589 1083 1727 1157; x_wconf 86' lang='lat' dir='ltr'>scriptura</span> 
     </span>
     <span class='ocr_line' id='line_1_11' title="bbox 65 1167 1180 1247; baseline -0.004 -19"><span class='ocrx_word' id='word_1_134' title='bbox 65 1170 139 1244; x_wconf 88' lang='lat' dir='ltr'>quod</span> <span class='ocrx_word' id='word_1_135' title='bbox 153 1171 198 1227; x_wconf 93' lang='lat' dir='ltr'>vir</span> <span class='ocrx_word' id='word_1_136' title='bbox 212 1169 455 1245; x_wconf 87' lang='lat' dir='ltr'>splendidissimus</span> <span class='ocrx_word' id='word_1_137' title='bbox 469 1188 551 1245; x_wconf 93' lang='lat' dir='ltr'>supra</span> <span class='ocrx_word' id='word_1_138' title='bbox 561 1181 712 1229; x_wconf 88' lang='lat' dir='ltr'>memorato</span> <span class='ocrx_word' id='word_1_139' title='bbox 727 1172 866 1247; x_wconf 91' lang='lat' dir='ltr'>quondam</span> <span class='ocrx_word' id='word_1_140' title='bbox 921 1169 1016 1243; x_wconf 88' lang='lat' dir='ltr'>prodit</span> <span class='ocrx_word' id='word_1_141' title='bbox 1029 1167 1180 1240; x_wconf 86' lang='lat' dir='ltr'>antiquior.</span> 
     </span>
    </p>

    <p class='ocr_par' dir='ltr' id='par_1_3' title="bbox 63 1253 1732 2322">
     <span class='ocr_line' id='line_1_12' title="bbox 65 1253 1727 1335; baseline -0.001 -14"><span class='ocrx_word' id='word_1_142' title='bbox 65 1264 186 1322; x_wconf 90' lang='lat' dir='ltr'>Saturno</span> <span class='ocrx_word' id='word_1_143' title='bbox 201 1259 384 1332; x_wconf 78' lang='lat' dir='ltr'>delegaverat,</span> <span class='ocrx_word' id='word_1_144' title='bbox 400 1267 430 1316; x_wconf 93' lang='lat' dir='ltr'>ut</span> <span class='ocrx_word' id='word_1_145' title='bbox 444 1261 495 1319; x_wconf 91' lang='lat' dir='ltr'>snb</span> <span class='ocrx_word' id='word_1_146' title='bbox 505 1260 676 1335; x_wconf 81' lang='lat' dir='ltr'>professione</span> <span class='ocrx_word' id='word_1_147' title='bbox 690 1261 867 1320; x_wconf 89' lang='lat' dir='ltr'>sacerdotalis</span> <span class='ocrx_word' id='word_1_148' title='bbox 957 1258 1000 1315; x_wconf 88' lang='grc'>39.</span> <span class='ocrx_word' id='word_1_149' title='bbox 1016 1255 1127 1314; x_wconf 83' lang='lat' dir='ltr'>Exinde</span> <span class='ocrx_word' id='word_1_150' title='bbox 1137 1253 1402 1328; x_wconf 84' lang='lat' dir='ltr'>majorClotharius,</span> <span class='ocrx_word' id='word_1_151' title='bbox 1412 1257 1617 1328; x_wconf 82' lang='lat' dir='ltr'>praeuominatae</span> <span class='ocrx_word' id='word_1_152' title='bbox 1631 1262 1727 1320; x_wconf 85' lang='lat' dir='ltr'>Crete·</span> 
     </span>
     <span class='ocr_line' id='line_1_13' title="bbox 66 1345 1726 1426; baseline -0.001 -15"><span class='ocrx_word' id='word_1_153' title='bbox 66 1351 141 1412; x_wconf 92' lang='lat' dir='ltr'>tituli</span> <span class='ocrx_word' id='word_1_154' title='bbox 158 1359 312 1423; x_wconf 87' lang='lat' dir='ltr'>martyrum</span> <span class='ocrx_word' id='word_1_155' title='bbox 325 1349 467 1409; x_wconf 89' lang='lat' dir='ltr'>memoriis</span> <span class='ocrx_word' id='word_1_156' title='bbox 483 1350 553 1409; x_wconf 91' lang='lat' dir='ltr'>inibi</span> <span class='ocrx_word' id='word_1_157' title='bbox 567 1351 728 1409; x_wconf 87' lang='lat' dir='ltr'>deserviret.</span> <span class='ocrx_word' id='word_1_158' title='bbox 743 1352 867 1411; x_wconf 81' lang='lat' dir='ltr'>Necdum</span> <span class='ocrx_word' id='word_1_159' title='bbox 921 1347 1024 1406; x_wconf 90' lang='lat' dir='ltr'>childis</span> <span class='ocrx_word' id='word_1_160' title='bbox 1036 1347 1122 1418; x_wconf 89' lang='lat' dir='ltr'>lilius,</span> <span class='ocrx_word' id='word_1_161' title='bbox 1139 1346 1215 1419; x_wconf 90' lang='lat' dir='ltr'>regui</span> <span class='ocrx_word' id='word_1_162' title='bbox 1230 1345 1528 1417; x_wconf 90' lang='lat' dir='ltr'>sublimatusiusolio,</span> <span class='ocrx_word' id='word_1_163' title='bbox 1538 1355 1726 1426; x_wconf 87' lang='lat' dir='ltr'>maternaeque</span> 
     </span>
     <span class='ocr_line' id='line_1_14' title="bbox 66 1435 1727 1514; baseline 0.001 -17"><span class='ocrx_word' id='word_1_164' title='bbox 66 1439 224 1497; x_wconf 90' lang='lat' dir='ltr'>immanitas</span> <span class='ocrx_word' id='word_1_165' title='bbox 233 1438 353 1496; x_wconf 79' lang='lat' dir='ltr'>ethnice</span> <span class='ocrx_word' id='word_1_166' title='bbox 364 1439 570 1512; x_wconf 89' lang='lat' dir='ltr'>superstitionis</span> <span class='ocrx_word' id='word_1_167' title='bbox 578 1440 765 1511; x_wconf 89' lang='lat' dir='ltr'>obsoleverat;</span> <span class='ocrx_word' id='word_1_168' title='bbox 777 1442 868 1501; x_wconf 91' lang='lat' dir='ltr'>adbuc</span> <span class='ocrx_word' id='word_1_169' title='bbox 921 1437 1080 1495; x_wconf 88' lang='lat' dir='ltr'>devotionis</span> <span class='ocrx_word' id='word_1_170' title='bbox 1094 1437 1246 1494; x_wconf 87' lang='lat' dir='ltr'>fidissimus</span> <span class='ocrx_word' id='word_1_171' title='bbox 1260 1443 1406 1495; x_wconf 85' lang='lat' dir='ltr'>exsecutor</span> <span class='ocrx_word' id='word_1_172' title='bbox 1417 1443 1444 1493; x_wconf 88' lang='lat' dir='ltr'>et</span> <span class='ocrx_word' id='word_1_173' title='bbox 1458 1435 1556 1506; x_wconf 78' lang='lat' dir='ltr'>barres,</span> <span class='ocrx_word' id='word_1_174' title='bbox 1576 1446 1637 1512; x_wconf 87' lang='lat' dir='ltr'>post</span> <span class='ocrx_word' id='word_1_175' title='bbox 1652 1440 1727 1514; x_wconf 80' lang='lat' dir='ltr'>geui-</span> 
     </span>
     <span class='ocr_line' id='line_1_15' title="bbox 65 1525 1732 1605; baseline -0.001 -16"><span class='ocrx_word' id='word_1_176' title='bbox 65 1529 262 1589; x_wconf 89' lang='lat' dir='ltr'>Christianitas</span> <span class='ocrx_word' id='word_1_177' title='bbox 272 1529 356 1587; x_wconf 90' lang='lat' dir='ltr'>arctis</span> <span class='ocrx_word' id='word_1_178' title='bbox 369 1529 479 1588; x_wconf 89' lang='lat' dir='ltr'>obsessa</span> <span class='ocrx_word' id='word_1_179' title='bbox 492 1530 598 1588; x_wconf 91' lang='lat' dir='ltr'>finibus</span> <span class='ocrx_word' id='word_1_180' title='bbox 611 1533 771 1605; x_wconf 89' lang='lat' dir='ltr'>angebatur,</span> <span class='ocrx_word' id='word_1_181' title='bbox 786 1532 867 1589; x_wconf 82' lang='lat' dir='ltr'>fanis-</span> <span class='ocrx_word' id='word_1_182' title='bbox 922 1529 1000 1586; x_wconf 91' lang='lat' dir='ltr'>tricis</span> <span class='ocrx_word' id='word_1_183' title='bbox 1012 1544 1155 1586; x_wconf 88' lang='lat' dir='ltr'>excessum</span> <span class='ocrx_word' id='word_1_184' title='bbox 1168 1543 1250 1601; x_wconf 90' lang='lat' dir='ltr'>snper</span> <span class='ocrx_word' id='word_1_185' title='bbox 1261 1525 1428 1583; x_wconf 89' lang='lat' dir='ltr'>adorandam</span> <span class='ocrx_word' id='word_1_186' title='bbox 1436 1525 1588 1586; x_wconf 82' lang='lat' dir='ltr'>beatissimi</span> <span class='ocrx_word' id='word_1_187' title='bbox 1598 1529 1732 1588; x_wconf 82' lang='lat' dir='ltr'>Germani</span> 
     </span>
     <span class='ocr_line' id='line_1_16' title="bbox 68 1616 1729 1696; baseline 0.001 -18"><span class='ocrx_word' id='word_1_188' title='bbox 68 1637 121 1695; x_wconf 90' lang='lat' dir='ltr'>que</span> <span class='ocrx_word' id='word_1_189' title='bbox 134 1636 182 1694; x_wconf 89' lang='lat' dir='ltr'>per</span> <span class='ocrx_word' id='word_1_190' title='bbox 197 1618 291 1676; x_wconf 92' lang='lat' dir='ltr'>orbem</span> <span class='ocrx_word' id='word_1_191' title='bbox 306 1634 501 1696; x_wconf 85' lang='lat' dir='ltr'>usquequaque</span> <span class='ocrx_word' id='word_1_192' title='bbox 516 1619 685 1694; x_wconf 89' lang='lat' dir='ltr'>vigentibus,</span> <span class='ocrx_word' id='word_1_193' title='bbox 702 1621 806 1680; x_wconf 85' lang='lat' dir='ltr'>Christi</span> <span class='ocrx_word' id='word_1_194' title='bbox 821 1639 866 1682; x_wconf 89' lang='lat' dir='ltr'>ec·</span> <span class='ocrx_word' id='word_1_195' title='bbox 923 1618 1084 1676; x_wconf 88' lang='lat' dir='ltr'>memoriam</span> <span class='ocrx_word' id='word_1_196' title='bbox 1101 1636 1148 1691; x_wconf 90' lang='lat' dir='ltr'>per</span> <span class='ocrx_word' id='word_1_197' title='bbox 1158 1634 1257 1674; x_wconf 89' lang='lat' dir='ltr'>manus</span> <span class='ocrx_word' id='word_1_198' title='bbox 1267 1618 1355 1676; x_wconf 88' lang='lat' dir='ltr'>sancti</span> <span class='ocrx_word' id='word_1_199' title='bbox 1366 1616 1513 1685; x_wconf 88' lang='lat' dir='ltr'>Desiderii,</span> <span class='ocrx_word' id='word_1_200' title='bbox 1525 1617 1649 1691; x_wconf 82' lang='lat' dir='ltr'>ejusdem</span> <span class='ocrx_word' id='word_1_201' title='bbox 1659 1628 1729 1681; x_wconf 85' lang='lat' dir='ltr'>tunc</span> 
     </span>
     <span class='ocr_line' id='line_1_17' title="bbox 65 1707 1728 1788; baseline 0.001 -19"><span class='ocrx_word' id='word_1_202' title='bbox 65 1711 159 1769; x_wconf 91' lang='lat' dir='ltr'>clesiis</span> <span class='ocrx_word' id='word_1_203' title='bbox 173 1708 335 1768; x_wconf 84' lang='lat' dir='ltr'>extruendis</span> <span class='ocrx_word' id='word_1_204' title='bbox 350 1710 477 1768; x_wconf 89' lang='lat' dir='ltr'>modicus</span> <span class='ocrx_word' id='word_1_205' title='bbox 487 1710 619 1782; x_wconf 90' lang='lat' dir='ltr'>ambitus,</span> <span class='ocrx_word' id='word_1_206' title='bbox 630 1713 746 1785; x_wconf 89' lang='lat' dir='ltr'>exiguus</span> <span class='ocrx_word' id='word_1_207' title='bbox 763 1712 868 1786; x_wconf 87' lang='lat' dir='ltr'>impen-</span> <span class='ocrx_word' id='word_1_208' title='bbox 923 1709 1001 1768; x_wconf 90' lang='lat' dir='ltr'>urbis</span> <span class='ocrx_word' id='word_1_209' title='bbox 1011 1709 1134 1784; x_wconf 90' lang='lat' dir='ltr'>episcopi</span> <span class='ocrx_word' id='word_1_210' title='bbox 1151 1721 1173 1778; x_wconf 80' lang='lat'>⁸,</span> <span class='ocrx_word' id='word_1_211' title='bbox 1190 1707 1328 1782; x_wconf 88' lang='lat' dir='ltr'>regalibus</span> <span class='ocrx_word' id='word_1_212' title='bbox 1337 1708 1465 1781; x_wconf 85' lang='lat' dir='ltr'>expensis</span> <span class='ocrx_word' id='word_1_213' title='bbox 1474 1708 1580 1767; x_wconf 86' lang='lat' dir='ltr'>fredam</span> <span class='ocrx_word' id='word_1_214' title='bbox 1594 1710 1605 1748; x_wconf 77' lang='lat'>¹</span> <span class='ocrx_word' id='word_1_215' title='bbox 1618 1727 1728 1788; x_wconf 80' lang='lat' dir='ltr'>compo·</span> 
     </span>
     <span class='ocr_line' id='line_1_18' title="bbox 65 1797 1727 1875; baseline 0.003 -18"><span class='ocrx_word' id='word_1_216' title='bbox 65 1801 182 1859; x_wconf 91' lang='lat' dir='ltr'>debatur</span> <span class='ocrx_word' id='word_1_217' title='bbox 207 1808 234 1857; x_wconf 91' lang='lat' dir='ltr'>et</span> <span class='ocrx_word' id='word_1_218' title='bbox 252 1802 362 1858; x_wconf 87' lang='lat' dir='ltr'>cultus:</span> <span class='ocrx_word' id='word_1_219' title='bbox 390 1800 512 1858; x_wconf 90' lang='lat' dir='ltr'>nondum</span> <span class='ocrx_word' id='word_1_220' title='bbox 528 1819 557 1859; x_wconf 89' lang='lat' dir='ltr'>se</span> <span class='ocrx_word' id='word_1_221' title='bbox 571 1800 645 1860; x_wconf 92' lang='lat' dir='ltr'>circa</span> <span class='ocrx_word' id='word_1_222' title='bbox 662 1802 728 1859; x_wconf 91' lang='lat' dir='ltr'>talia</span> <span class='ocrx_word' id='word_1_223' title='bbox 742 1801 866 1859; x_wconf 86' lang='lat' dir='ltr'>fidelium</span> <span class='ocrx_word' id='word_1_224' title='bbox 924 1801 994 1870; x_wconf 88' lang='lat' dir='ltr'>suit;</span> <span class='ocrx_word' id='word_1_225' title='bbox 1011 1817 1137 1875; x_wconf 82' lang='lat' dir='ltr'>quaero</span> <span class='ocrx_word' id='word_1_226' title='bbox 1155 1806 1322 1872; x_wconf 78' lang='lat' dir='ltr'>argentoque</span> <span class='ocrx_word' id='word_1_227' title='bbox 1336 1797 1539 1871; x_wconf 87' lang='lat' dir='ltr'>elegantissime</span> <span class='ocrx_word' id='word_1_228' title='bbox 1547 1799 1686 1874; x_wconf 90' lang='lat' dir='ltr'>decorata,</span> <span class='ocrx_word' id='word_1_229' title='bbox 1697 1802 1727 1862; x_wconf 93' lang='lat' dir='ltr'>in</span> 
     </span>
     <span class='ocr_line' id='line_1_19' title="bbox 65 1888 1728 1965; baseline 0.002 -18"><span class='ocrx_word' id='word_1_230' title='bbox 65 1891 148 1948; x_wconf 88' lang='lat' dir='ltr'>ardor</span> <span class='ocrx_word' id='word_1_231' title='bbox 159 1890 310 1958; x_wconf 87' lang='lat' dir='ltr'>effuderat;</span> <span class='ocrx_word' id='word_1_232' title='bbox 328 1907 446 1965; x_wconf 91' lang='lat' dir='ltr'>quorum</span> <span class='ocrx_word' id='word_1_233' title='bbox 462 1891 491 1947; x_wconf 91' lang='lat' dir='ltr'>in</span> <span class='ocrx_word' id='word_1_234' title='bbox 505 1891 664 1964; x_wconf 90' lang='lat' dir='ltr'>regionibus</span> <span class='ocrx_word' id='word_1_235' title='bbox 678 1900 742 1948; x_wconf 90' lang='lat' dir='ltr'>aute</span> <span class='ocrx_word' id='word_1_236' title='bbox 757 1892 867 1948; x_wconf 88' lang='lat' dir='ltr'>Germa·</span> <span class='ocrx_word' id='word_1_237' title='bbox 924 1897 1045 1947; x_wconf 90' lang='lat' dir='ltr'>nostram</span> <span class='ocrx_word' id='word_1_238' title='bbox 1070 1905 1179 1964; x_wconf 90' lang='lat' dir='ltr'>quoque</span> <span class='ocrx_word' id='word_1_239' title='bbox 1191 1888 1310 1945; x_wconf 85' lang='lat' dir='ltr'>duravit</span> <span class='ocrx_word' id='word_1_240' title='bbox 1333 1895 1452 1958; x_wconf 79' lang='lat' dir='ltr'>atatem,</span> <span class='ocrx_word' id='word_1_241' title='bbox 1476 1888 1617 1948; x_wconf 80' lang='lat' dir='ltr'>auctorem</span> <span class='ocrx_word' id='word_1_242' title='bbox 1637 1891 1728 1952; x_wconf 88' lang='lat' dir='ltr'>ruini-</span> 
     </span>
     <span class='ocr_line' id='line_1_20' title="bbox 66 1978 1726 2061; baseline 0.002 -23"><span class='ocrx_word' id='word_1_243' title='bbox 66 1998 133 2038; x_wconf 91' lang='lat' dir='ltr'>unm</span> <span class='ocrx_word' id='word_1_244' title='bbox 150 1981 355 2040; x_wconf 87' lang='lat' dir='ltr'>sanctissimum</span> <span class='ocrx_word' id='word_1_245' title='bbox 370 1982 467 2054; x_wconf 91' lang='lat' dir='ltr'>ingens</span> <span class='ocrx_word' id='word_1_246' title='bbox 479 1997 589 2055; x_wconf 92' lang='lat' dir='ltr'>quoque</span> <span class='ocrx_word' id='word_1_247' title='bbox 604 1982 702 2037; x_wconf 89' lang='lat' dir='ltr'>raritas</span> <span class='ocrx_word' id='word_1_248' title='bbox 719 1981 864 2038; x_wconf 83' lang='lat' dir='ltr'>existebat.</span> <span class='ocrx_word' id='word_1_249' title='bbox 923 1978 1166 2052; x_wconf 84' lang='lat' dir='ltr'>atrumqueoperis</span> <span class='ocrx_word' id='word_1_250' title='bbox 1177 1978 1726 2061; x_wconf 87' lang='lat' dir='ltr'>insculptarumsibidesignanssuffragio</span> 
     </span>
     <span class='ocr_line' id='line_1_21' title="bbox 65 2063 1729 2143; baseline -0.002 -14"><span class='ocrx_word' id='word_1_251' title='bbox 65 2070 134 2129; x_wconf 89' lang='lat' dir='ltr'>Cum</span> <span class='ocrx_word' id='word_1_252' title='bbox 143 2071 217 2128; x_wconf 90' lang='lat' dir='ltr'>enim</span> <span class='ocrx_word' id='word_1_253' title='bbox 229 2071 287 2143; x_wconf 91' lang='lat' dir='ltr'>ipse</span> <span class='ocrx_word' id='word_1_254' title='bbox 297 2072 327 2127; x_wconf 93' lang='lat' dir='ltr'>in</span> <span class='ocrx_word' id='word_1_255' title='bbox 337 2071 464 2129; x_wconf 90' lang='lat' dir='ltr'>urbesua</span> <span class='ocrx_word' id='word_1_256' title='bbox 473 2071 607 2143; x_wconf 90' lang='lat' dir='ltr'>septimus</span> <span class='ocrx_word' id='word_1_257' title='bbox 616 2070 713 2128; x_wconf 87' lang='lat' dir='ltr'>ordine</span> <span class='ocrx_word' id='word_1_258' title='bbox 723 2069 866 2128; x_wconf 88' lang='lat' dir='ltr'>ecclesiam</span> <span class='ocrx_word' id='word_1_259' title='bbox 924 2063 1092 2122; x_wconf 90' lang='lat' dir='ltr'>litterarum.</span> <span class='ocrx_word' id='word_1_260' title='bbox 1101 2063 1175 2133; x_wconf 89' lang='lat' dir='ltr'>Quin</span> <span class='ocrx_word' id='word_1_261' title='bbox 1187 2064 1270 2120; x_wconf 89' lang='lat' dir='ltr'>etiam</span> <span class='ocrx_word' id='word_1_262' title='bbox 1279 2063 1467 2120; x_wconf 91' lang='lat' dir='ltr'>memorabilis</span> <span class='ocrx_word' id='word_1_263' title='bbox 1481 2064 1604 2138; x_wconf 87' lang='lat' dir='ltr'>ejusdem</span> <span class='ocrx_word' id='word_1_264' title='bbox 1618 2067 1729 2126; x_wconf 92' lang='lat' dir='ltr'>Clotba·</span> 
     </span>
     <span class='ocr_line' id='line_1_22' title="bbox 64 2153 1729 2235; baseline -0.002 -15"><span class='ocrx_word' id='word_1_265' title='bbox 64 2163 180 2230; x_wconf 87' lang='lat' dir='ltr'>rexerit,</span> <span class='ocrx_word' id='word_1_266' title='bbox 205 2163 291 2220; x_wconf 90' lang='lat' dir='ltr'>claret</span> <span class='ocrx_word' id='word_1_267' title='bbox 314 2161 448 2235; x_wconf 91' lang='lat' dir='ltr'>profecto,</span> <span class='ocrx_word' id='word_1_268' title='bbox 468 2160 543 2235; x_wconf 89' lang='lat' dir='ltr'>quod</span> <span class='ocrx_word' id='word_1_269' title='bbox 565 2160 607 2230; x_wconf 89' lang='lat' dir='ltr'>bi,</span> <span class='ocrx_word' id='word_1_270' title='bbox 631 2161 679 2234; x_wconf 91' lang='lat' dir='ltr'>qui</span> <span class='ocrx_word' id='word_1_271' title='bbox 695 2169 759 2219; x_wconf 91' lang='lat' dir='ltr'>ante</span> <span class='ocrx_word' id='word_1_272' title='bbox 775 2162 867 2235; x_wconf 86' lang='lat' dir='ltr'>ipsura</span> <span class='ocrx_word' id='word_1_273' title='bbox 924 2154 959 2215; x_wconf 94' lang='lat' dir='ltr'>rii</span> <span class='ocrx_word' id='word_1_274' title='bbox 971 2155 1087 2228; x_wconf 88' lang='lat' dir='ltr'>conjux,</span> <span class='ocrx_word' id='word_1_275' title='bbox 1100 2154 1235 2228; x_wconf 84' lang='lat' dir='ltr'>fugandis</span> <span class='ocrx_word' id='word_1_276' title='bbox 1249 2153 1371 2223; x_wconf 90' lang='lat' dir='ltr'>nomine,</span> <span class='ocrx_word' id='word_1_277' title='bbox 1386 2170 1449 2212; x_wconf 93' lang='lat' dir='ltr'>cum</span> <span class='ocrx_word' id='word_1_278' title='bbox 1461 2156 1594 2228; x_wconf 90' lang='lat' dir='ltr'>religione</span> <span class='ocrx_word' id='word_1_279' title='bbox 1605 2157 1729 2217; x_wconf 88' lang='lat' dir='ltr'>famosis·</span> 
     </span>
     <span class='ocr_line' id='line_1_23' title="bbox 63 2242 1724 2322; baseline -0.004 -12"><span class='ocrx_word' id='word_1_280' title='bbox 63 2251 197 2310; x_wconf 91' lang='lat' dir='ltr'>exstitere</span> <span class='ocrx_word' id='word_1_281' title='bbox 205 2248 361 2322; x_wconf 88' lang='lat' dir='ltr'>pontifices,</span> <span class='ocrx_word' id='word_1_282' title='bbox 373 2250 532 2308; x_wconf 87' lang='lat' dir='ltr'>obluctante</span> <span class='ocrx_word' id='word_1_283' title='bbox 545 2249 598 2306; x_wconf 89' lang='lat' dir='ltr'>sibi</span> <span class='ocrx_word' id='word_1_284' title='bbox 607 2249 781 2307; x_wconf 74' lang='lat' dir='ltr'>sevientium</span> <span class='ocrx_word' id='word_1_285' title='bbox 792 2250 867 2308; x_wconf 90' lang='lat' dir='ltr'>rabie</span> <span class='ocrx_word' id='word_1_286' title='bbox 924 2247 1004 2315; x_wconf 90' lang='lat' dir='ltr'>sima,</span> <span class='ocrx_word' id='word_1_287' title='bbox 1020 2253 1079 2302; x_wconf 91' lang='lat' dir='ltr'>tum</span> <span class='ocrx_word' id='word_1_288' title='bbox 1096 2244 1179 2300; x_wconf 91' lang='lat' dir='ltr'>eliam</span> <span class='ocrx_word' id='word_1_289' title='bbox 1195 2242 1331 2315; x_wconf 91' lang='lat' dir='ltr'>largitatis</span> <span class='ocrx_word' id='word_1_290' title='bbox 1344 2251 1372 2299; x_wconf 88' lang='lat' dir='ltr'>et</span> <span class='ocrx_word' id='word_1_291' title='bbox 1386 2243 1538 2316; x_wconf 76' lang='lat' dir='ltr'>diligentie</span> <span class='ocrx_word' id='word_1_292' title='bbox 1553 2262 1617 2319; x_wconf 91' lang='lat' dir='ltr'>erga</span> <span class='ocrx_word' id='word_1_293' title='bbox 1638 2249 1724 2308; x_wconf 90' lang='lat' dir='ltr'>cccle-</span> 
     </span>
    </p>
   </div>
   <div class='ocr_carea' id='block_1_3' title="bbox 65 2331 1828 2417">
    <p class='ocr_par' dir='ltr' id='par_1_4' title="bbox 65 2331 1828 2417">
     <span class='ocr_line' id='line_1_24' title="bbox 65 2331 1828 2417; baseline -0.001 -20"><span class='ocrx_word' id='word_1_294' title='bbox 65 2356 245 2417; x_wconf 88' lang='lat' dir='ltr'>paganorum,</span> <span class='ocrx_word' id='word_1_295' title='bbox 271 2339 365 2396; x_wconf 91' lang='lat' dir='ltr'>minus</span> <span class='ocrx_word' id='word_1_296' title='bbox 388 2338 485 2406; x_wconf 88' lang='lat' dir='ltr'>libere,</span> <span class='ocrx_word' id='word_1_297' title='bbox 509 2340 602 2396; x_wconf 87' lang='lat' dir='ltr'>minus</span> <span class='ocrx_word' id='word_1_298' title='bbox 629 2340 709 2413; x_wconf 85' lang='lat' dir='ltr'>plene</span> <span class='ocrx_word' id='word_1_299' title='bbox 723 2339 868 2413; x_wconf 90' lang='lat' dir='ltr'>religionis</span> <span class='ocrx_word' id='word_1_300' title='bbox 923 2337 977 2393; x_wconf 90' lang='lat' dir='ltr'>sias</span> <span class='ocrx_word' id='word_1_301' title='bbox 996 2335 1154 2410; x_wconf 89' lang='lat' dir='ltr'>singularis,</span> <span class='ocrx_word' id='word_1_302' title='bbox 1178 2333 1305 2406; x_wconf 90' lang='lat' dir='ltr'>sepulcro</span> <span class='ocrx_word' id='word_1_303' title='bbox 1329 2331 1403 2389; x_wconf 88' lang='lat' dir='ltr'>beati</span> <span class='ocrx_word' id='word_1_304' title='bbox 1427 2334 1558 2391; x_wconf 77' lang='lat' dir='ltr'>Germani</span> <span class='ocrx_word' id='word_1_305' title='bbox 1581 2351 1630 2409; x_wconf 87' lang='lat' dir='ltr'>per</span> <span class='ocrx_word' id='word_1_306' title='bbox 1652 2335 1725 2395; x_wconf 88' lang='lat' dir='ltr'>idern</span> <span class='ocrx_word' id='word_1_307' title='bbox 1826 2338 1828 2343; x_wconf 85' lang='lat'>&#39;</span> 
     </span>
    </p>
   </div>
   <div class='ocr_carea' id='block_1_4' title="bbox 64 2422 1728 2770">
    <p class='ocr_par' dir='ltr' id='par_1_5' title="bbox 64 2422 1728 2681">
     <span class='ocr_line' id='line_1_25' title="bbox 64 2422 1728 2504; baseline -0.003 -15"><span class='ocrx_word' id='word_1_308' title='bbox 64 2432 216 2489; x_wconf 82' lang='lat' dir='ltr'>fundavere</span> <span class='ocrx_word' id='word_1_309' title='bbox 228 2430 381 2504; x_wconf 91' lang='lat' dir='ltr'>primordia</span> <span class='ocrx_word' id='word_1_310' title='bbox 388 2449 396 2500; x_wconf 91' lang='lat'>;</span> <span class='ocrx_word' id='word_1_311' title='bbox 404 2430 450 2488; x_wconf 89' lang='lat' dir='ltr'>cui</span> <span class='ocrx_word' id='word_1_312' title='bbox 462 2438 552 2488; x_wconf 90' lang='lat' dir='ltr'>tamen</span> <span class='ocrx_word' id='word_1_313' title='bbox 562 2430 618 2502; x_wconf 93' lang='lat' dir='ltr'>bic,</span> <span class='ocrx_word' id='word_1_314' title='bbox 629 2428 866 2502; x_wconf 88' lang='lat' dir='ltr'>cujusuobilltati,</span> <span class='ocrx_word' id='word_1_315' title='bbox 923 2432 1032 2499; x_wconf 89' lang='lat' dir='ltr'>tempus</span> <span class='ocrx_word' id='word_1_316' title='bbox 1047 2424 1166 2499; x_wconf 90' lang='lat' dir='ltr'>plurima</span> <span class='ocrx_word' id='word_1_317' title='bbox 1176 2439 1305 2480; x_wconf 89' lang='lat' dir='ltr'>vasorum</span> <span class='ocrx_word' id='word_1_318' title='bbox 1317 2422 1521 2496; x_wconf 85' lang='lat' dir='ltr'>palliorumque</span> <span class='ocrx_word' id='word_1_319' title='bbox 1532 2424 1634 2484; x_wconf 90' lang='lat' dir='ltr'>obtulit</span> <span class='ocrx_word' id='word_1_320' title='bbox 1648 2443 1728 2484; x_wconf 91' lang='lat' dir='ltr'>orua·</span> 
     </span>
     <span class='ocr_line' id='line_1_26' title="bbox 65 2512 1726 2595; baseline -0.003 -17"><span class='ocrx_word' id='word_1_321' title='bbox 65 2522 165 2579; x_wconf 90' lang='lat' dir='ltr'>virtuti</span> <span class='ocrx_word' id='word_1_322' title='bbox 193 2538 224 2580; x_wconf 94' lang='lat' dir='ltr'>ac</span> <span class='ocrx_word' id='word_1_323' title='bbox 250 2520 391 2594; x_wconf 90' lang='lat' dir='ltr'>sapientiae</span> <span class='ocrx_word' id='word_1_324' title='bbox 421 2520 521 2595; x_wconf 88' lang='lat' dir='ltr'>passim</span> <span class='ocrx_word' id='word_1_325' title='bbox 550 2519 640 2577; x_wconf 92' lang='lat' dir='ltr'>obniti</span> <span class='ocrx_word' id='word_1_326' title='bbox 664 2537 721 2577; x_wconf 92' lang='lat' dir='ltr'>uon</span> <span class='ocrx_word' id='word_1_327' title='bbox 749 2529 865 2594; x_wconf 89' lang='lat' dir='ltr'>poterat,</span> <span class='ocrx_word' id='word_1_328' title='bbox 924 2521 1034 2584; x_wconf 75' lang='lat' dir='ltr'>mena,</span> <span class='ocrx_word' id='word_1_329' title='bbox 1052 2513 1125 2571; x_wconf 90' lang='lat' dir='ltr'>inter</span> <span class='ocrx_word' id='word_1_330' title='bbox 1135 2530 1196 2587; x_wconf 82' lang='lat' dir='ltr'>qnae</span> <span class='ocrx_word' id='word_1_331' title='bbox 1208 2512 1322 2570; x_wconf 89' lang='lat' dir='ltr'>calicem</span> <span class='ocrx_word' id='word_1_332' title='bbox 1332 2512 1471 2585; x_wconf 89' lang='lat' dir='ltr'>egregium</span> <span class='ocrx_word' id='word_1_333' title='bbox 1480 2529 1548 2570; x_wconf 89' lang='lat' dir='ltr'>auro</span> <span class='ocrx_word' id='word_1_334' title='bbox 1557 2514 1726 2587; x_wconf 90' lang='lat' dir='ltr'>splendidis·</span> 
     </span>
     <span class='ocr_line' id='line_1_27' title="bbox 66 2600 1728 2681; baseline -0.002 -14"><span class='ocrx_word' id='word_1_335' title='bbox 66 2609 233 2667; x_wconf 89' lang='lat' dir='ltr'>multimoda</span> <span class='ocrx_word' id='word_1_336' title='bbox 250 2626 301 2666; x_wconf 91' lang='lat' dir='ltr'>suo</span> <span class='ocrx_word' id='word_1_337' title='bbox 312 2617 434 2681; x_wconf 90' lang='lat' dir='ltr'>ternpore</span> <span class='ocrx_word' id='word_1_338' title='bbox 449 2609 570 2666; x_wconf 90' lang='lat' dir='ltr'>contulit</span> <span class='ocrx_word' id='word_1_339' title='bbox 584 2608 764 2666; x_wconf 89' lang='lat' dir='ltr'>incrementa.</span> <span class='ocrx_word' id='word_1_340' title='bbox 923 2603 994 2661; x_wconf 91' lang='lat' dir='ltr'>simo</span> <span class='ocrx_word' id='word_1_341' title='bbox 1010 2603 1179 2677; x_wconf 89' lang='lat' dir='ltr'>gemmisque</span> <span class='ocrx_word' id='word_1_342' title='bbox 1193 2609 1367 2675; x_wconf 88' lang='lat' dir='ltr'>compactum</span> <span class='ocrx_word' id='word_1_343' title='bbox 1384 2600 1515 2672; x_wconf 88' lang='lat' dir='ltr'>vidimus,</span> <span class='ocrx_word' id='word_1_344' title='bbox 1535 2602 1671 2677; x_wconf 76' lang='lat' dir='ltr'>pretiosis</span> <span class='ocrx_word' id='word_1_345' title='bbox 1686 2621 1728 2664; x_wconf 86' lang='lat' dir='ltr'>rc·</span> 
     </span>
    </p>

    <p class='ocr_par' dir='ltr' id='par_1_6' title="bbox 924 2691 1725 2770">
     <span class='ocr_line' id='line_1_28' title="bbox 924 2691 1725 2770; baseline 0.002 -18"><span class='ocrx_word' id='word_1_346' title='bbox 924 2695 994 2768; x_wconf 79' lang='lat' dir='ltr'>gina</span> <span class='ocrx_word' id='word_1_347' title='bbox 1014 2694 1176 2752; x_wconf 90' lang='lat' dir='ltr'>memoriam</span> <span class='ocrx_word' id='word_1_348' title='bbox 1198 2691 1311 2750; x_wconf 90' lang='lat' dir='ltr'>insertis</span> <span class='ocrx_word' id='word_1_349' title='bbox 1326 2692 1427 2752; x_wconf 91' lang='lat' dir='ltr'>litteris</span> <span class='ocrx_word' id='word_1_350' title='bbox 1446 2694 1725 2770; x_wconf 73' lang='lat' dir='ltr'>praeferentemque</span> 
     </span>
    </p>
   </div>
   <div class='ocr_carea' id='block_1_5' title="bbox 25 2755 1727 2932">
    <p class='ocr_par' dir='ltr' id='par_1_7' title="bbox 25 2755 1727 2932">
     <span class='ocr_line' id='line_1_29' title="bbox 25 2755 1727 2858; baseline 0.003 -21"><span class='ocrx_word' id='word_1_351' title='bbox 25 2831 29 2837; x_wconf 89' lang='lat'>.</span> <span class='ocrx_word' id='word_1_352' title='bbox 379 2755 495 2815; x_wconf 69' lang='lat' dir='ltr'>CAPUT</span> <span class='ocrx_word' id='word_1_353' title='bbox 514 2755 562 2815; x_wconf 69' lang='lat' dir='ltr'>W·</span> <span class='ocrx_word' id='word_1_354' title='bbox 924 2799 1027 2840; x_wconf 91' lang='lat' dir='ltr'>munus</span> <span class='ocrx_word' id='word_1_355' title='bbox 1041 2782 1094 2841; x_wconf 91' lang='lat' dir='ltr'>hcc</span> <span class='ocrx_word' id='word_1_356' title='bbox 1104 2799 1153 2857; x_wconf 92' lang='lat' dir='ltr'>per</span> <span class='ocrx_word' id='word_1_357' title='bbox 1167 2782 1727 2858; x_wconf 82' lang='lat' dir='ltr'>rnanussupranominatiDesideriipoa·</span> 
     </span>
     <span class='ocr_line' id='line_1_30' title="bbox 66 2850 1547 2932; baseline 0.001 -3"><span class='ocrx_word' id='word_1_358' title='bbox 66 2854 191 2912; x_wconf 54' lang='grc'>3631616</span> <span class='ocrx_word' id='word_1_359' title='bbox 216 2852 243 2910; x_wconf 75' lang='lat' dir='ltr'>S·</span> <span class='ocrx_word' id='word_1_360' title='bbox 261 2851 387 2910; x_wconf 55' lang='lat' dir='ltr'>Germani</span> <span class='ocrx_word' id='word_1_361' title='bbox 406 2858 430 2907; x_wconf 56' lang='grc' dir='ltr'>θ’</span> <span class='ocrx_word' id='word_1_362' title='bbox 445 2851 560 2924; x_wconf 55' lang='lat' dir='ltr'>‘ilum</span> <span class='ocrx_word' id='word_1_363' title='bbox 576 2850 769 2926; x_wconf 55' lang='lat' dir='ltr'>mainifim&#39;ia</span> <span class='ocrx_word' id='word_1_364' title='bbox 783 2852 866 2924; x_wconf 61' lang='lat'>“95⁰2</span> <span class='ocrx_word' id='word_1_365' title='bbox 924 2874 1009 2932; x_wconf 90' lang='lat' dir='ltr'>tificis</span> <span class='ocrx_word' id='word_1_366' title='bbox 1023 2874 1102 2932; x_wconf 90' lang='lat' dir='ltr'>beato</span> <span class='ocrx_word' id='word_1_367' title='bbox 1115 2873 1253 2930; x_wconf 90' lang='lat' dir='ltr'>Germano</span> <span class='ocrx_word' id='word_1_368' title='bbox 1267 2873 1368 2930; x_wconf 89' lang='lat' dir='ltr'>devota</span> <span class='ocrx_word' id='word_1_369' title='bbox 1382 2874 1547 2932; x_wconf 88' lang='lat' dir='ltr'>contulerat.</span> 
     </span>
    </p>
   </div>
   <div class='ocr_carea' id='block_1_6' title="bbox 65 2923 1728 3672">
    <p class='ocr_par' dir='ltr' id='par_1_8' title="bbox 256 2923 1728 3037">
     <span class='ocr_line' id='line_1_31' title="bbox 256 2923 1728 3037; baseline -0.001 -13"><span class='ocrx_word' id='word_1_370' title='bbox 256 2925 396 2980; x_wconf 56' lang='lat' dir='ltr'>mmm</span> <span class='ocrx_word' id='word_1_371' title='bbox 409 2925 528 2980; x_wconf 57' lang='lat' dir='ltr'>“mm</span> <span class='ocrx_word' id='word_1_372' title='bbox 541 2923 676 2981; x_wconf 53' lang='lat' dir='ltr'><em>‘mmm&#39;</em></span> <span class='ocrx_word' id='word_1_373' title='bbox 960 2961 1004 3022; x_wconf 75' lang='grc'>60.</span> <span class='ocrx_word' id='word_1_374' title='bbox 1021 2963 1124 3022; x_wconf 89' lang='lat' dir='ltr'>Locum</span> <span class='ocrx_word' id='word_1_375' title='bbox 1140 2979 1205 3021; x_wconf 90' lang='lat' dir='ltr'>sane</span> <span class='ocrx_word' id='word_1_376' title='bbox 1219 2963 1312 3033; x_wconf 91' lang='lat' dir='ltr'>illum,</span> <span class='ocrx_word' id='word_1_377' title='bbox 1332 2961 1367 3018; x_wconf 93' lang='lat' dir='ltr'>ob</span> <span class='ocrx_word' id='word_1_378' title='bbox 1382 2960 1453 3020; x_wconf 92' lang='lat' dir='ltr'>sacri</span> <span class='ocrx_word' id='word_1_379' title='bbox 1467 2961 1645 3037; x_wconf 89' lang='lat' dir='ltr'>privilegium</span> <span class='ocrx_word' id='word_1_380' title='bbox 1659 2978 1728 3023; x_wconf 87' lang='lat' dir='ltr'>cor-</span> 
     </span>
    </p>

    <p class='ocr_par' dir='ltr' id='par_1_9' title="bbox 65 3047 1726 3672">
     <span class='ocr_line' id='line_1_32' title="bbox 102 3047 1726 3128; baseline 0 -18"><span class='ocrx_word' id='word_1_381' title='bbox 102 3052 145 3111; x_wconf 83' lang='grc'>38.</span> <span class='ocrx_word' id='word_1_382' title='bbox 162 3052 310 3124; x_wconf 86' lang='lat' dir='ltr'>Progressa</span> <span class='ocrx_word' id='word_1_383' title='bbox 330 3057 489 3122; x_wconf 88' lang='lat' dir='ltr'>temporum</span> <span class='ocrx_word' id='word_1_384' title='bbox 514 3065 597 3106; x_wconf 79' lang='lat' dir='ltr'>sacrae</span> <span class='ocrx_word' id='word_1_385' title='bbox 611 3047 677 3105; x_wconf 88' lang='lat' dir='ltr'>fidei</span> <span class='ocrx_word' id='word_1_386' title='bbox 688 3047 868 3123; x_wconf 81' lang='lat' dir='ltr'>circumque·</span> <span class='ocrx_word' id='word_1_387' title='bbox 923 3052 1008 3128; x_wconf 90' lang='lat' dir='ltr'>poris,</span> <span class='ocrx_word' id='word_1_388' title='bbox 1026 3053 1223 3111; x_wconf 90' lang='lat' dir='ltr'>miraculorum</span> <span class='ocrx_word' id='word_1_389' title='bbox 1235 3050 1323 3124; x_wconf 92' lang='lat' dir='ltr'>gloria</span> <span class='ocrx_word' id='word_1_390' title='bbox 1331 3066 1439 3122; x_wconf 91' lang='lat' dir='ltr'>semper</span> <span class='ocrx_word' id='word_1_391' title='bbox 1449 3051 1588 3108; x_wconf 86' lang='lat' dir='ltr'>exstitisse</span> <span class='ocrx_word' id='word_1_392' title='bbox 1600 3051 1726 3125; x_wconf 89' lang='lat' dir='ltr'>frequen·</span> 
     </span>
     <span class='ocr_line' id='line_1_33' title="bbox 66 3119 1725 3221; baseline -0.002 -19"><span class='ocrx_word' id='word_1_393' title='bbox 66 3161 118 3221; x_wconf 88' lang='lat' dir='ltr'>que</span> <span class='ocrx_word' id='word_1_394' title='bbox 131 3143 245 3218; x_wconf 91' lang='lat' dir='ltr'>prolatis</span> <span class='ocrx_word' id='word_1_395' title='bbox 255 3139 421 3214; x_wconf 89' lang='lat' dir='ltr'>insignibus,</span> <span class='ocrx_word' id='word_1_396' title='bbox 437 3156 500 3197; x_wconf 93' lang='lat' dir='ltr'>cum</span> <span class='ocrx_word' id='word_1_397' title='bbox 516 3147 543 3196; x_wconf 90' lang='lat' dir='ltr'>et</span> <span class='ocrx_word' id='word_1_398' title='bbox 554 3138 607 3213; x_wconf 90' lang='lat' dir='ltr'>ipsi</span> <span class='ocrx_word' id='word_1_399' title='bbox 622 3156 731 3213; x_wconf 90' lang='lat' dir='ltr'>quoque</span> <span class='ocrx_word' id='word_1_400' title='bbox 743 3134 868 3196; x_wconf 84' lang='lat' dir='ltr'>Franco·</span> <span class='ocrx_word' id='word_1_401' title='bbox 886 3119 908 3180; x_wconf 60' lang='grc' dir='ltr'>(ἶ</span> <span class='ocrx_word' id='word_1_402' title='bbox 923 3141 1075 3210; x_wconf 88' lang='lat' dir='ltr'>tissimum,</span> <span class='ocrx_word' id='word_1_403' title='bbox 1096 3156 1178 3196; x_wconf 92' lang='lat' dir='ltr'>nemo</span> <span class='ocrx_word' id='word_1_404' title='bbox 1201 3138 1315 3211; x_wconf 88' lang='lat' dir='ltr'>impune</span> <span class='ocrx_word' id='word_1_405' title='bbox 1337 3136 1517 3196; x_wconf 89' lang='lat' dir='ltr'>dubitaverit.</span> <span class='ocrx_word' id='word_1_406' title='bbox 1538 3140 1579 3196; x_wconf 84' lang='lat' dir='ltr'>Ea</span> <span class='ocrx_word' id='word_1_407' title='bbox 1594 3141 1725 3213; x_wconf 87' lang='lat' dir='ltr'>quoniam</span> 
     </span>
     <span class='ocr_line' id='line_1_34' title="bbox 65 3227 1724 3308; baseline -0.001 -16"><span class='ocrx_word' id='word_1_408' title='bbox 65 3253 127 3293; x_wconf 83' lang='lat' dir='ltr'>runs</span> <span class='ocrx_word' id='word_1_409' title='bbox 142 3252 266 3308; x_wconf 85' lang='lat' dir='ltr'>proceres</span> <span class='ocrx_word' id='word_1_410' title='bbox 276 3234 375 3292; x_wconf 91' lang='lat' dir='ltr'>edictis</span> <span class='ocrx_word' id='word_1_411' title='bbox 388 3233 462 3292; x_wconf 90' lang='lat' dir='ltr'>colla</span> <span class='ocrx_word' id='word_1_412' title='bbox 476 3232 635 3290; x_wconf 74' lang='lat' dir='ltr'>caelestibus</span> <span class='ocrx_word' id='word_1_413' title='bbox 650 3231 867 3297; x_wconf 88' lang='lat' dir='ltr'>summisissent,</span> <span class='ocrx_word' id='word_1_414' title='bbox 922 3247 973 3289; x_wconf 90' lang='lat' dir='ltr'>uec</span> <span class='ocrx_word' id='word_1_415' title='bbox 987 3246 1103 3288; x_wconf 93' lang='lat' dir='ltr'>numero</span> <span class='ocrx_word' id='word_1_416' title='bbox 1117 3227 1212 3302; x_wconf 91' lang='lat' dir='ltr'>colligi</span> <span class='ocrx_word' id='word_1_417' title='bbox 1222 3237 1246 3299; x_wconf 74' lang='lat' dir='ltr'>t,</span> <span class='ocrx_word' id='word_1_418' title='bbox 1258 3243 1309 3286; x_wconf 92' lang='lat' dir='ltr'>uec</span> <span class='ocrx_word' id='word_1_419' title='bbox 1323 3229 1549 3302; x_wconf 65' lang='lat' dir='ltr'>personarum</span> <span class='ocrx_word' id='word_1_420' title='bbox 1563 3231 1664 3304; x_wconf 90' lang='lat' dir='ltr'>quibus</span> <span class='ocrx_word' id='word_1_421' title='bbox 1678 3250 1724 3308; x_wconf 83' lang='lat' dir='ltr'>ps·</span> 
     </span>
     <span class='ocr_line' id='line_1_35' title="bbox 66 3318 1725 3395; baseline -0.001 -12"><span class='ocrx_word' id='word_1_422' title='bbox 66 3326 230 3384; x_wconf 86' lang='lat' dir='ltr'>venerabilis</span> <span class='ocrx_word' id='word_1_423' title='bbox 261 3335 288 3383; x_wconf 92' lang='lat' dir='ltr'>et</span> <span class='ocrx_word' id='word_1_424' title='bbox 316 3321 504 3382; x_wconf 92' lang='lat' dir='ltr'>monumentis</span> <span class='ocrx_word' id='word_1_425' title='bbox 531 3322 670 3393; x_wconf 91' lang='lat' dir='ltr'>condigna</span> <span class='ocrx_word' id='word_1_426' title='bbox 697 3321 867 3395; x_wconf 89' lang='lat' dir='ltr'>perennibus</span> <span class='ocrx_word' id='word_1_427' title='bbox 923 3329 994 3378; x_wconf 85' lang='lat' dir='ltr'>trata</span> <span class='ocrx_word' id='word_1_428' title='bbox 1012 3328 1089 3391; x_wconf 92' lang='lat' dir='ltr'>sunt,</span> <span class='ocrx_word' id='word_1_429' title='bbox 1104 3318 1218 3377; x_wconf 89' lang='lat' dir='ltr'>nomina</span> <span class='ocrx_word' id='word_1_430' title='bbox 1236 3327 1364 3394; x_wconf 89' lang='lat' dir='ltr'>poterant</span> <span class='ocrx_word' id='word_1_431' title='bbox 1376 3318 1489 3378; x_wconf 89' lang='lat' dir='ltr'>retineri</span> <span class='ocrx_word' id='word_1_432' title='bbox 1506 3320 1550 3394; x_wconf 87' lang='lat' dir='ltr'>(ut</span> <span class='ocrx_word' id='word_1_433' title='bbox 1564 3322 1655 3380; x_wconf 88' lang='lat' dir='ltr'>solent</span> <span class='ocrx_word' id='word_1_434' title='bbox 1668 3323 1725 3382; x_wconf 88' lang='lat' dir='ltr'>cito</span> 
     </span>
     <span class='ocr_line' id='line_1_36' title="bbox 66 3410 1725 3491; baseline -0.002 -14"><span class='ocrx_word' id='word_1_435' title='bbox 66 3412 271 3478; x_wconf 73' lang='lat' dir='ltr'>Crorec&#39;hitulsv</span> <span class='ocrx_word' id='word_1_436' title='bbox 282 3417 385 3491; x_wconf 90' lang='lat' dir='ltr'>regina,</span> <span class='ocrx_word' id='word_1_437' title='bbox 396 3413 489 3484; x_wconf 85' lang='lat' dir='ltr'>nragni</span> <span class='ocrx_word' id='word_1_438' title='bbox 500 3410 774 3485; x_wconf 84' lang='lat' dir='ltr'>principisClodovei</span> <span class='ocrx_word' id='word_1_439' title='bbox 785 3428 866 3481; x_wconf 88' lang='lat' dir='ltr'>uxor,</span> <span class='ocrx_word' id='word_1_440' title='bbox 923 3412 987 3469; x_wconf 91' lang='lat' dir='ltr'>data</span> <span class='ocrx_word' id='word_1_441' title='bbox 999 3419 1031 3470; x_wconf 81' lang='lat' dir='ltr'>ac</span> <span class='ocrx_word' id='word_1_442' title='bbox 1045 3411 1219 3486; x_wconf 91' lang='lat' dir='ltr'>suppetentia</span> <span class='ocrx_word' id='word_1_443' title='bbox 1234 3428 1350 3486; x_wconf 79' lang='lat' dir='ltr'>quasque</span> <span class='ocrx_word' id='word_1_444' title='bbox 1364 3412 1508 3486; x_wconf 85' lang='lat' dir='ltr'>vilescere)</span> <span class='ocrx_word' id='word_1_445' title='bbox 1524 3413 1639 3474; x_wconf 84' lang='lat' dir='ltr'>incuriae</span> <span class='ocrx_word' id='word_1_446' title='bbox 1653 3415 1725 3490; x_wconf 89' lang='lat' dir='ltr'>pari·</span> 
     </span>
     <span class='ocr_line' id='line_1_37' title="bbox 66 3498 1723 3580; baseline 0.001 -15"><span class='ocrx_word' id='word_1_447' title='bbox 66 3507 166 3580; x_wconf 90' lang='lat' dir='ltr'>spiritu</span> <span class='ocrx_word' id='word_1_448' title='bbox 180 3505 366 3570; x_wconf 87' lang='lat' dir='ltr'>tactadivlno,</span> <span class='ocrx_word' id='word_1_449' title='bbox 377 3517 458 3572; x_wconf 88' lang='lat' dir='ltr'>supra</span> <span class='ocrx_word' id='word_1_450' title='bbox 471 3498 559 3555; x_wconf 90' lang='lat' dir='ltr'>sancti</span> <span class='ocrx_word' id='word_1_451' title='bbox 574 3499 713 3555; x_wconf 88' lang='lat' dir='ltr'>tumulum</span> <span class='ocrx_word' id='word_1_452' title='bbox 729 3499 868 3572; x_wconf 86' lang='lat' dir='ltr'>pontificis</span> <span class='ocrx_word' id='word_1_453' title='bbox 923 3511 965 3561; x_wconf 92' lang='lat' dir='ltr'>ter</span> <span class='ocrx_word' id='word_1_454' title='bbox 978 3512 1006 3562; x_wconf 93' lang='lat' dir='ltr'>et</span> <span class='ocrx_word' id='word_1_455' title='bbox 1019 3502 1170 3561; x_wconf 89' lang='lat' dir='ltr'>oblivionis</span> <span class='ocrx_word' id='word_1_456' title='bbox 1195 3503 1369 3579; x_wconf 90' lang='lat' dir='ltr'>squaloribus</span> <span class='ocrx_word' id='word_1_457' title='bbox 1392 3502 1512 3563; x_wconf 88' lang='lat' dir='ltr'>obducta</span> <span class='ocrx_word' id='word_1_458' title='bbox 1534 3513 1700 3580; x_wconf 90' lang='lat' dir='ltr'>torpuerunt</span> <span class='ocrx_word' id='word_1_459' title='bbox 1716 3525 1723 3566; x_wconf 76' lang='grc' dir='ltr'><strong>ε</strong></span> 
     </span>
     <span class='ocr_line' id='line_1_38' title="bbox 66 3589 1725 3672; baseline 0.001 -18"><span class='ocrx_word' id='word_1_460' title='bbox 66 3595 516 3672; x_wconf 80' lang='lat' dir='ltr'>ingentisfabricaeatqueoperosa</span> <span class='ocrx_word' id='word_1_461' title='bbox 525 3589 718 3661; x_wconf 87' lang='lat' dir='ltr'>amplitudinis</span> <span class='ocrx_word' id='word_1_462' title='bbox 728 3592 867 3649; x_wconf 84' lang='lat' dir='ltr'>exstruxit</span> <span class='ocrx_word' id='word_1_463' title='bbox 923 3609 984 3667; x_wconf 83' lang='lat' dir='ltr'>quae</span> <span class='ocrx_word' id='word_1_464' title='bbox 1000 3601 1091 3650; x_wconf 90' lang='lat' dir='ltr'>tamen</span> <span class='ocrx_word' id='word_1_465' title='bbox 1106 3592 1247 3651; x_wconf 84' lang='lat' dir='ltr'>exstitisse</span> <span class='ocrx_word' id='word_1_466' title='bbox 1262 3593 1439 3667; x_wconf 89' lang='lat' dir='ltr'>perplurima,</span> <span class='ocrx_word' id='word_1_467' title='bbox 1452 3609 1487 3651; x_wconf 85' lang='lat' dir='ltr'>ex</span> <span class='ocrx_word' id='word_1_468' title='bbox 1497 3611 1529 3652; x_wconf 91' lang='lat' dir='ltr'>eo</span> <span class='ocrx_word' id='word_1_469' title='bbox 1539 3597 1635 3653; x_wconf 90' lang='lat' dir='ltr'>saltem</span> <span class='ocrx_word' id='word_1_470' title='bbox 1646 3597 1725 3656; x_wconf 89' lang='lat' dir='ltr'>colli·</span> 
     </span>
    </p>
   </div>
   <div class='ocr_carea' id='block_1_7' title="bbox 64 3677 1725 5674">
    <p class='ocr_par' dir='ltr' id='par_1_10' title="bbox 65 3677 1725 4467">
     <span class='ocr_line' id='line_1_39' title="bbox 103 3677 1725 3756; baseline 0.002 -16"><span class='ocrx_word' id='word_1_471' title='bbox 103 3687 160 3748; x_wconf 74' lang='lat' dir='ltr'>,ln</span> <span class='ocrx_word' id='word_1_472' title='bbox 177 3683 246 3739; x_wconf 91' lang='lat' dir='ltr'>llist.</span> <span class='ocrx_word' id='word_1_473' title='bbox 263 3698 324 3753; x_wconf 89' lang='lat' dir='ltr'>epp.</span> <span class='ocrx_word' id='word_1_474' title='bbox 341 3677 556 3750; x_wconf 83' lang='lat' dir='ltr'>Autissiodcap.</span> <span class='ocrx_word' id='word_1_475' title='bbox 568 3680 593 3748; x_wconf 93' lang='lat'>7,</span> <span class='ocrx_word' id='word_1_476' title='bbox 613 3677 646 3735; x_wconf 92' lang='lat' dir='ltr'>de</span> <span class='ocrx_word' id='word_1_477' title='bbox 662 3679 763 3736; x_wconf 87' lang='lat' dir='ltr'>Sancto</span> <span class='ocrx_word' id='word_1_478' title='bbox 774 3687 868 3738; x_wconf 91' lang='lat' dir='ltr'>nostro</span> <span class='ocrx_word' id='word_1_479' title='bbox 923 3682 994 3739; x_wconf 92' lang='lat' dir='ltr'>obiit</span> <span class='ocrx_word' id='word_1_480' title='bbox 1019 3699 1086 3740; x_wconf 90' lang='lat' dir='ltr'>vcro</span> <span class='ocrx_word' id='word_1_481' title='bbox 1105 3682 1264 3741; x_wconf 90' lang='lat' dir='ltr'>Clotharius</span> <span class='ocrx_word' id='word_1_482' title='bbox 1283 3682 1331 3739; x_wconf 92' lang='lat' dir='ltr'>ille</span> <span class='ocrx_word' id='word_1_483' title='bbox 1355 3699 1427 3741; x_wconf 91' lang='lat' dir='ltr'>anno</span> <span class='ocrx_word' id='word_1_484' title='bbox 1445 3683 1549 3742; x_wconf 86' lang='lat' dir='ltr'>Christi</span> <span class='ocrx_word' id='word_1_485' title='bbox 1564 3684 1627 3744; x_wconf 78' lang='grc'><strong>661.</strong></span> <span class='ocrx_word' id='word_1_486' title='bbox 1644 3685 1725 3756; x_wconf 85' lang='lat' dir='ltr'>Quo-</span> 
     </span>
     <span class='ocr_line' id='line_1_40' title="bbox 67 3750 1724 3831; baseline 0.003 -19"><span class='ocrx_word' id='word_1_487' title='bbox 67 3756 189 3813; x_wconf 89' lang='lat' dir='ltr'>dicitnr:</span> <span class='ocrx_word' id='word_1_488' title='bbox 207 3753 278 3810; x_wconf 83' lang='lat' dir='ltr'>Fecit</span> <span class='ocrx_word' id='word_1_489' title='bbox 291 3758 314 3807; x_wconf 85' lang='lat' dir='ltr'>et</span> <span class='ocrx_word' id='word_1_490' title='bbox 324 3750 458 3806; x_wconf 84' lang='lat' dir='ltr'>basilicum</span> <span class='ocrx_word' id='word_1_491' title='bbox 472 3750 499 3804; x_wconf 83' lang='lat' dir='ltr'>ia</span> <span class='ocrx_word' id='word_1_492' title='bbox 513 3750 612 3806; x_wconf 85' lang='lat' dir='ltr'>bonore</span> <span class='ocrx_word' id='word_1_493' title='bbox 621 3757 773 3808; x_wconf 71' lang='lat' dir='ltr'>scutorum</span> <span class='ocrx_word' id='word_1_494' title='bbox 788 3770 869 3808; x_wconf 83' lang='lat' dir='ltr'>orar-</span> <span class='ocrx_word' id='word_1_495' title='bbox 923 3754 1006 3810; x_wconf 89' lang='lat' dir='ltr'>modo</span> <span class='ocrx_word' id='word_1_496' title='bbox 1020 3770 1083 3827; x_wconf 88' lang='lat' dir='ltr'>ergo</span> <span class='ocrx_word' id='word_1_497' title='bbox 1094 3755 1138 3810; x_wconf 92' lang='lat' dir='ltr'>vel</span> <span class='ocrx_word' id='word_1_498' title='bbox 1149 3754 1238 3828; x_wconf 90' lang='lat' dir='ltr'>prima</span> <span class='ocrx_word' id='word_1_499' title='bbox 1252 3753 1312 3826; x_wconf 87' lang='lat' dir='ltr'>ejus</span> <span class='ocrx_word' id='word_1_500' title='bbox 1325 3753 1440 3825; x_wconf 86' lang='lat' dir='ltr'>conjux,</span> <span class='ocrx_word' id='word_1_501' title='bbox 1462 3756 1507 3812; x_wconf 92' lang='lat' dir='ltr'>vel</span> <span class='ocrx_word' id='word_1_502' title='bbox 1523 3754 1589 3815; x_wconf 89' lang='lat' dir='ltr'>huic</span> <span class='ocrx_word' id='word_1_503' title='bbox 1602 3756 1660 3831; x_wconf 89' lang='lat' dir='ltr'>ipsc</span> <span class='ocrx_word' id='word_1_504' title='bbox 1674 3758 1724 3817; x_wconf 88' lang='lat' dir='ltr'>diu</span> 
     </span>
     <span class='ocr_line' id='line_1_41' title="bbox 68 3821 1723 3899; baseline 0.002 -17"><span class='ocrx_word' id='word_1_505' title='bbox 68 3835 156 3898; x_wconf 79' lang='lat' dir='ltr'>tyram</span> <span class='ocrx_word' id='word_1_506' title='bbox 184 3823 380 3895; x_wconf 82' lang='lat' dir='ltr'>Aqoaueucium</span> <span class='ocrx_word' id='word_1_507' title='bbox 407 3821 535 3880; x_wconf 79' lang='lat' dir='ltr'>Mauricii</span> <span class='ocrx_word' id='word_1_508' title='bbox 556 3822 661 3889; x_wconf 84' lang='lat' dir='ltr'>scilicet,</span> <span class='ocrx_word' id='word_1_509' title='bbox 686 3823 868 3896; x_wconf 86' lang='lat' dir='ltr'>sociorumque</span> <span class='ocrx_word' id='word_1_510' title='bbox 923 3833 1070 3899; x_wconf 90' lang='lat' dir='ltr'>superstes,</span> <span class='ocrx_word' id='word_1_511' title='bbox 1094 3825 1312 3884; x_wconf 86' lang='lat' dir='ltr'>munificentiam</span> <span class='ocrx_word' id='word_1_512' title='bbox 1333 3842 1410 3883; x_wconf 87' lang='lat' dir='ltr'>suam</span> <span class='ocrx_word' id='word_1_513' title='bbox 1425 3825 1455 3881; x_wconf 94' lang='lat' dir='ltr'>in</span> <span class='ocrx_word' id='word_1_514' title='bbox 1470 3824 1545 3886; x_wconf 91' lang='lat' dir='ltr'>hunc</span> <span class='ocrx_word' id='word_1_515' title='bbox 1560 3828 1653 3887; x_wconf 89' lang='lat' dir='ltr'>locum</span> <span class='ocrx_word' id='word_1_516' title='bbox 1677 3845 1723 3887; x_wconf 89' lang='lat' dir='ltr'>ex·</span> 
     </span>
     <span class='ocr_line' id='line_1_42' title="bbox 65 3892 1724 3974; baseline -0.005 -21"><span class='ocrx_word' id='word_1_517' title='bbox 65 3897 142 3969; x_wconf 77' lang='lat' dir='ltr'>ejus;</span> <span class='ocrx_word' id='word_1_518' title='bbox 166 3897 211 3952; x_wconf 84' lang='lat' dir='ltr'>abi</span> <span class='ocrx_word' id='word_1_519' title='bbox 225 3901 248 3950; x_wconf 90' lang='lat' dir='ltr'>et</span> <span class='ocrx_word' id='word_1_520' title='bbox 268 3896 321 3950; x_wconf 84' lang='lat' dir='ltr'>buc</span> <span class='ocrx_word' id='word_1_521' title='bbox 341 3894 413 3949; x_wconf 84' lang='lat' dir='ltr'>dono</span> <span class='ocrx_word' id='word_1_522' title='bbox 428 3892 532 3961; x_wconf 84' lang='lat' dir='ltr'>obtulit,</span> <span class='ocrx_word' id='word_1_523' title='bbox 558 3894 743 3948; x_wconf 85' lang='lat' dir='ltr'>Worcbiccum</span> <span class='ocrx_word' id='word_1_524' title='bbox 758 3895 867 3966; x_wconf 83' lang='lat' dir='ltr'>inpage</span> <span class='ocrx_word' id='word_1_525' title='bbox 922 3913 1048 3970; x_wconf 92' lang='lat' dir='ltr'>promere</span> <span class='ocrx_word' id='word_1_526' title='bbox 1064 3906 1272 3971; x_wconf 86' lang='lat' dir='ltr'>potueruutper</span> <span class='ocrx_word' id='word_1_527' title='bbox 1293 3914 1388 3954; x_wconf 83' lang='lat' dir='ltr'>monus</span> <span class='ocrx_word' id='word_1_528' title='bbox 1406 3899 1493 3954; x_wconf 86' lang='lat' dir='ltr'>sancti</span> <span class='ocrx_word' id='word_1_529' title='bbox 1512 3899 1646 3956; x_wconf 84' lang='lat' dir='ltr'>Desiderii</span> <span class='ocrx_word' id='word_1_530' title='bbox 1667 3899 1724 3974; x_wconf 81' lang='lat' dir='ltr'>epi.</span> 
     </span>
     <span class='ocr_line' id='line_1_43' title="bbox 66 3962 1724 4046; baseline 0.002 -21"><span class='ocrx_word' id='word_1_531' title='bbox 66 3967 204 4035; x_wconf 79' lang='lat' dir='ltr'>senonico,</span> <span class='ocrx_word' id='word_1_532' title='bbox 230 3983 288 4021; x_wconf 84' lang='lat' dir='ltr'>coar</span> <span class='ocrx_word' id='word_1_533' title='bbox 311 3964 443 4044; x_wconf 78' lang='lat' dir='ltr'>urrioersis</span> <span class='ocrx_word' id='word_1_534' title='bbox 466 3962 630 4033; x_wconf 76' lang='lat' dir='ltr'>appendiciis</span> <span class='ocrx_word' id='word_1_535' title='bbox 655 3964 731 4027; x_wconf 55' lang='lat' dir='ltr'>suin</span> <span class='ocrx_word' id='word_1_536' title='bbox 756 3965 785 4018; x_wconf 83' lang='lat' dir='ltr'>t&#39;u</span> <span class='ocrx_word' id='word_1_537' title='bbox 817 3983 868 4046; x_wconf 79' lang='lat' dir='ltr'>ogo</span> <span class='ocrx_word' id='word_1_538' title='bbox 923 3968 999 4040; x_wconf 90' lang='lat' dir='ltr'>scopi</span> <span class='ocrx_word' id='word_1_539' title='bbox 1014 3968 1274 4037; x_wconf 83' lang='lat' dir='ltr'>Autissiodorensis,</span> <span class='ocrx_word' id='word_1_540' title='bbox 1297 3969 1345 4044; x_wconf 94' lang='lat' dir='ltr'>qui</span> <span class='ocrx_word' id='word_1_541' title='bbox 1358 3969 1438 4042; x_wconf 84' lang='lat' dir='ltr'>juxta</span> <span class='ocrx_word' id='word_1_542' title='bbox 1457 3970 1606 4028; x_wconf 84' lang='lat' dir='ltr'>Historiam</span> <span class='ocrx_word' id='word_1_543' title='bbox 1620 3971 1724 4044; x_wconf 87' lang='lat' dir='ltr'>episco·</span> 
     </span>
     <span class='ocr_line' id='line_1_44' title="bbox 66 3982 1723 4119; baseline 0.004 -24"><span class='ocrx_word' id='word_1_544' title='bbox 66 4056 168 4112; x_wconf 83' lang='lat' dir='ltr'>qaoque</span> <span class='ocrx_word' id='word_1_545' title='bbox 189 4036 417 4116; x_wconf 70' lang='lat' dir='ltr'>Autissiodorecsa</span> <span class='ocrx_word' id='word_1_546' title='bbox 435 4033 597 4116; x_wconf 28' lang='lat' dir='ltr'>‘Corvqllem</span> <span class='ocrx_word' id='word_1_547' title='bbox 620 4049 679 4086; x_wconf 85' lang='lat' dir='ltr'>cam</span> <span class='ocrx_word' id='word_1_548' title='bbox 703 3982 867 4117; x_wconf 59' lang='lat' dir='ltr'>appendiciis</span> <span class='ocrx_word' id='word_1_549' title='bbox 941 4054 1020 4092; x_wconf 90' lang='lat' dir='ltr'>orum</span> <span class='ocrx_word' id='word_1_550' title='bbox 1038 4038 1150 4119; x_wconf 81' lang='lat' dir='ltr'>illorum</span> <span class='ocrx_word' id='word_1_551' title='bbox 1165 4057 1225 4111; x_wconf 84' lang='lat' dir='ltr'>cap.</span> <span class='ocrx_word' id='word_1_552' title='bbox 1244 4040 1288 4108; x_wconf 70' lang='lat' dir='ltr'>hil,</span> <span class='ocrx_word' id='word_1_553' title='bbox 1305 4041 1399 4097; x_wconf 89' lang='lat' dir='ltr'>sedere</span> <span class='ocrx_word' id='word_1_554' title='bbox 1419 4041 1541 4113; x_wconf 89' lang='lat' dir='ltr'>primum</span> <span class='ocrx_word' id='word_1_555' title='bbox 1563 4043 1649 4116; x_wconf 82' lang='lat' dir='ltr'>coepit</span> <span class='ocrx_word' id='word_1_556' title='bbox 1671 4043 1723 4102; x_wconf 84' lang='lat' dir='ltr'>sub</span> 
     </span>
     <span class='ocr_line' id='line_1_45' title="bbox 67 4055 1723 4198; baseline 0.003 -31"><span class='ocrx_word' id='word_1_557' title='bbox 67 4111 139 4176; x_wconf 89' lang='lat' dir='ltr'>suis;</span> <span class='ocrx_word' id='word_1_558' title='bbox 163 4126 208 4164; x_wconf 88' lang='lat' dir='ltr'>aec</span> <span class='ocrx_word' id='word_1_559' title='bbox 232 4126 285 4163; x_wconf 85' lang='lat' dir='ltr'>noo</span> <span class='ocrx_word' id='word_1_560' title='bbox 306 4113 330 4162; x_wconf 91' lang='lat' dir='ltr'>et</span> <span class='ocrx_word' id='word_1_561' title='bbox 345 4107 464 4173; x_wconf 75' lang='lat' dir='ltr'>Molinae,</span> <span class='ocrx_word' id='word_1_562' title='bbox 477 4105 600 4159; x_wconf 75' lang='lat' dir='ltr'>simililer</span> <span class='ocrx_word' id='word_1_563' title='bbox 613 4120 672 4159; x_wconf 86' lang='lat' dir='ltr'>cum</span> <span class='ocrx_word' id='word_1_564' title='bbox 692 4105 865 4185; x_wconf 79' lang='lat' dir='ltr'>appendicus,</span> <span class='ocrx_word' id='word_1_565' title='bbox 922 4055 1005 4163; x_wconf 61' lang='lat' dir='ltr'>Herem</span> <span class='ocrx_word' id='word_1_566' title='bbox 1017 4108 1111 4164; x_wconf 84' lang='lat' dir='ltr'>saeculr</span> <span class='ocrx_word' id='word_1_567' title='bbox 1121 4109 1216 4164; x_wconf 79' lang='lat' dir='ltr'>sextil</span> <span class='ocrx_word' id='word_1_568' title='bbox 1231 4109 1358 4166; x_wconf 89' lang='lat' dir='ltr'>Auferte</span> <span class='ocrx_word' id='word_1_569' title='bbox 1372 4111 1531 4169; x_wconf 89' lang='lat' dir='ltr'>Clotbarius</span> <span class='ocrx_word' id='word_1_570' title='bbox 1544 4114 1650 4184; x_wconf 90' lang='lat' dir='ltr'>primus</span> <span class='ocrx_word' id='word_1_571' title='bbox 1664 4131 1723 4198; x_wconf 89' lang='lat' dir='ltr'>per·</span> 
     </span>
     <span class='ocr_line' id='line_1_46' title="bbox 67 4176 1725 4251; baseline 0.002 -13"><span class='ocrx_word' id='word_1_572' title='bbox 67 4183 131 4238; x_wconf 85' lang='lat' dir='ltr'>sais.</span> <span class='ocrx_word' id='word_1_573' title='bbox 150 4181 182 4237; x_wconf 87' lang='lat' dir='ltr'>fa</span> <span class='ocrx_word' id='word_1_574' title='bbox 194 4180 334 4251; x_wconf 83' lang='lat' dir='ltr'>quoetiaus</span> <span class='ocrx_word' id='word_1_575' title='bbox 348 4177 468 4232; x_wconf 86' lang='lat' dir='ltr'>oratorio</span> <span class='ocrx_word' id='word_1_576' title='bbox 487 4181 606 4230; x_wconf 82' lang='lat' dir='ltr'>sanctum</span> <span class='ocrx_word' id='word_1_577' title='bbox 619 4176 794 4231; x_wconf 78' lang='lat' dir='ltr'>Saturninum</span> <span class='ocrx_word' id='word_1_578' title='bbox 809 4176 867 4233; x_wconf 79' lang='lat' dir='ltr'>citra</span> <span class='ocrx_word' id='word_1_579' title='bbox 922 4193 1014 4249; x_wconf 90' lang='lat' dir='ltr'>peram</span> <span class='ocrx_word' id='word_1_580' title='bbox 1030 4192 1080 4248; x_wconf 92' lang='lat' dir='ltr'>pro</span> <span class='ocrx_word' id='word_1_581' title='bbox 1093 4177 1215 4233; x_wconf 89' lang='lat' dir='ltr'>secundo</span> <span class='ocrx_word' id='word_1_582' title='bbox 1229 4177 1388 4251; x_wconf 77' lang='lat' dir='ltr'>accipitur?</span> <span class='ocrx_word' id='word_1_583' title='bbox 1411 4181 1496 4251; x_wconf 86' lang='lat' dir='ltr'>Atqui</span> <span class='ocrx_word' id='word_1_584' title='bbox 1516 4182 1582 4239; x_wconf 88' lang='lat' dir='ltr'>huic</span> <span class='ocrx_word' id='word_1_585' title='bbox 1601 4193 1725 4243; x_wconf 80' lang='lat' dir='ltr'>nescitus</span> 
     </span>
     <span class='ocr_line' id='line_1_47' title="bbox 65 4245 1722 4397; baseline -0.001 -17"><span class='ocrx_word' id='word_1_586' title='bbox 65 4245 868 4397; x_wconf 61' lang='lat' dir='ltr'>attilia‘tutatutatltaltattllttltlt:</span> <span class='ocrx_word' id='word_1_587' title='bbox 921 4245 1722 4393; x_wconf 63' lang='lat' dir='ltr'>lllltlll.‘ulttllllllllalal’t‘tlttttatt‘lt</span> 
     </span>
     <span class='ocr_line' id='line_1_48' title="bbox 69 4366 1723 4467; baseline 0.001 -17"><span class='ocrx_word' id='word_1_588' title='bbox 69 4402 156 4467; x_wconf 79' lang='lat' dir='ltr'>tyrum</span> <span class='ocrx_word' id='word_1_589' title='bbox 170 4366 236 4449; x_wconf 72' lang='lat' dir='ltr'>inibi</span> <span class='ocrx_word' id='word_1_590' title='bbox 248 4392 381 4448; x_wconf 85' lang='lat' dir='ltr'>memoriis</span> <span class='ocrx_word' id='word_1_591' title='bbox 394 4388 544 4446; x_wconf 82' lang='lat' dir='ltr'>deserviret.</span> <span class='ocrx_word' id='word_1_592' title='bbox 958 4390 1016 4446; x_wconf 92' lang='lat' dir='ltr'>lius</span> <span class='ocrx_word' id='word_1_593' title='bbox 1031 4404 1143 4446; x_wconf 90' lang='lat' dir='ltr'>enorme</span> <span class='ocrx_word' id='word_1_594' title='bbox 1161 4387 1263 4445; x_wconf 89' lang='lat' dir='ltr'>vitium</span> <span class='ocrx_word' id='word_1_595' title='bbox 1284 4387 1408 4447; x_wconf 90' lang='lat' dir='ltr'>dicemus</span> <span class='ocrx_word' id='word_1_596' title='bbox 1426 4406 1484 4448; x_wconf 87' lang='lat' dir='ltr'>esse</span> <span class='ocrx_word' id='word_1_597' title='bbox 1500 4389 1528 4447; x_wconf 92' lang='lat' dir='ltr'>iu</span> <span class='ocrx_word' id='word_1_598' title='bbox 1543 4390 1723 4467; x_wconf 86' lang='lat' dir='ltr'>chronologia</span> 
     </span>
    </p>

    <p class='ocr_par' dir='ltr' id='par_1_11' title="bbox 64 4458 1723 4677">
     <span class='ocr_line' id='line_1_49' title="bbox 103 4458 1722 4532; baseline -0.004 -6"><span class='ocrx_word' id='word_1_599' title='bbox 103 4467 160 4527; x_wconf 84' lang='lat' dir='ltr'>aS.</span> <span class='ocrx_word' id='word_1_600' title='bbox 182 4463 363 4522; x_wconf 75' lang='lat' dir='ltr'>crotechildis.</span> <span class='ocrx_word' id='word_1_601' title='bbox 385 4464 453 4518; x_wconf 90' lang='lat' dir='ltr'>Acta</span> <span class='ocrx_word' id='word_1_602' title='bbox 476 4458 602 4516; x_wconf 89' lang='lat' dir='ltr'>dedimus</span> <span class='ocrx_word' id='word_1_603' title='bbox 627 4459 673 4516; x_wconf 90' lang='lat' dir='ltr'>die</span> <span class='ocrx_word' id='word_1_604' title='bbox 703 4460 719 4515; x_wconf 84' lang='lat'><strong>3</strong></span> <span class='ocrx_word' id='word_1_605' title='bbox 746 4458 824 4515; x_wconf 88' lang='lat' dir='ltr'>Junii</span> <span class='ocrx_word' id='word_1_606' title='bbox 851 4469 906 4529; x_wconf 81' lang='lat' dir='ltr'>an</span> <span class='ocrx_word' id='word_1_607' title='bbox 945 4459 1067 4529; x_wconf 86' lang='lat' dir='ltr'>esiderii,</span> <span class='ocrx_word' id='word_1_608' title='bbox 1081 4468 1112 4516; x_wconf 92' lang='lat' dir='ltr'>nt</span> <span class='ocrx_word' id='word_1_609' title='bbox 1128 4460 1229 4532; x_wconf 89' lang='lat' dir='ltr'>passim</span> <span class='ocrx_word' id='word_1_610' title='bbox 1252 4459 1312 4517; x_wconf 89' lang='lat' dir='ltr'>alia</span> <span class='ocrx_word' id='word_1_611' title='bbox 1327 4470 1477 4518; x_wconf 90' lang='lat' dir='ltr'>occurrunt</span> <span class='ocrx_word' id='word_1_612' title='bbox 1502 4461 1530 4518; x_wconf 92' lang='lat' dir='ltr'>iu</span> <span class='ocrx_word' id='word_1_613' title='bbox 1555 4462 1608 4519; x_wconf 93' lang='lat' dir='ltr'>ista</span> <span class='ocrx_word' id='word_1_614' title='bbox 1633 4462 1722 4522; x_wconf 89' lang='lat' dir='ltr'>llistu·</span> 
     </span>
     <span class='ocr_line' id='line_1_50' title="bbox 68 4530 1723 4612; baseline -0.002 -18"><span class='ocrx_word' id='word_1_615' title='bbox 68 4554 129 4612; x_wconf 88' lang='lat' dir='ltr'>pag.</span> <span class='ocrx_word' id='word_1_616' title='bbox 146 4537 208 4606; x_wconf 78' lang='lat' dir='ltr'>tet,</span> <span class='ocrx_word' id='word_1_617' title='bbox 224 4537 253 4592; x_wconf 92' lang='lat' dir='ltr'>in</span> <span class='ocrx_word' id='word_1_618' title='bbox 278 4534 379 4609; x_wconf 91' lang='lat' dir='ltr'>quibus</span> <span class='ocrx_word' id='word_1_619' title='bbox 400 4530 483 4604; x_wconf 88' lang='lat' dir='ltr'>hujus</span> <span class='ocrx_word' id='word_1_620' title='bbox 504 4530 544 4587; x_wconf 93' lang='lat' dir='ltr'>rei</span> <span class='ocrx_word' id='word_1_621' title='bbox 568 4531 645 4586; x_wconf 89' lang='lat' dir='ltr'>nulla</span> <span class='ocrx_word' id='word_1_622' title='bbox 669 4530 811 4603; x_wconf 87' lang='lat' dir='ltr'>sigillatim</span> <span class='ocrx_word' id='word_1_623' title='bbox 835 4530 867 4588; x_wconf 84' lang='lat' dir='ltr'>stt</span> <span class='ocrx_word' id='word_1_624' title='bbox 921 4531 985 4588; x_wconf 85' lang='lat' dir='ltr'>rial</span> <span class='ocrx_word' id='word_1_625' title='bbox 1004 4531 1065 4588; x_wconf 90' lang='lat' dir='ltr'>Non</span> <span class='ocrx_word' id='word_1_626' title='bbox 1085 4531 1176 4587; x_wconf 91' lang='lat' dir='ltr'>obstat</span> <span class='ocrx_word' id='word_1_627' title='bbox 1197 4537 1270 4586; x_wconf 86' lang='lat' dir='ltr'>certe</span> <span class='ocrx_word' id='word_1_628' title='bbox 1295 4531 1410 4605; x_wconf 90' lang='lat' dir='ltr'>epistola</span> <span class='ocrx_word' id='word_1_629' title='bbox 1431 4532 1459 4590; x_wconf 90' lang='lat' dir='ltr'>S.</span> <span class='ocrx_word' id='word_1_630' title='bbox 1485 4531 1609 4606; x_wconf 89' lang='lat' dir='ltr'>Gregorii</span> <span class='ocrx_word' id='word_1_631' title='bbox 1630 4533 1723 4607; x_wconf 78' lang='lat' dir='ltr'>Magni</span> 
     </span>
     <span class='ocr_line' id='line_1_51' title="bbox 64 4600 1721 4677; baseline -0.003 -12"><span class='ocrx_word' id='word_1_632' title='bbox 64 4609 185 4666; x_wconf 89' lang='lat' dir='ltr'>mentio.</span> <span class='ocrx_word' id='word_1_633' title='bbox 922 4601 1025 4659; x_wconf 90' lang='lat' dir='ltr'>ibidem</span> <span class='ocrx_word' id='word_1_634' title='bbox 1049 4600 1176 4668; x_wconf 90' lang='lat' dir='ltr'>adducta,</span> <span class='ocrx_word' id='word_1_635' title='bbox 1198 4608 1330 4675; x_wconf 86' lang='lat' dir='ltr'>tanquam</span> <span class='ocrx_word' id='word_1_636' title='bbox 1352 4602 1487 4677; x_wconf 87' lang='lat' dir='ltr'>inscripta</span> <span class='ocrx_word' id='word_1_637' title='bbox 1508 4603 1647 4661; x_wconf 83' lang='lat' dir='ltr'>Desiderio</span> <span class='ocrx_word' id='word_1_638' title='bbox 1668 4622 1681 4660; x_wconf 87' lang='lat' dir='ltr'>e</span> <span class='ocrx_word' id='word_1_639' title='bbox 1704 4606 1721 4650; x_wconf 89' lang='lat'>&#39;-</span> 
     </span>
    </p>

    <p class='ocr_par' dir='ltr' id='par_1_12' title="bbox 67 4670 1722 5030">
     <span class='ocr_line' id='line_1_52' title="bbox 105 4670 1722 4750; baseline -0.001 -14"><span class='ocrx_word' id='word_1_640' title='bbox 105 4680 207 4747; x_wconf 75' lang='grc' dir='ltr'>Ῥιιιι,</span> <span class='ocrx_word' id='word_1_641' title='bbox 223 4677 271 4734; x_wconf 91' lang='lat' dir='ltr'>ubi</span> <span class='ocrx_word' id='word_1_642' title='bbox 286 4693 400 4750; x_wconf 88' lang='lat' dir='ltr'>regnum</span> <span class='ocrx_word' id='word_1_643' title='bbox 420 4675 487 4733; x_wconf 91' lang='lat' dir='ltr'>olim</span> <span class='ocrx_word' id='word_1_644' title='bbox 511 4670 678 4744; x_wconf 81' lang='lat' dir='ltr'>Burgundia</span> <span class='ocrx_word' id='word_1_645' title='bbox 700 4671 764 4741; x_wconf 92' lang='lat' dir='ltr'>fuit,</span> <span class='ocrx_word' id='word_1_646' title='bbox 788 4671 868 4745; x_wconf 85' lang='lat' dir='ltr'>cujus</span> <span class='ocrx_word' id='word_1_647' title='bbox 921 4690 998 4745; x_wconf 86' lang='lat' dir='ltr'>scopo</span> <span class='ocrx_word' id='word_1_648' title='bbox 1026 4672 1252 4730; x_wconf 75' lang='lat' dir='ltr'>Aattssiocoreast</span> <span class='ocrx_word' id='word_1_649' title='bbox 1275 4689 1284 4729; x_wconf 92' lang='lat'><em>:</em></span> <span class='ocrx_word' id='word_1_650' title='bbox 1317 4689 1382 4732; x_wconf 92' lang='lat' dir='ltr'>uam</span> <span class='ocrx_word' id='word_1_651' title='bbox 1406 4672 1488 4746; x_wconf 85' lang='lat' dir='ltr'>juxta</span> <span class='ocrx_word' id='word_1_652' title='bbox 1518 4675 1643 4750; x_wconf 88' lang='lat' dir='ltr'>Gregorii</span> <span class='ocrx_word' id='word_1_653' title='bbox 1694 4693 1722 4735; x_wconf 90' lang='lat' dir='ltr'>c·</span> 
     </span>
     <span class='ocr_line' id='line_1_53' title="bbox 68 4740 1719 4825; baseline -0.002 -18"><span class='ocrx_word' id='word_1_654' title='bbox 68 4750 144 4822; x_wconf 87' lang='lat' dir='ltr'>regia</span> <span class='ocrx_word' id='word_1_655' title='bbox 166 4750 243 4806; x_wconf 90' lang='lat' dir='ltr'>sedes</span> <span class='ocrx_word' id='word_1_656' title='bbox 266 4757 324 4805; x_wconf 90' lang='lat' dir='ltr'>erat</span> <span class='ocrx_word' id='word_1_657' title='bbox 342 4748 495 4804; x_wconf 86' lang='lat' dir='ltr'>Arelatem.</span> <span class='ocrx_word' id='word_1_658' title='bbox 522 4745 607 4800; x_wconf 89' lang='lat' dir='ltr'>Porro</span> <span class='ocrx_word' id='word_1_659' title='bbox 630 4741 710 4814; x_wconf 85' lang='lat' dir='ltr'>cujus</span> <span class='ocrx_word' id='word_1_660' title='bbox 737 4740 866 4801; x_wconf 86' lang='lat' dir='ltr'>Ecclesiae</span> <span class='ocrx_word' id='word_1_661' title='bbox 923 4745 1049 4817; x_wconf 91' lang='lat' dir='ltr'>gistrum,</span> <span class='ocrx_word' id='word_1_662' title='bbox 1065 4742 1407 4825; x_wconf 36' lang='lat' dir='ltr'>lib.vrr,‚interepistolas</span> <span class='ocrx_word' id='word_1_663' title='bbox 1420 4745 1572 4805; x_wconf 91' lang='lat' dir='ltr'>indictione</span> <span class='ocrx_word' id='word_1_664' title='bbox 1589 4746 1719 4819; x_wconf 67' lang='lat' dir='ltr'>emunda,</span> 
     </span>
     <span class='ocr_line' id='line_1_54' title="bbox 71 4813 1720 4899; baseline -0.002 -20"><span class='ocrx_word' id='word_1_665' title='bbox 71 4823 215 4895; x_wconf 90' lang='lat' dir='ltr'>episcopus</span> <span class='ocrx_word' id='word_1_666' title='bbox 229 4820 276 4877; x_wconf 90' lang='lat' dir='ltr'>hic</span> <span class='ocrx_word' id='word_1_667' title='bbox 290 4823 380 4892; x_wconf 83' lang='lat' dir='ltr'>Lupus</span> <span class='ocrx_word' id='word_1_668' title='bbox 395 4819 488 4886; x_wconf 91' lang='lat' dir='ltr'>fuerit,</span> <span class='ocrx_word' id='word_1_669' title='bbox 503 4816 656 4888; x_wconf 90' lang='lat' dir='ltr'>ignoratur.</span> <span class='ocrx_word' id='word_1_670' title='bbox 674 4813 782 4872; x_wconf 84' lang='lat' dir='ltr'>Videsis</span> <span class='ocrx_word' id='word_1_671' title='bbox 795 4831 867 4872; x_wconf 89' lang='lat' dir='ltr'>cou—</span> <span class='ocrx_word' id='word_1_672' title='bbox 923 4816 981 4873; x_wconf 93' lang='lat' dir='ltr'>sive</span> <span class='ocrx_word' id='word_1_673' title='bbox 996 4831 1069 4872; x_wconf 89' lang='lat' dir='ltr'>annu</span> <span class='ocrx_word' id='word_1_674' title='bbox 1086 4814 1190 4873; x_wconf 86' lang='lat' dir='ltr'>Chrrstr</span> <span class='ocrx_word' id='word_1_675' title='bbox 1204 4814 1257 4873; x_wconf 80' lang='lat' dir='ltr'>teu</span> <span class='ocrx_word' id='word_1_676' title='bbox 1272 4816 1398 4899; x_wconf 88' lang='lat' dir='ltr'>scriptas,</span> <span class='ocrx_word' id='word_1_677' title='bbox 1413 4816 1532 4876; x_wconf 88' lang='lat' dir='ltr'>habetur</span> <span class='ocrx_word' id='word_1_678' title='bbox 1548 4817 1608 4877; x_wconf 86' lang='lat' dir='ltr'>haec</span> <span class='ocrx_word' id='word_1_679' title='bbox 1625 4817 1720 4877; x_wconf 88' lang='lat' dir='ltr'>eadem</span> 
     </span>
     <span class='ocr_line' id='line_1_55' title="bbox 67 4885 1722 4966; baseline -0.001 -16"><span class='ocrx_word' id='word_1_680' title='bbox 67 4892 205 4966; x_wconf 80' lang='lat' dir='ltr'>jacturam</span> <span class='ocrx_word' id='word_1_681' title='bbox 223 4890 376 4948; x_wconf 87' lang='lat' dir='ltr'>blabillonii</span> <span class='ocrx_word' id='word_1_682' title='bbox 395 4890 425 4945; x_wconf 93' lang='lat' dir='ltr'>in</span> <span class='ocrx_word' id='word_1_683' title='bbox 448 4886 603 4945; x_wconf 90' lang='lat' dir='ltr'>Annalibus</span> <span class='ocrx_word' id='word_1_684' title='bbox 622 4885 809 4943; x_wconf 89' lang='lat' dir='ltr'>Benedictinis</span> <span class='ocrx_word' id='word_1_685' title='bbox 833 4885 869 4944; x_wconf 93' lang='lat' dir='ltr'>ad</span> <span class='ocrx_word' id='word_1_686' title='bbox 923 4887 1073 4944; x_wconf 89' lang='lat' dir='ltr'>centesima</span> <span class='ocrx_word' id='word_1_687' title='bbox 1087 4885 1193 4944; x_wconf 90' lang='lat' dir='ltr'>decima</span> <span class='ocrx_word' id='word_1_688' title='bbox 1217 4893 1304 4956; x_wconf 84' lang='lat' dir='ltr'>sexta,</span> <span class='ocrx_word' id='word_1_689' title='bbox 1327 4889 1462 4963; x_wconf 81' lang='lat' dir='ltr'>suscripta</span> <span class='ocrx_word' id='word_1_690' title='bbox 1484 4896 1591 4948; x_wconf 68' lang='lat' dir='ltr'>mutum</span> <span class='ocrx_word' id='word_1_691' title='bbox 1616 4889 1722 4949; x_wconf 71' lang='lat' dir='ltr'>Deside-</span> 
     </span>
     <span class='ocr_line' id='line_1_56' title="bbox 70 4957 1721 5030; baseline -0.003 -9"><span class='ocrx_word' id='word_1_692' title='bbox 70 4981 175 5021; x_wconf 90' lang='lat' dir='ltr'>annum</span> <span class='ocrx_word' id='word_1_693' title='bbox 190 4962 293 5021; x_wconf 86' lang='lat' dir='ltr'>Christi</span> <span class='ocrx_word' id='word_1_694' title='bbox 307 4962 370 5030; x_wconf 81' lang='lat'>593,</span> <span class='ocrx_word' id='word_1_695' title='bbox 386 4976 463 5017; x_wconf 86' lang='lat' dir='ltr'>num.</span> <span class='ocrx_word' id='word_1_696' title='bbox 479 4959 524 5017; x_wconf 81' lang='lat' dir='ltr'>tu.</span> <span class='ocrx_word' id='word_1_697' title='bbox 923 4959 965 5014; x_wconf 87' lang='lat' dir='ltr'>rio</span> <span class='ocrx_word' id='word_1_698' title='bbox 979 4958 1047 5030; x_wconf 85' lang='lat' dir='ltr'>episc</span> <span class='ocrx_word' id='word_1_699' title='bbox 1081 4974 1108 5026; x_wconf 89' lang='lat' dir='ltr'>o,</span> <span class='ocrx_word' id='word_1_700' title='bbox 1122 4957 1182 5015; x_wconf 92' lang='lat' dir='ltr'>siue</span> <span class='ocrx_word' id='word_1_701' title='bbox 1197 4957 1258 5015; x_wconf 90' lang='lat' dir='ltr'>loco</span> <span class='ocrx_word' id='word_1_702' title='bbox 1272 4957 1353 5017; x_wconf 87' lang='lat' dir='ltr'>sedis.</span> <span class='ocrx_word' id='word_1_703' title='bbox 1370 4960 1450 5018; x_wconf 86' lang='lat' dir='ltr'>Putat</span> <span class='ocrx_word' id='word_1_704' title='bbox 1461 4977 1527 5018; x_wconf 92' lang='lat' dir='ltr'>vero</span> <span class='ocrx_word' id='word_1_705' title='bbox 1541 4960 1581 5017; x_wconf 93' lang='lat' dir='ltr'>ibi</span> <span class='ocrx_word' id='word_1_706' title='bbox 1596 4959 1721 5018; x_wconf 85' lang='lat' dir='ltr'>blabillc·</span> 
     </span>
    </p>

    <p class='ocr_par' dir='ltr' id='par_1_13' title="bbox 70 5028 1723 5529">
     <span class='ocr_line' id='line_1_57' title="bbox 112 5028 1721 5104; baseline -0.001 -13"><span class='ocrx_word' id='word_1_707' title='bbox 112 5036 180 5091; x_wconf 62' lang='lat' dir='ltr'>*Eo</span> <span class='ocrx_word' id='word_1_708' title='bbox 194 5034 239 5091; x_wconf 89' lang='lat' dir='ltr'>die</span> <span class='ocrx_word' id='word_1_709' title='bbox 253 5040 344 5089; x_wconf 88' lang='lat' dir='ltr'>tamen</span> <span class='ocrx_word' id='word_1_710' title='bbox 359 5049 375 5088; x_wconf 90' lang='lat' dir='ltr'>a</span> <span class='ocrx_word' id='word_1_711' title='bbox 389 5030 539 5104; x_wconf 88' lang='lat' dir='ltr'>majoribus</span> <span class='ocrx_word' id='word_1_712' title='bbox 554 5030 655 5086; x_wconf 89' lang='lat' dir='ltr'>nostris</span> <span class='ocrx_word' id='word_1_713' title='bbox 675 5029 793 5086; x_wconf 88' lang='lat' dir='ltr'>omissus</span> <span class='ocrx_word' id='word_1_714' title='bbox 816 5035 868 5099; x_wconf 90' lang='lat' dir='ltr'>est,</span> <span class='ocrx_word' id='word_1_715' title='bbox 923 5028 1060 5086; x_wconf 86' lang='lat' dir='ltr'>niusllesi</span> <span class='ocrx_word' id='word_1_716' title='bbox 1080 5028 1169 5086; x_wconf 88' lang='lat' dir='ltr'>crium</span> <span class='ocrx_word' id='word_1_717' title='bbox 1190 5044 1245 5086; x_wconf 94' lang='lat' dir='ltr'>nou</span> <span class='ocrx_word' id='word_1_718' title='bbox 1263 5028 1339 5088; x_wconf 89' lang='lat' dir='ltr'>huuc</span> <span class='ocrx_word' id='word_1_719' title='bbox 1360 5039 1485 5089; x_wconf 89' lang='lat' dir='ltr'>nostrum</span> <span class='ocrx_word' id='word_1_720' title='bbox 1505 5029 1653 5104; x_wconf 89' lang='lat' dir='ltr'>designari,</span> <span class='ocrx_word' id='word_1_721' title='bbox 1673 5029 1721 5089; x_wconf 87' lang='lat' dir='ltr'>sed</span> 
     </span>
     <span class='ocr_line' id='line_1_58' title="bbox 71 5098 1722 5180; baseline -0.002 -17"><span class='ocrx_word' id='word_1_722' title='bbox 71 5105 251 5180; x_wconf 90' lang='lat' dir='ltr'>quantumvis</span> <span class='ocrx_word' id='word_1_723' title='bbox 261 5105 307 5162; x_wconf 93' lang='lat' dir='ltr'>hic</span> <span class='ocrx_word' id='word_1_724' title='bbox 317 5109 422 5160; x_wconf 86' lang='lat' dir='ltr'>sauctus</span> <span class='ocrx_word' id='word_1_725' title='bbox 432 5112 555 5170; x_wconf 90' lang='lat' dir='ltr'>vocetur,</span> <span class='ocrx_word' id='word_1_726' title='bbox 567 5100 638 5158; x_wconf 89' lang='lat' dir='ltr'>sicut</span> <span class='ocrx_word' id='word_1_727' title='bbox 648 5108 676 5156; x_wconf 90' lang='lat' dir='ltr'>ct</span> <span class='ocrx_word' id='word_1_728' title='bbox 687 5099 716 5154; x_wconf 95' lang='lat' dir='ltr'>in</span> <span class='ocrx_word' id='word_1_729' title='bbox 728 5100 869 5174; x_wconf 89' lang='lat' dir='ltr'>epitaphio</span> <span class='ocrx_word' id='word_1_730' title='bbox 924 5099 1120 5157; x_wconf 89' lang='lat' dir='ltr'>Viennensem.</span> <span class='ocrx_word' id='word_1_731' title='bbox 1133 5098 1226 5156; x_wconf 90' lang='lat' dir='ltr'>Adisis</span> <span class='ocrx_word' id='word_1_732' title='bbox 1240 5100 1360 5157; x_wconf 91' lang='lat' dir='ltr'>illumin</span> <span class='ocrx_word' id='word_1_733' title='bbox 1373 5101 1528 5160; x_wconf 90' lang='lat' dir='ltr'>Annalibus</span> <span class='ocrx_word' id='word_1_734' title='bbox 1534 5101 1722 5160; x_wconf 78' lang='lat' dir='ltr'>benedictinis</span> 
     </span>
     <span class='ocr_line' id='line_1_59' title="bbox 70 5169 1308 5258; baseline -0.005 -24"><span class='ocrx_word' id='word_1_735' title='bbox 70 5177 131 5250; x_wconf 88' lang='lat' dir='ltr'>ejus</span> <span class='ocrx_word' id='word_1_736' title='bbox 144 5177 174 5232; x_wconf 92' lang='lat' dir='ltr'>in</span> <span class='ocrx_word' id='word_1_737' title='bbox 189 5177 295 5258; x_wconf 78' lang='lat' dir='ltr'>cryptis</span> <span class='ocrx_word' id='word_1_738' title='bbox 312 5172 599 5232; x_wconf 86' lang='lat' dir='ltr'>Autissiodorensibus</span> <span class='ocrx_word' id='word_1_739' title='bbox 617 5169 737 5228; x_wconf 89' lang='lat' dir='ltr'>coencbii</span> <span class='ocrx_word' id='word_1_740' title='bbox 753 5172 781 5228; x_wconf 85' lang='lat' dir='ltr'>S.</span> <span class='ocrx_word' id='word_1_741' title='bbox 799 5174 870 5228; x_wconf 84' lang='lat' dir='ltr'>Ger·</span> <span class='ocrx_word' id='word_1_742' title='bbox 923 5171 958 5228; x_wconf 88' lang='lat' dir='ltr'>ad</span> <span class='ocrx_word' id='word_1_743' title='bbox 972 5186 1075 5226; x_wconf 90' lang='lat' dir='ltr'>annum</span> <span class='ocrx_word' id='word_1_744' title='bbox 1091 5169 1153 5238; x_wconf 74' lang='lat'>622,</span> <span class='ocrx_word' id='word_1_745' title='bbox 1169 5187 1246 5227; x_wconf 91' lang='lat' dir='ltr'>uum.</span> <span class='ocrx_word' id='word_1_746' title='bbox 1263 5170 1308 5228; x_wconf 87' lang='lat' dir='ltr'>st.</span> 
     </span>
     <span class='ocr_line' id='line_1_60' title="bbox 70 5240 1723 5319; baseline -0.002 -15"><span class='ocrx_word' id='word_1_747' title='bbox 70 5248 166 5311; x_wconf 82' lang='lat' dir='ltr'>mcai;</span> <span class='ocrx_word' id='word_1_748' title='bbox 180 5248 227 5304; x_wconf 90' lang='lat' dir='ltr'>ubr</span> <span class='ocrx_word' id='word_1_749' title='bbox 242 5257 269 5304; x_wconf 90' lang='lat' dir='ltr'>et</span> <span class='ocrx_word' id='word_1_750' title='bbox 282 5264 381 5319; x_wconf 91' lang='lat' dir='ltr'>corpus</span> <span class='ocrx_word' id='word_1_751' title='bbox 394 5245 538 5302; x_wconf 87' lang='lat' dir='ltr'>inventum</span> <span class='ocrx_word' id='word_1_752' title='bbox 562 5250 603 5300; x_wconf 91' lang='lat' dir='ltr'>est</span> <span class='ocrx_word' id='word_1_753' title='bbox 625 5241 659 5298; x_wconf 91' lang='lat' dir='ltr'>ab</span> <span class='ocrx_word' id='word_1_754' title='bbox 681 5240 869 5299; x_wconf 89' lang='lat' dir='ltr'>illustrissimo</span> <span class='ocrx_word' id='word_1_755' title='bbox 959 5241 969 5278; x_wconf 79' lang='lat'><em>¹</em></span> <span class='ocrx_word' id='word_1_756' title='bbox 983 5241 1072 5297; x_wconf 83' lang='lat' dir='ltr'>Fredc</span> <span class='ocrx_word' id='word_1_757' title='bbox 1087 5259 1097 5306; x_wconf 90' lang='lat'>,·</span> <span class='ocrx_word' id='word_1_758' title='bbox 1111 5248 1143 5297; x_wconf 92' lang='lat' dir='ltr'>ut</span> <span class='ocrx_word' id='word_1_759' title='bbox 1160 5241 1257 5316; x_wconf 89' lang='lat' dir='ltr'>probat</span> <span class='ocrx_word' id='word_1_760' title='bbox 1269 5240 1399 5316; x_wconf 91' lang='lat' dir='ltr'>Cangius,</span> <span class='ocrx_word' id='word_1_761' title='bbox 1415 5250 1456 5301; x_wconf 88' lang='lat' dir='ltr'>est</span> <span class='ocrx_word' id='word_1_762' title='bbox 1470 5249 1661 5301; x_wconf 91' lang='lat' dir='ltr'>ornamentum</span> <span class='ocrx_word' id='word_1_763' title='bbox 1677 5243 1723 5301; x_wconf 88' lang='lat' dir='ltr'>vel</span> 
     </span>
     <span class='ocr_line' id='line_1_61' title="bbox 71 5310 1723 5392; baseline -0.002 -16"><span class='ocrx_word' id='word_1_764' title='bbox 71 5319 218 5392; x_wconf 86' lang='lat' dir='ltr'>Siguierio‚</span> <span class='ocrx_word' id='word_1_765' title='bbox 233 5319 262 5375; x_wconf 92' lang='lat' dir='ltr'>in</span> <span class='ocrx_word' id='word_1_766' title='bbox 276 5318 435 5374; x_wconf 85' lang='lat' dir='ltr'>visitatione</span> <span class='ocrx_word' id='word_1_767' title='bbox 448 5316 547 5387; x_wconf 88' lang='lat' dir='ltr'>saepius</span> <span class='ocrx_word' id='word_1_768' title='bbox 558 5318 708 5370; x_wconf 87' lang='lat' dir='ltr'>memorata</span> <span class='ocrx_word' id='word_1_769' title='bbox 720 5312 786 5368; x_wconf 90' lang='lat' dir='ltr'>anni</span> <span class='ocrx_word' id='word_1_770' title='bbox 801 5312 870 5370; x_wconf 78' lang='grc'><strong>1636</strong></span> <span class='ocrx_word' id='word_1_771' title='bbox 924 5312 1037 5369; x_wconf 86' lang='lat' dir='ltr'>umbrae</span> <span class='ocrx_word' id='word_1_772' title='bbox 1071 5328 1128 5380; x_wconf 91' lang='lat' dir='ltr'>um,</span> <span class='ocrx_word' id='word_1_773' title='bbox 1143 5310 1217 5386; x_wconf 90' lang='lat' dir='ltr'>quod</span> <span class='ocrx_word' id='word_1_774' title='bbox 1231 5329 1280 5386; x_wconf 91' lang='lat' dir='ltr'>per</span> <span class='ocrx_word' id='word_1_775' title='bbox 1293 5313 1406 5371; x_wconf 87' lang='lat' dir='ltr'>modum</span> <span class='ocrx_word' id='word_1_776' title='bbox 1421 5314 1545 5372; x_wconf 78' lang='lat' dir='ltr'>edicula</span> <span class='ocrx_word' id='word_1_777' title='bbox 1566 5313 1675 5373; x_wconf 89' lang='lat' dir='ltr'>feretris</span> <span class='ocrx_word' id='word_1_778' title='bbox 1694 5320 1723 5373; x_wconf 78' lang='lat' dir='ltr'>et</span> 
     </span>
     <span class='ocr_line' id='line_1_62' title="bbox 72 5382 1583 5468; baseline -0.005 -20"><span class='ocrx_word' id='word_1_779' title='bbox 72 5390 191 5448; x_wconf 89' lang='lat' dir='ltr'>omissus</span> <span class='ocrx_word' id='word_1_780' title='bbox 207 5398 257 5458; x_wconf 89' lang='lat' dir='ltr'>est,</span> <span class='ocrx_word' id='word_1_781' title='bbox 273 5390 396 5462; x_wconf 89' lang='lat' dir='ltr'>inquam,</span> <span class='ocrx_word' id='word_1_782' title='bbox 412 5385 524 5462; x_wconf 86' lang='lat' dir='ltr'>quiade</span> <span class='ocrx_word' id='word_1_783' title='bbox 540 5387 627 5453; x_wconf 89' lang='lat' dir='ltr'>cultu,</span> <span class='ocrx_word' id='word_1_784' title='bbox 644 5393 675 5440; x_wconf 91' lang='lat' dir='ltr'>nt</span> <span class='ocrx_word' id='word_1_785' title='bbox 690 5385 798 5456; x_wconf 90' lang='lat' dir='ltr'>opinor,</span> <span class='ocrx_word' id='word_1_786' title='bbox 814 5400 870 5441; x_wconf 91' lang='lat' dir='ltr'>nou</span> <span class='ocrx_word' id='word_1_787' title='bbox 924 5385 1040 5465; x_wconf 82' lang='lat' dir='ltr'>capsiss</span> <span class='ocrx_word' id='word_1_788' title='bbox 1057 5392 1186 5464; x_wconf 83' lang='lat' dir='ltr'>notorum</span> <span class='ocrx_word' id='word_1_789' title='bbox 1199 5382 1388 5464; x_wconf 79' lang='lat' dir='ltr'>superimponi</span> <span class='ocrx_word' id='word_1_790' title='bbox 1402 5386 1557 5443; x_wconf 89' lang='lat' dir='ltr'>consucvit.</span> <span class='ocrx_word' id='word_1_791' title='bbox 1576 5455 1583 5468; x_wconf 27' lang='grc' dir='ltr'><strong><em>ι</em></strong></span> 
     </span>
     <span class='ocr_line' id='line_1_63' title="bbox 71 5454 1723 5529; baseline -0.002 -11"><span class='ocrx_word' id='word_1_792' title='bbox 71 5462 139 5518; x_wconf 91' lang='lat' dir='ltr'>satis</span> <span class='ocrx_word' id='word_1_793' title='bbox 152 5460 304 5519; x_wconf 87' lang='lat' dir='ltr'>constabat.</span> <span class='ocrx_word' id='word_1_794' title='bbox 961 5465 974 5500; x_wconf 71' lang='grc' dir='ltr'>ι</span> <span class='ocrx_word' id='word_1_795' title='bbox 988 5454 1059 5512; x_wconf 83' lang='lat' dir='ltr'>Vade</span> <span class='ocrx_word' id='word_1_796' title='bbox 1072 5460 1261 5510; x_wconf 77' lang='lat' dir='ltr'>testimoninm</span> <span class='ocrx_word' id='word_1_797' title='bbox 1276 5470 1428 5512; x_wconf 90' lang='lat' dir='ltr'>consonum</span> <span class='ocrx_word' id='word_1_798' title='bbox 1443 5457 1471 5513; x_wconf 88' lang='lat' dir='ltr'>S.</span> <span class='ocrx_word' id='word_1_799' title='bbox 1484 5456 1585 5514; x_wconf 87' lang='lat' dir='ltr'>Nicetis</span> <span class='ocrx_word' id='word_1_800' title='bbox 1599 5472 1643 5529; x_wconf 89' lang='lat' dir='ltr'>ep.</span> <span class='ocrx_word' id='word_1_801' title='bbox 1658 5457 1723 5515; x_wconf 86' lang='lat' dir='ltr'>&#39;fre-</span> 
     </span>
    </p>

    <p class='ocr_par' dir='ltr' id='par_1_14' title="bbox 72 5524 1724 5674">
     <span class='ocr_line' id='line_1_64' title="bbox 109 5524 1724 5598; baseline -0.001 -9"><span class='ocrx_word' id='word_1_802' title='bbox 109 5534 119 5559; x_wconf 84' lang='lat'>&#39;</span> <span class='ocrx_word' id='word_1_803' title='bbox 137 5531 293 5590; x_wconf 89' lang='lat' dir='ltr'>Clolbarins</span> <span class='ocrx_word' id='word_1_804' title='bbox 313 5531 324 5587; x_wconf 97' lang='lat' dir='ltr'>l</span> <span class='ocrx_word' id='word_1_805' title='bbox 343 5530 439 5586; x_wconf 80' lang='lat' dir='ltr'>Gallia</span> <span class='ocrx_word' id='word_1_806' title='bbox 462 5526 572 5583; x_wconf 90' lang='lat' dir='ltr'>tandem</span> <span class='ocrx_word' id='word_1_807' title='bbox 598 5524 756 5594; x_wconf 88' lang='lat' dir='ltr'>monarcha,</span> <span class='ocrx_word' id='word_1_808' title='bbox 779 5526 871 5598; x_wconf 91' lang='lat' dir='ltr'>plures</span> <span class='ocrx_word' id='word_1_809' title='bbox 925 5525 1042 5583; x_wconf 90' lang='lat' dir='ltr'>virensis</span> <span class='ocrx_word' id='word_1_810' title='bbox 1055 5540 1137 5598; x_wconf 90' lang='lat' dir='ltr'>supra</span> <span class='ocrx_word' id='word_1_811' title='bbox 1152 5524 1325 5597; x_wconf 90' lang='lat' dir='ltr'>productum,</span> <span class='ocrx_word' id='word_1_812' title='bbox 1339 5525 1369 5581; x_wconf 93' lang='lat' dir='ltr'>in</span> <span class='ocrx_word' id='word_1_813' title='bbox 1383 5525 1588 5585; x_wconf 89' lang='lat' dir='ltr'>Commentario</span> <span class='ocrx_word' id='word_1_814' title='bbox 1605 5527 1639 5587; x_wconf 90' lang='lat' dir='ltr'>ad</span> <span class='ocrx_word' id='word_1_815' title='bbox 1654 5528 1724 5587; x_wconf 90' lang='lat' dir='ltr'>Acta</span> 
     </span>
     <span class='ocr_line' id='line_1_65' title="bbox 72 5595 1567 5674; baseline -0.003 -14"><span class='ocrx_word' id='word_1_816' title='bbox 72 5603 171 5660; x_wconf 91' lang='lat' dir='ltr'>habuit</span> <span class='ocrx_word' id='word_1_817' title='bbox 197 5620 296 5660; x_wconf 86' lang='lat' dir='ltr'>uxores</span> <span class='ocrx_word' id='word_1_818' title='bbox 324 5611 385 5674; x_wconf 91' lang='lat' dir='ltr'>post</span> <span class='ocrx_word' id='word_1_819' title='bbox 412 5599 575 5671; x_wconf 83' lang='lat' dir='ltr'>fugandam,</span> <span class='ocrx_word' id='word_1_820' title='bbox 603 5597 650 5670; x_wconf 90' lang='lat' dir='ltr'>qni</span> <span class='ocrx_word' id='word_1_821' title='bbox 679 5597 768 5670; x_wconf 91' lang='lat' dir='ltr'>prima</span> <span class='ocrx_word' id='word_1_822' title='bbox 794 5596 869 5655; x_wconf 87' lang='lat' dir='ltr'>fuit:</span> <span class='ocrx_word' id='word_1_823' title='bbox 925 5597 953 5654; x_wconf 86' lang='lat' dir='ltr'>S.</span> <span class='ocrx_word' id='word_1_824' title='bbox 970 5597 1039 5670; x_wconf 91' lang='lat' dir='ltr'>Lupi</span> <span class='ocrx_word' id='word_1_825' title='bbox 1055 5612 1097 5669; x_wconf 90' lang='lat' dir='ltr'>ep.</span> <span class='ocrx_word' id='word_1_826' title='bbox 1114 5595 1254 5653; x_wconf 86' lang='lat' dir='ltr'>Trecensis</span> <span class='ocrx_word' id='word_1_827' title='bbox 1270 5595 1284 5669; x_wconf 58' lang='grc' dir='ltr'>ὅ</span> <span class='ocrx_word' id='word_1_828' title='bbox 1301 5598 1325 5666; x_wconf 94' lang='lat' dir='ltr'>l,</span> <span class='ocrx_word' id='word_1_829' title='bbox 1342 5613 1419 5655; x_wconf 93' lang='lat' dir='ltr'>num.</span> <span class='ocrx_word' id='word_1_830' title='bbox 1432 5599 1460 5670; x_wconf 83' lang='lat'>3,</span> <span class='ocrx_word' id='word_1_831' title='bbox 1478 5616 1505 5673; x_wconf 91' lang='lat' dir='ltr'>p.</span> <span class='ocrx_word' id='word_1_832' title='bbox 1520 5599 1567 5656; x_wconf 85' lang='lat' dir='ltr'>tlt.</span> 
     </span>
    </p>
   </div>
   <div class='ocr_carea' id='block_1_8' title="bbox 219 5688 1549 5751">
    <p class='ocr_par' dir='ltr' id='par_1_15' title="bbox 219 5688 1549 5751">
     <span class='ocr_line' id='line_1_66' title="bbox 219 5688 1549 5751; baseline -0.004 0"><span class='ocrx_word' id='word_1_833' title='bbox 219 5696 340 5751; x_wconf 80' lang='lat' dir='ltr'>Parnon.</span> <span class='ocrx_word' id='word_1_834' title='bbox 359 5690 484 5751; x_wconf 83' lang='lat' dir='ltr'>CXXIV.</span> <span class='ocrx_word' id='word_1_835' title='bbox 1514 5688 1549 5746; x_wconf 79' lang='grc'>39</span> 
     </span>
    </p>
   </div>
   <div class='ocr_carea' id='block_1_9' title="bbox 0 0 1922 6132">
    <p class='ocr_par' dir='ltr' id='par_1_16' title="bbox 0 0 1922 6132">
     <span class='ocr_line' id='line_1_67' title="bbox 0 0 1922 6132; baseline 0 0"><span class='ocrx_word' id='word_1_836' title='bbox 0 0 1922 6132; x_wconf 95' lang='lat' dir='ltr'> </span> 
     </span>
    </p>
   </div>
  </div>
 </body>
</html>
