3834 6136
84 218 140 278 tut

614 217 932 280 uanuluutoutun.
952 249 988 266 ·-
1007 221 1111 281 MENS.
1132 225 1215 281 allo.

1688 228 1742 292 338

87 344 141 402 huc
156 341 249 417 pueri,
264 341 366 399 litteris
381 341 582 415 imbuerentur,
596 345 725 418 projectis
739 346 769 403 ln
783 348 877 405 schola
890 348 1003 418 tabulis,
1017 359 1114 421 sponte
1129 351 1163 407 ed
1178 350 1343 424 martyrium
1363 360 1577 425 concurrerunt.
1594 355 1630 413 Et
1645 372 1742 417 moxi
1816 370 1818 376 ·

86 434 211 492 liaciano
225 433 314 489 teneri
328 431 409 504 jussi,
423 451 486 490 cum
496 451 525 491 se
535 436 640 494 mutuis
653 436 895 496 exhortationibus
906 439 1128 497 constantissime
1138 440 1314 512 roborarent,
1326 450 1405 501 extra
1414 443 1555 502 civitatem
1567 444 1703 518 producti,
1714 454 1743 509 et

87 521 294 583 acarnilicibus
306 523 427 596 jugulati
442 533 518 585 suut.

859 637 976 696 NOTAE.

119 731 184 788 Puri
204 731 389 787 suntProlen.
401 730 538 789 Heriuien.
553 732 802 807 Animam-Mitior,
819 739 890 794 llos-
906 743 931 801 Α
946 754 993 792 cen
1003 746 1030 795 et
1049 738 1150 797 Molliti.
1162 738 1268 810 Quibus
1278 739 1412 800 accedunt
1421 739 1641 816 Caluam-blaa.
1654 752 1682 803 st
1694 744 1746 802 Lo.

87 809 159 877 meat.
171 803 305 876 Aiitueip.
319 809 346 859 el
359 803 545 863 Mam-luber.
561 808 696 867 Munerat.
717 810 803 864 Belin.
819 810 890 865 Gre-

945 811 1050 867 venien.

701 917 903 976 tautanius
923 919 1129 978 LECTIONES.

119 1013 240 1070 blasima
255 1012 284 1067 in
299 1011 438 1083 principio
450 1011 609 1080 difficultas,
623 1013 702 1086 cnjus
716 1033 797 1072 causa
810 1018 883 1073 codi-

86 1102 127 1142 ces
139 1086 248 1159 aliquot
258 1083 371 1139 ierinea
384 1084 461 1156 puris
472 1084 582 1140 excludi
594 1084 734 1144 deberent.
746 1090 785 1144 De
796 1090 882 1158 ligasti,

86 1159 126 1213 iel
136 1157 208 1212 Sitti
219 1171 273 1212 noii
287 1155 391 1221 laboro,
402 1155 500 1228 praeler
509 1156 582 1229 quod
593 1159 714 1214 volueris
724 1178 729 1225 ;
741 1162 883 1233 antiquior

85 1227 221 1285 scribendi
235 1227 307 1283 ratio
325 1227 352 1283 in
367 1235 445 1283 textu
457 1237 563 1283 servata
580 1239 630 1285 est.
648 1232 773 1303 Episcopi
789 1235 882 1304 legunt

102 1301 208 1356 nriores
222 1316 319 1355 omnes
333 1317 395 1356 cuin
409 1298 515 1366 Adone,
532 1301 639 1356 tametsi
654 1302 683 1358 iii
701 1304 779 1361 lioin.
797 1321 881 1376 parvo

84 1317 216 1428 iubeatur
228 1388 315 1443 popae.
333 1371 384 1427 Hic
395 1369 452 1442 jain
469 1371 553 1427 haeret
567 1389 646 1445 aqua.
661 1375 806 1446 llosweyd.
824 1376 881 1432 im-

84 1444 180 1516 primis
188 1442 230 1499 sic
241 1441 409 1514 principium
420 1442 571 1510 tornatus
581 1452 642 1516 post
651 1448 777 1518 martyris
786 1447 878 1516 addat,

84 1515 129 1586 qui
142 1516 209 1570 sedit
222 1514 300 1571 annis
314 1515 432 1568 duobus:
455 1521 479 1568 el
498 1522 650 1570 satiatorum
666 1518 832 1585 Felicissimi,
858 1527 881 1575 el

85 1587 213 1658 Aqopidi,
228 1594 291 1654 etc,
301 1585 556 1654 omissociemeterio
567 1589 731 1645 Proiectus.
744 1591 878 1674 Antiierp.

86 1669 178 1717 autem
194 1666 221 1713 et
232 1658 416 1715 Nax.·Lubec.
427 1658 467 1714 sic
477 1659 602 1715 scribunt
614 1679 619 1715 :
637 1662 726 1717 Roma
736 1662 778 1717 oia
789 1665 879 1734 Appia

85 1731 113 1784 in
134 1730 276 1784 caracterio
293 1730 404 1797 Colirti,
425 1731 509 1785 suncti
522 1730 593 1786 steti
607 1749 683 1803 puple
701 1739 725 1787 el
738 1735 877 1803 martyris.

939 1027 1010 1089 siant,
1026 1020 1066 1076 sic
1081 1020 1185 1103 pergit:
1203 1022 1240 1078 lt't
1252 1038 1310 1077 cum
1325 1039 1354 1078 eo
1364 1024 1443 1078 etiom
1456 1027 1584 1094 quotuor,
1607 1031 1672 1092 etc„
1692 1023 1747 1081 uhi

937 1106 992 1146 iioii
1008 1100 1115 1164 repetit,
1132 1093 1257 1149 decollati
1269 1102 1339 1150 sarit.
1357 1095 1496 1151 llerinicn.
1515 1096 1663 1168 Rosweyd,
1678 1095 1738 1152 hiu-

937 1173 1023 1221 uerat.
1041 1171 1068 1219 et
1081 1164 1199 1220 Creven.
1215 1165 1324 1236 legunt:
1346 1168 1447 1222 Passus
1461 1174 1498 1221 est
1512 1184 1570 1222 cum
1584 1167 1620 1222 eis
1634 1174 1659 1223 et
1682 1168 1740 1225 bec·

938 1240 989 1300 tas,
1005 1244 1056 1291 etc.
1073 1235 1125 1290 Sed
1141 1237 1200 1292 illic
1217 1237 1351 1308 particula
1366 1244 1389 1292 el
1403 1238 1557 1294 redundare
1572 1238 1692 1294 videtur.
1707 1239 1739 1296 lu

936 1306 1083 1378 Rosweyd,
1099 1307 1175 1363 deest
1184 1309 1288 1363 ciuitate
1303 1309 1452 1380 Complato.
1469 1310 1538 1366 Male
1553 1311 1665 1380 scripsit
1678 1309 1738 1368 hiu-

935 1386 1024 1433 nerat.
1051 1378 1200 1448 Compsano,
1223 1379 1325 1436 addens
1350 1390 1410 1454 post
1430 1381 1559 1452 fratrum,
1587 1381 1700 1438 titulum
1716 1387 1742 1438 et

936 1456 1095 1519 inartpram.
1111 1451 1158 1522 qui
1177 1467 1227 1507 ricc
1242 1451 1270 1506 in
1286 1460 1365 1508 textu
1382 1453 1547 1517 Usuardino,
1563 1452 1653 1509 necin
1664 1452 1738 1509 Ado·

936 1520 1018 1577 niano
1032 1521 1136 1592 positus
1150 1530 1199 1578 ost.
1223 1522 1329 1579 Nomen
1343 1524 1415 1578 lasti
1430 1525 1458 1579 iii
1480 1522 1737 1595 hntuerp.·hiajore

935 1607 989 1647 non
1007 1601 1077 1649 recte
1094 1609 1254 1664 expressum
1270 1603 1320 1650 est.
1344 1595 1420 1651 ldeni
1435 1613 1499 1652 cum
1515 1593 1662 1666 llosweyd.
1680 1594 1737 1651 ha-

935 1663 990 1729 bet,
1017 1664 1063 1734 qui
1085 1681 1143 1719 crim
1157 1667 1244 1720 adbitc
1265 1667 1414 1736 puerilibus
1438 1668 1532 1722 litteris
1547 1668 1738 1723 imbuerentur.

934 1734 1029 1791 Plures
1042 1737 1135 1807 legunt
1149 1738 1247 1800 sclicla,
1262 1737 1347 1809 aliqui
1364 1739 1584 1807 exortationibus,
1607 1737 1738 1795 nonnulli

84 1801 133 1858 Ubi
148 1800 205 1856 duo
228 1801 277 1856 alii
292 1802 514 1872 antuerp-Maii.
534 1811 561 1858 et
582 1803 731 1860 Lovanien.
759 1812 877 1876 ponunt,
932 1807 1062 1877 perdimti,
1078 1808 1126 1863 sed
1141 1807 1199 1864 hac
1213 1809 1307 1863 omnia
1320 1809 1417 1865 melius
1433 1827 1467 1865 cx
1483 1819 1573 1865 mente
1586 1808 1693 1865 Adonis
1704 1810 1750 1866 iu-

83 1873 148 1929 benti
162 1873 237 1929 sisti
250 1874 356 1928 secundi
369 1891 454 1944 papie,
480 1882 531 1929 etc.
550 1875 652 1930 Toxius
667 1884 760 1931 noster
784 1878 880 1948 purior

83 1952 129 2013 est,
139 1944 208 2016 ipsis
218 1945 325 2001 Adonis
340 1945 432 2000 verbis
449 1954 607 2018 conceptus.
621 1946 651 2003 In
668 1949 792 2004 hinnerat
804 1949 880 2006 deest

82 2016 216 2091 particula
230 2022 266 2086 et,
283 2024 356 2086 ante,
380 2016 408 2072 iii
422 2018 574 2073 samsucio.
595 2019 649 2087 Qui
663 2026 735 2092 post,
757 2021 880 2077 decollati

935 1885 1028 1934 nostro
1044 1874 1177 1935 laterculo
1192 1881 1398 1951 exprimuntur,
1414 1881 1473 1954 qni,
1491 1887 1523 1938 iit
1533 1881 1591 1956 jam
1601 1880 1738 1952 diximus,

935 1949 1040 2007 Adonis
1055 1949 1148 2007 verbis
1162 1950 1338 2025 potissimum
1352 1959 1470 2010 constat.

756 2134 1062 2194 OBSERVATIONES.

115 2233 181 2288 Tam
196 2231 316 2287 illustris
331 2237 374 2286 cst
388 2229 460 2286 Sicti
469 2246 545 2303 papae
560 2238 587 2286 et
598 2231 729 2309 martyris
740 2234 883 2301 meritoria,
898 2235 921 2296 Β
940 2234 1003 2300 erit,
1018 2251 1080 2361 Huic
1096 2234 1161 2290 licet
1174 2235 1207 2291 ab
1228 2234 1345 2291 eruditis
1359 2235 1550 2307 repudientur,
1572 2236 1744 2299 indubitatis

82 2304 174 2361 utrix
189 2302 430 2360 alteriusliomani
452 2303 592 2374 pontificis
606 2303 736 2430 sinubus
759 2305 883 2377 antiquis
939 2307 1015 2360 aliun

625 2375 714 2430 arium
728 2375 883 2432 Bucheriu-

83 2376 269 2433 monumentis
283 2382 442 2432 consecrata
454 2375 500 2431 sit.
518 2376 604 2430 Kalen

1037 2322 1051 2361 e
1066 2306 1254 2362 monumentis
1264 2307 1336 2378 apud
1352 2307 1501 2363 baronium
1517 2315 1545 2363 et
1555 2309 1624 2365 alios
1635 2310 1738 2381 citatis,

938 2377 1018 2433 facile
1033 2377 1155 2450 suppleri
1170 2386 1294 2451 possunt.
1309 2378 1440 2452 Elogium
1456 2379 1648 2437 Wandalherti
1666 2381 1740 2439 inira

81 2465 145 2504 nuni
170 2447 209 2504 ita
225 2447 280 2504 hoc
302 2447 347 2503 die
362 2446 463 2503 diserte
484 2454 581 2502 notat:
609 2447 679 2516 Sgeti
690 2448 720 2500 iii
734 2448 843 2502 Callisti
858 2455 883 2504 et
936 2448 1075 2504 dabimus.

80 2521 246 2589 Praetextati,
270 2519 381 2591 Aqupiti
406 2524 430 2574 et
445 2518 608 2574 Felicissimi.
636 2519 667 2574 ln
691 2519 880 2576 Frontoniano

81 2593 191 2667 ponitur
205 2610 224 2649 ii
241 2591 376 2674 Augusti:
406 2591 544 2647 Natales.
573 2590 654 2656 Sinti,
676 2591 831 2645 Felicissimi
857 2597 881 2646 et

80 2664 197 2737 Aqupiti.
216 2662 449 2720 Allatianuuihoc
458 2662 502 2717 die
514 2662 780 2718 Felicissiminomen
792 2670 881 2719 mutat

80 2737 108 2792 in
130 2737 237 2793 Felicis.
255 2733 387 2791 Hisaddc
413 2735 631 2791 sacramentaria
657 2751 672 2789 a
699 2734 829 2790 Menardo
853 2741 880 2790 et

80 2808 227 2865 Thomasio
242 2808 326 2873 edita,
339 2807 466 2881 quamvis
481 2806 509 2862 in
524 2807 607 2863 sociis
622 2822 677 2861 non
699 2807 877 2863 conveniant.

78 2880 131 2939 Nec
148 2896 216 2937 vero
232 2880 261 2936 iii
276 2878 488 2951 Martyrologiis,
513 2880 663 2950 prasertim
679 2877 880 2948 Hieronymia-

78 2954 129 3025 nis,
146 2952 224 3009 circa
237 2952 336 3017 socios,
350 2966 397 3007 seu
407 2966 571 3021 anonymos,
589 2966 637 3005 seu
652 2949 817 3004 nominatim
833 2966 880 3006 ex·

15 3036 18 3042 ’
77 3041 199 3097 pressos,
209 3022 357 3079 uniformis
370 3031 410 3077 est
425 3023 572 3089 sententia,
587 3021 620 3077 de
636 3037 689 3093 qna
712 3028 879 3077 controver-

77 3097 119 3152 sia
128 3095 261 3168 pluribus
272 3094 377 3150 disserit
387 3094 583 3150 Florentinius,
599 3095 752 3149 Romanuin
764 3109 878 3165 parrum

76 3168 117 3224 sic
132 3166 231 3238 paucis
245 3174 349 3222 textum
364 3182 445 3221 suum
457 3164 576 3221 absolvit
588 3184 593 3221 :
607 3167 696 3222 Rornae
711 3164 754 3219 oio
777 3166 800 3220 A
822 3165 877 3235 pio,

77 3240 147 3296 Xisti
160 3240 248 3320 Papae
258 3244 283 3292 el
303 3239 441 3311 martyris.
455 3237 614 3294 Felicissimi
627 3243 651 3291 el
664 3236 773 3307 chpiti
806 3238 878 3292 ¹icco·

77 3328 173 3366 aorum
197 3328 225 3365 iii
240 3311 383 3366 comebrio
405 3308 651 3365 erciscundae
675 3308 827 3378 longiorem
843 3325 878 3364 ex

78 3383 152 3440 dctis
183 3382 341 3446 historiam,
364 3398 380 3437 a
406 3382 526 3438 Notliero
550 3397 585 3436 ex
613 3387 688 3453 parte
711 3379 799 3436 deseri
822 3387 878 3435 tam

79 3456 176 3523 texuit,
192 3453 272 3525 cujus
290 3453 458 3526 principium
483 3461 510 3508 et
529 3451 611 3507 linem
627 3451 772 3524 ipsiusmet
814 3452 879 3506 ian-

79 3528 170 3583 nensis
185 3526 278 3583 verbis
293 3527 390 3581 Noster
407 3525 472 3581 satis
490 3527 612 3596 apposite
636 3522 792 3593 conjunxit.
818 3524 879 3579 Non

971 2521 1009 2576 De
1025 2521 1100 2576 laste
1114 2528 1141 2576 et
1156 2521 1267 2576 Pastore
1293 2519 1421 2576 meminit
1435 2520 1487 2578 hac
1511 2521 1557 2578 die
1572 2524 1671 2580 Florus
1687 2540 1736 2580 no·

935 2600 1000 2659 ster,
1032 2591 1081 2647 sed
1104 2589 1176 2663 apud
1198 2591 1369 2664 antiquiores
1383 2591 1454 2647 nihil
1474 2590 1509 2650 de
1528 2592 1596 2664 ipsis
1615 2595 1737 2665 reperio.

934 2663 1029 2736 Neque
1043 2664 1100 2718 ullo
1116 2663 1197 2718 modo
1211 2663 1363 2719 verisimile
1377 2670 1428 2729 est,
1445 2662 1631 2721 Viennensem
1641 2682 1690 2722 sua
1700 2682 1738 2724 ox

935 2734 988 2790 isto
1003 2736 1085 2791 Floro
1099 2734 1245 2806 accepisse,
1263 2751 1326 2789 narii
1338 2733 1402 2790 lieet
1418 2733 1446 2788 in
1462 2734 1500 2790 rei
1511 2735 1736 2794 substantiarum

935 2823 966 2862 eo
989 2807 1055 2862 satis
1079 2809 1238 2875 conveniat,
1261 2805 1353 2878 phrasi
1370 2813 1463 2860 tamen
1479 2805 1525 2862 hic
1543 2814 1571 2863 et
1591 2808 1658 2864 alibi
1678 2816 1736 2866 tam

934 2878 1043 2934 diversa
1062 2877 1160 2942 ulitur,
1181 2885 1210 2933 nl
1231 2879 1307 2934 nulla
1335 2892 1447 2949 prorsus
1471 2877 1601 2935 societate
1620 2878 1736 2952 coujun-

935 2961 1043 3021 ganlur.
1061 2948 1233 3006 Crediderim
1247 2949 1343 3006 ambos
1356 2965 1391 3004 ex
1401 2948 1500 3006 iisdem
1516 2949 1628 3023 quidem
1644 2951 1733 3022 Actis,

934 3038 994 3094 quae
1008 3020 1080 3095 apud
1095 3021 1207 3076 Surium
1223 3028 1342 3089 exstant,
1365 3028 1514 3094 utrumque
1530 3022 1643 3079 iratrem
1669 3023 1737 3080 haii-

934 3093 1011 3162 sisse,
1037 3093 1085 3148 sed
1100 3093 1211 3220 priiprio
1226 3094 1349 3166 singulos
1365 3100 1451 3148 marta
1474 3092 1596 3164 elogium
1623 3095 1736 3152 cousin·

934 3181 1021 3220 nasse.
1038 3165 1123 3220 Porro
1164 3164 1280 3220 suardus
1301 3163 1408 3220 Adonis
1424 3163 1515 3220 veihis
1530 3164 1577 3221 hic
1591 3165 1674 3221 etiam
1698 3167 1739 3224 ita

934 3236 1051 3304 insistit,
1081 3242 1112 3290 ut
1138 3235 1232 3291 omnia
1251 3234 1285 3291 ad
1304 3237 1409 3308 apicem
1428 3251 1463 3291 ex
1482 3253 1514 3292 eo
1541 3236 1735 3309 desumpserit,

933 3309 1035 3363 omisso
1050 3307 1186 3364 duntaxat
1201 3307 1335 3380 passionis
1353 3309 1423 3374 loco,
1440 3308 1469 3361 in
1482 3324 1574 3378 compo
1592 3308 1736 3377 laudabili,

933 3387 960 3434 et
975 3379 1051 3434 brevi
1068 3378 1181 3450 periodo
1202 3381 1319 3435 ultima:
1355 3379 1402 3434 litii
1416 3379 1495 3432 etiam
1515 3379 1543 3434 in
1567 3378 1677 3435 basilico
1694 3380 1736 3437 sui

933 3451 1047 3505 mominis
1061 3450 1206 3520 quiescant.
1222 3449 1361 3506 Nonnulla
1389 3448 1421 3505 de
1441 3449 1485 3505 his
1505 3450 1607 3507 sanctis
1626 3451 1734 3508 nomvit

933 3521 1078 3587 Baronius,
1112 3537 1172 3594 qum
1200 3522 1285 3578 ferme
1317 3537 1333 3579 a
1363 3521 1541 3579 Tillemontio
1570 3529 1733 3594 repetuntur

80 3600 196 3655 multum
211 3597 359 3664 abludunt,
376 3614 436 3668 quac
451 3596 498 3653 hic
512 3596 584 3651 [teda
599 3611 662 3650 cuni
680 3596 737 3650 suis
752 3611 879 3651 comme·
895 3603 916 3663 C
933 3603 1008 3649 tomo
1025 3593 1059 3660 tl,
1073 3609 1133 3664 pag.
1152 3594 1196 3650 59.
1213 3593 1384 3666 Patetigitur
1398 3599 1604 3650 textumtotum
1619 3602 1646 3651 et
1660 3594 1738 3652 Ado·

80 3677 176 3736 morat,
192 3668 325 3725 deficiens
339 3669 369 3723 iii
381 3671 493 3736 Quarto,
505 3684 586 3739 quem
604 3685 619 3723 a
633 3674 728 3722 sancto
738 3666 878 3737 Cypriano

79 3741 184 3797 laudari
199 3741 301 3796 latetur
319 3741 402 3795 ctiam
423 3740 620 3808 Florentinius,
644 3756 702 3793 com
717 3745 812 3806 tanton,
829 3740 879 3794 ilt-

80 3813 151 3885 quit,
165 3813 272 3868 aliunde
286 3813 356 3883 quis,
372 3812 478 3882 quondo
491 3828 586 3883 possus
600 3812 644 3878 sit,
660 3811 807 3880 ignoretur.
822 3811 878 3866 llu-

79 3884 164 3940 hilari
189 3892 276 3956 potest
300 3900 335 3939 an
364 3883 459 3939 eodem
479 3900 541 3939 cum
566 3884 645 3938 Sixto
664 3881 709 3937 die
727 3881 877 3953 gloriosum

79 3971 195 4028 agonem
209 3956 409 4028 compleverint
424 3953 560 4010 nominati
575 3962 694 4027 quatuor
703 3953 876 4021 sulidiaconi;

79 4028 136 4083 imo
151 4037 179 4083 et
194 4026 228 4084 de
243 4027 368 4084 diaconis
391 4025 464 4083 idem
485 4026 606 4092 videtur,
625 4034 655 4080 ut
679 4024 805 4095 pluribus
827 4040 877 4080 suo

79 4107 200 4172 tempore
218 4099 450 4155 examinabimus.
481 4098 579 4155 Censet
599 4097 710 4152 interim
739 4096 878 4153 Castellu-

78 4186 128 4228 uus
147 4172 176 4227 in
201 4174 298 4227 notula
314 4170 510 4242 Martyrologio
531 4186 582 4225 suo
595 4169 702 4225 Gallico
726 4167 878 4224 universali

80 4243 205 4316 ascripta,
236 4244 326 4299 solum
357 4245 488 4310 Quartam
520 4258 583 4297 cum
602 4240 682 4296 Sixto
711 4240 876 4312 martyrium

80 4316 204 4380 subiisse,
218 4331 254 4370 ex
269 4314 356 4371 sancti
372 4313 504 4386 Cypriani
517 4313 641 4386 epistola.
659 4313 718 4368 Nou
742 4310 775 4367 ad
791 4312 876 4379 llecii,

933 3667 1047 3721 itionum
1063 3674 1090 3722 et
1106 3665 1290 3722 Usuardinum
1313 3681 1382 3734 csse,
1396 3665 1431 3720 ad
1448 3682 1529 3739 quom
1550 3682 1606 3721 nou
1628 3675 1734 3747 spectat

936 3739 1041 3808 Fraiisfi
1061 3737 1604 3806 strutioDomini,innonnnlliscodicihus
1615 3738 1733 3810 adjecta

932 3809 979 3865 scd
993 3810 1027 3865 ah
1042 3755 1166 3866 b'siiardo
1181 3825 1323 3881 uunquam
1340 3810 1446 3881 posita;
1470 3810 1544 3938 {uod
1559 3809 1613 3865 sibi
1638 3827 1732 3882 perpe·

933 3898 989 3937 ram
1014 3881 1127 3937 suadere
1148 3881 1238 3937 voluit
1256 3881 1397 3938 Grcienus
1419 3880 1453 3937 ad
1489 3881 1594 3949 ttulit,
1612 3888 1642 3938 ut
1658 3881 1733 3941 infru

933 3953 1034 4008 iterum
1050 3969 1084 4008 ex
1099 3951 1159 4023 ipso
1174 3953 1203 4008 iii
1218 3953 1357 4010 Auctariis
1371 3955 1423 4010 crit
1445 3951 1635 4026 repetendum.
1652 3952 1732 4011 Suffi-

931 4025 984 4080 ciat
999 4024 1125 4081 codicuin
1142 4033 1299 4081 nostrorum
1316 4025 1474 4082 auctoritas.
1493 4025 1574 4081 Solus
1591 4023 1730 4082 Wandal-

931 4096 1025 4153 hcrtus
1038 4096 1111 4152 inter
1125 4096 1264 4165 antiquos,
1280 4097 1313 4153 de
1330 4097 1576 4168 Frnmfiqurotione
1589 4097 1730 4168 meminit,

931 4184 1013 4240 quain
1028 4168 1066 4222 ita
1080 4167 1160 4222 Sixto
1174 4176 1200 4222 et
1215 4167 1297 4222 sociis
1312 4169 1445 4239 praefigit:

979 4273 1069 4322 idibus
1086 4274 1184 4322 octavis
1198 4284 1304 4322 uiortcm
1322 4287 1428 4334 passura
1446 4286 1601 4334 crucemque

977 4336 1073 4385 Christi
1086 4345 1173 4385 sancta
1185 4349 1253 4395 caro,
1270 4337 1408 4386 aetheream
1423 4333 1494 4383 dedit
1505 4344 1564 4381 antu
1577 4335 1695 4393 liguram.

80 4386 124 4442 sed
155 4387 295 4444 Valeriani
323 4395 446 4457 lemp0r³
474 4393 596 4458 speciale
614 4385 724 4440 sixtum
751 4390 778 4438 θῑ
795 4382 874 4450 31508,
978 4400 1077 4449 Prassul
1089 4409 1115 4448 et
1133 4400 1173 4448 his
1192 4400 1279 4448 §istas
1293 4399 1383 4449 Roiuae
1398 4405 1545 4459 martyrque
1561 4393 1695 4456 colendus,

79 4457 201 4516 dicemus
221 4474 242 4514 x
261 4458 389 4531 Augusti,
406 4458 455 4514 tibi
474 4457 508 4514 de
527 4455 669 4512 Laurentii
688 4454 766 4511 Actis
784 4470 875 4511 sermo
977 4462 1056 4512 tuxia
1070 4471 1093 4510 er
1107 4462 1283 4512 Felieissimis
1301 4461 1482 4525 agapitusque
1494 4457 1661 4520 triumphant.

798 4571 990 4630 ituuunutit.

103 4677 265 4735 Tonaicmi.
291 4677 347 4733 inci
370 4678 409 4733 it:
445 4675 686 4747 «transfiguratio
707 4674 820 4730 Domini
841 4675 870 4731 in
925 4685 966 4733 est
992 4675 1111 4733 cumeis
1135 4684 1163 4732 et
1189 4675 1285 4732 heatus
1312 4675 1442 4744 Quarum,
1462 4681 1493 4732 ut
1511 4671 1609 4732 scribit
1627 4672 1725 4737 heatus

72 4758 160 4804 monte
181 4748 327 4804 Thebon·
350 4695 619 4805 ibeest'annuntiatio
636 4746 744 4803 ultima.
845 4817 850 4828 .
925 4747 1114 4820 Cyprianus.»
1136 4750 1175 4805 lle
1191 4748 1446 4821 Complutcnsibus,
1460 4747 1544 4804 nihil.

103 4821 268 4876 Pausanias:
306 4821 360 4876 «ln
390 4829 483 4876 monto
511 4821 630 4886 Thabor,
656 4818 871 4890 Transfiguratio
961 4821 1158 4877 banneriam:
1183 4821 1420 4893 «Transfiguratie
1434 4819 1546 4879 Domini
1562 4818 1725 4878 nostriiesu

71 4892 179 4948 Ilomini
191 4891 279 4947 nostri
289 4892 353 4948 lesu
364 4893 466 4949 Christi
483 4909 574 4948 coram
591 4890 681 4946 trihus
695 4890 863 4961 discipulis.»
925 4891 1028 4949 Christi
1042 4892 1071 4948 in
1088 4899 1180 4949 monte
1194 4892 1312 4949 Thabor.
1328 4895 1411 4950 Facta
1425 4893 1547 4951 creditur
1561 4893 1635 4950 circa
1649 4892 1725 4963 priu-

71 4963 165 5020 Deficit
176 4964 207 5020 iu
217 4964 341 5036 quinque
352 4964 459 5020 ultimis
470 4963 542 5020 Sixti
552 4962 645 5030 sociis,
658 4969 684 5018 et
696 4970 826 5034 praeterea
840 4962 870 5017 in
924 4964 1028 5036 cipium
1045 4966 1128 5034 veiis,
1147 4981 1201 5039 quo
1216 4980 1339 5037 tempore
1353 4965 1536 5039 Evangelium
1554 4963 1613 5036 ejus
1626 4963 1723 5019 recita·

72 5035 157 5143 elogio
173 5036 424 5107 Complntensinm.
925 5044 979 5092 tur.
996 5037 1084 5105 Quam
1099 5045 1154 5093 tres
1166 5036 1308 5118 discipuli,
1325 5038 1372 5109 qni
1387 5038 1430 5092 illi
1452 5035 1643 5102 interfuerant,
1660 5039 1723 5112 post

104 5107 287 5175 laruarum,
304 5108 439 5174 baunari,
453 5108 603 5164 dissecas
621 5112 648 5160 et
659 5107 756 5162 Dasio.
768 5104 867 5160 Textui
884 5106 908 5165 D
923 5109 1120 5164 ascensionem
1135 5108 1294 5165 Dominivii
1307 5109 1369 5164 Kal.
1382 5105 1500 5178 Augusti
1514 5106 1572 5161 suis
1582 5111 1721 5175 coaposto-

72 5187 165 5234 catera
182 5195 262 5251 puro,
282 5181 402 5235 secundo
418 5180 478 5235 loco
494 5180 677 5234 interserunt:
702 5178 790 5247 sltem
809 5177 867 5233 lto-
922 5180 955 5236 lis
979 5179 1166 5251 publicabant.
1190 5179 1286 5236 Postea
1307 5195 1371 5234 vero
1392 5178 1443 5234 liac
1457 5178 1502 5234 die
1517 5193 1567 5257 triti
1581 5175 1645 5231 ldus
1665 5177 1720 5232 Au·

72 5266 129 5317 mae,
145 5250 235 5307 sancti
245 5251 381 5307 Ormisdae
397 5267 481 5322 papae.
494 5251 550 5307 Sub
561 5249 644 5320 hujus
656 5256 778 5323 tempore
795 5248 865 5303 dna·
940 5251 993 5305 usti
1004 5267 1038 5305 cx
1046 5250 1156 5305 decreto
1171 5250 1256 5305 totius
1266 5249 1377 5306 concilii
1387 5247 1541 5321 apostolici,
1552 5261 1611 5318 ipsa
1620 5246 1719 5303 Trans·

72 5322 167 5378 stasius
184 5323 337 5395 imperator
352 5322 641 5392 haereticus,iulmina
656 5322 801 5392 percussus
818 5318 867 5375 in-
922 5270 1049 5393 iiguratio
1081 5320 1170 5392 palam
1190 5322 1273 5393 coepit
1308 5319 1461 5391 predicari.
1495 5319 1598 5386 Nomai,
1628 5319 1716 5400 sancti

72 5394 152 5450 teriit.
170 5419 179 5441 .
922 5392 1075 5450 Hormisde
1089 5407 1163 5462 papie
1178 5400 1205 5447 ct
1219 5391 1391 5448 confessoris.
1406 5416 1415 5440 ι
1429 5391 1460 5447 ln
1474 5388 1718 5463 complutensibus

103 5466 272 5524 ursinum:
310 5466 534 5539 ‹Tanshgiiratio
562 5467 686 5523 Domini
701 5465 787 5521 nostri
803 5467 868 5522 lesu
921 5465 987 5522 satis
1006 5480 1091 5537 purus
1104 5472 1155 5520 est.
1171 5464 1211 5519 De
1228 5463 1307 5519 Sixto
1322 5462 1377 5534 egit
1388 5460 1489 5589 pridie.

72 5536 170 5594 Christi
186 5538 216 5593 in
236 5547 329 5593 inoiite
344 5538 463 5608 Thabor,
479 5539 589 5611 quando
604 5536 774 5611 resplenduit
785 5536 868 5593 facies
957 5538 1157 5593 mosinius:
1186 5557 1195 5580 ‹
1211 5535 1241 5589 ln
1258 5541 1349 5589 monto
1364 5535 1385 5589 Τ
1407 5534 1483 5603 abor,
1502 5534 1719 5608 Transfiguratie

72 5607 125 5679 ejus
152 5617 180 5666 et
200 5610 368 5665 vestimenta
391 5609 451 5681 ejus
469 5612 539 5666 lacta
561 5618 626 5667 sunt
643 5610 705 5665 alba
719 5609 791 5666 sicut
805 5609 865 5664 iiix.
921 5607 1032 5666 Domini
1042 5606 1127 5663 nostri
1136 5604 1717 5679 iesuChristi,quandoassumpsitPetrum,

72 5679 171 5764 Romae,
189 5681 282 5764 passis
293 5681 380 5738 sancti
393 5682 463 5764 Sinti
475 5699 555 5811 pippis
570 5691 598 5739 ct
616 5681 747 5754 martyris
762 5689 789 5736 ct
803 5697 866 5762 oiim
920 5679 1051 5762 iacobum
1062 5675 1421 5759 etlohannem,etosteudit
1431 5677 1488 5761 illis
1501 5678 1716 5753 gloriam,quam

72 5767 100 5807 eo
116 5754 294 5822 Felicissimi,
322 5761 348 5810 et
371 5754 483 5827 agapiti
527 5770 704 5821 iaconoiuni;
731 5753 865 5821 ianuarii,
920 5751 1043 5809 habituri
1058 5758 1122 5809 sunt
1136 5757 1224 5806 sancti
1239 5757 1300 5822 post
1314 5757 1542 5809 resurrectionem
1550 5751 1715 5826 generalem,

71 5821 169 5900 tegni,
185 5824 340 5896 vincentii,
357 5824 489 5900 Stephani
507 5825 751 5886 subdiaconorum.
768 5824 867 5882 Passus
920 5823 968 5881 ubi
988 5823 1031 5881 illi
1057 5823 1140 5881 etiam
1158 5819 1307 5882 iuuerunt
1325 5823 1435 5885 Patrem
1463 5823 1495 5881 in
1512 5839 1597 5891 roco,
1611 5817 1724 5879 uitium
