3840 6136
155 216 209 278 trs

805 202 957 265 esurum
975 202 1137 262 HONACHI

1757 195 1813 257 48⁰

193 343 233 400 lle
248 342 354 401 Socrate
370 345 398 395 et
412 336 544 409 Stephane
557 341 644 408 aguut
653 332 737 401 Beda,
747 330 884 398 llabauus,
895 329 956 386 Ado
972 333 996 392 Α
1014 325 1233 386 Gordrrbeuseeab
1244 325 1417 400 eeprimum,
1430 323 1568 381 imeahee
1583 324 1641 380 selo
1656 323 1812 395 consignati

157 413 344 484 etNetlrerus,
370 408 469 466 iisdem
493 423 578 481 prope
600 405 746 472 terminis;
772 418 835 484 sues
859 403 957 458 Noster

158 487 239 559 plane
253 489 393 539 mutuatus
415 488 456 536 ast
473 495 509 535 ex
530 477 636 546 Adone,
653 478 682 532 iu
701 493 756 549 quo
782 491 872 548 primo
896 475 956 530 leco

157 562 307 630 ponuntur.
323 550 625 622 luterHierenymiana
646 564 693 605 eos
716 548 799 602 etiam
823 552 957 601 memorat

156 624 375 684 vetustissimum
390 640 421 680 ec
440 623 555 695 raphuru
571 623 785 693 Epternocense‚
803 616 957 673 lacentibus

155 699 241 754 ferme
268 697 392 769 reliquis.
418 640 557 761 brexima,
583 709 631 748 seu
660 691 781 748 secunda
809 690 838 744 in
859 689 956 744 Adone

156 768 332 825 annuntiatio
347 774 388 822 est
404 783 410 822 :
427 765 572 832 Nior'deno,
595 764 694 818 uemlis
713 768 865 817 coaeterum
878 777 957 814 ruer-

156 847 244 913 tyrum
272 838 417 906 Valeriani,
445 836 560 893 Macrini
584 842 607 890 et
633 834 783 898 Cordieei;
805 832 852 887 ubi
876 830 954 888 vides

155 910 361 967 nihilaNestro
371 916 505 965 mutatum
522 924 579 964 esse
595 907 952 977 praeterultimumnomeu.

155 982 259 1039 Eodem
274 981 357 1038 mede
372 983 524 1062 lequuntur
549 978 775 1050 Hieronymiana,
801 975 854 1030 nisi
879 974 954 1055 quod

174 1055 229 1110 lera
251 1070 283 1110 ue
302 1053 420 1124 Moerim
445 1059 472 1106 et
496 1051 630 1108 Gurdioei
645 1048 816 1120 scripserint.
834 1046 905 1114 Quid
920 1044 954 1126 de

155 1070 222 1180 hina
230 1071 285 1180 has
297 1124 382 1181 classe
393 1124 421 1178 iu
437 1122 551 1178 sinceris
562 1121 748 1176 monumentis
761 1118 956 1175 ecclesiastices

155 1196 284 1269 supersit,
299 1212 349 1251 sue
365 1196 425 1251 lece
441 1193 637 1267 disquiremus.
665 1192 803 1247 Hactenus
826 1191 954 1246 ductores

154 1284 218 1323 sues
235 1266 343 1336 habuit,
365 1282 477 1339 sesque,
502 1280 535 1320 ee
559 1264 640 1320 mede
666 1279 721 1336 quo
743 1262 954 1334 explicavimus,

154 1345 264 1397 secutus
278 1345 319 1394 est
343 1338 493 1407 Usuardus,
516 1336 564 1393 sed
587 1335 719 1408 postremi
747 1332 802 1390 duo
824 1339 956 1403 martyres

1012 408 1085 467 sulit,
1102 417 1136 455 ex
1153 399 1276 455 uranica
1298 398 1496 470 persecutionis
1516 413 1602 452 messe
1626 398 1655 452 in
1679 395 1814 467 Hispania

1011 474 1135 538 collecta,
1146 488 1228 544 quam
1245 471 1302 541 lpse
1317 471 1346 524 in
1361 468 1478 525 Galliam
1490 469 1596 536 retulit,
1610 468 1709 539 etjam
1724 484 1814 539 supe-

1010 544 1069 600 rius
1087 560 1156 615 saepe
1176 543 1280 598 dictum
1311 548 1360 596 cst.
1382 541 1485 595 Prieris
1504 557 1604 595 nemen
1626 541 1660 595 ah
1688 539 1813 596 Usuardo

1011 623 1148 670 mutatum
1167 615 1215 668 uix
1235 613 1343 679 dubim,
1358 612 1561 682 formatumque
1586 612 1754 666 Betilienum
1777 627 1813 668 ex

1010 687 1121 752 Berille,
1139 686 1260 758 quicum
1272 685 1405 739 Hieremia
1420 683 1453 738 ab
1469 684 1587 754 Eulogie
1602 683 1720 738 refertur
1733 681 1813 739 lib.1r

1010 760 1127 814 Homer.
1152 773 1210 828 cap.
1234 755 1538 812 laterianensis
1562 753 1694 810 mederne
1719 755 1813 811 locum

1010 846 1066 885 nen
1082 829 1208 894 habeant,
1223 828 1269 884 sed
1285 844 1379 882 eorum
1396 827 1455 881 lece
1486 827 1613 882 Columbo
1636 842 1671 881 ex
1695 826 1811 881 Hemer.

1010 901 1058 957 lib.
1088 919 1129 967 ru,
1149 916 1209 971 cap.
1227 900 1271 966 10,
1296 898 1493 965 substituatur,
1518 914 1574 952 nen
1599 897 1680 953 aliam
1700 913 1811 953 causam

1010 972 1100 1037 rideo,
1126 988 1206 1044 quam
1230 970 1304 1043 qued
1328 969 1388 1039 ejus
1419 969 1612 1024 reformatores
1639 968 1812 1025 Galesiniem

1008 1045 1095 1100 secuti
1109 1044 1176 1110 sint,
1192 1042 1323 1114 neglectis
1338 1042 1445 1109 Boline,
1468 1041 1638 1110 Hourolyce,
1666 1039 1770 1095 Felicio
1784 1047 1812 1096 et

1008 1116 1081 1182 aliis,
1118 1115 1199 1169 uibus
1214 1122 1303 1169 tamen
1319 1130 1383 1168 uses
1397 1128 1443 1168 ees
1458 1111 1542 1167 fuisse
1557 1111 1623 1167 satis
1640 1118 1759 1167 constat.
1776 1113 1813 1168 ut

1009 1188 1083 1242 enim
1129 1187 1190 1240 ines
1214 1193 1323 1241 nostres
1347 1201 1410 1240 vere
1429 1184 1600 1239 Usuardines
1613 1199 1672 1238 esse
1686 1199 1764 1256 mque
1779 1199 1812 1239 ac

1009 1266 1131 1326 caeteros,
1144 1256 1253 1314 codices
1266 1257 1353 1313 uestri
1368 1255 1511 1311 evidenter
1525 1253 1728 1311 demonstrant.

887 1480 1077 1540 ansteum.

190 1586 345 1641 Pessnursu.
362 1584 391 1639 in
407 1584 496 1656 prima
510 1582 721 1640 annuntiatione
740 1588 884 1638 truncatus
901 1587 952 1650 est,

154 1656 183 1712 in
198 1655 319 1713 secunda
334 1672 429 1727 purus,
448 1656 524 1713 deest
538 1656 630 1723 tertia,
645 1670 730 1726 purus
745 1655 829 1709 estin
846 1661 952 1728 quarta,

154 1726 239 1783 deest
259 1728 359 1783 iterum
375 1728 481 1799 quinta.
497 1729 529 1783 ln
549 1733 627 1782 sexta
647 1725 723 1782 deest
741 1724 841 1780 ultima
867 1724 953 1781 totius

153 1805 247 1854 textus
262 1815 311 1854 ves
324 1799 526 1854 oeeotteterem.

189 1869 388 1925 Ueruutueret
398 1869 560 1925 Leunuuex
570 1867 667 1924 Adone
680 1866 819 1923 Lamberti
830 1865 951 1936 elogium

152 1940 334 2011 amplificant,
342 1939 395 1995 hee
405 1939 487 1996 mede
499 1959 505 1996 :
525 1940 624 2011 «Apud
635 1938 778 2004 Leedium,
789 1937 860 1992 beati
873 1937 950 1992 Lam·

1016 1580 1105 1651 ‹lpse
1128 1578 1185 1634 die‘
1208 1577 1295 1633 saneti
1322 1575 1429 1633 Steselli
1453 1571 1661 1647 [veresimillime
1678 1574 1813 1646 legendum

1007 1649 1148 1724 Floscelli]
1169 1650 1297 1721 martyris
1311 1649 1421 1720 egregii.
1438 1670 1447 1693 ι

1043 1721 1138 1778 Connx
1154 1722 1258 1777 llleurrs
1270 1722 1390 1777 Seueri:
1416 1744 1425 1766 ‹
1443 1717 1570 1774 lnventle
1594 1717 1693 1775 sancia
1715 1716 1808 1774 Gabe-

1006 1790 1096 1848 trudis
1109 1802 1135 1849 et
1154 1792 1289 1849 Desiderii
1306 1791 1449 1863 martyris,
1466 1789 1640 1847 lludunensis
1655 1789 1801 1862 episcopi·

1042 1865 1185 1920 Bassum:
1210 1864 1329 1919 ‹Natale
1343 1863 1429 1918 sancti
1445 1861 1573 1918 Floscelli
1589 1861 1730 1934 martyris.
1748 1885 1757 1910 ·

1041 1935 1136 1992 Editio
1160 1934 1356 1991 Lenaeo-Cen.
1383 1935 1413 1989 iu
1432 1933 1577 1988 Lamberte
1594 1933 1680 1989 ferme
1705 1932 1820 1988 similis*

152 2008 988 2082 berliepiscepi.Quidumregiamdeniumzelereligiouis13
1006 2016 1046 2062 est
1073 2007 1242 2062 Uernureer.
1265 2014 1319 2062 etc.
1349 2004 1475 2061 Secunde
1508 2005 1568 2060 leco
1593 2005 1627 2061 de
1650 2004 1804 2071 Britannis,

151 2095 282 2136 accensus
305 2080 482 2153 increpasset,
508 2091 535 2137 et
563 2080 681 2149 rediens,
703 2082 732 2136 in
760 2079 875 2136 ecclesia
902 2096 952 2135 sua
1008 2076 1070 2134 dein
1086 2077 1119 2134 de
1135 2078 1375 2134 Nivedunensibus
1390 2095 1395 2131 ε
1411 2086 1508 2147 quarte
1517 2076 1550 2130 dc
1560 2075 1686 2132 Narcisso
1701 2084 1730 2130 et
1744 2074 1806 2133 Cre·

152 2150 950 2222 orationiincumberet,anecentibusinnocenteroccisus,

151 2223 242 2278 aulam
265 2224 384 2280 coelestis
399 2225 475 2297 regni
493 2234 623 2352 perpetuo
646 2224 771 2281 victurus
790 2222 915 2279 intravit.
934 2244 943 2269 ·

150 2294 309 2366 Sequuntur
324 2296 432 2369 reliqua
447 2313 507 2370 quae
521 2313 536 2351 a
571 2304 678 2352 textum
693 2301 826 2368 spectant.

188 2370 312 2422 Annuus.
329 2375 356 2424 et
370 2369 468 2424 Deme.
481 2368 554 2424 idem
571 2367 674 2423 habent
689 2367 803 2423 initium
820 2383 827 2434 ;
848 2364 895 2421 sed
917 2365 951 2422 de

151 2437 272 2507 Justine,
288 2438 416 2496 Narcisso
431 2448 458 2495 et
472 2439 675 2506 Crescentione,
695 2438 778 2494 nihil.

187 2508 367 2567 Carrucam:
392 2537 400 2558 ι
420 2512 523 2579 Home,
535 2518 691 2568 sanctorum
713 2517 866 2580 martyrum
884 2510 949 2565 Nar·

150 2580 215 2636 cissl
230 2589 257 2636 et
275 2581 487 2639 crescentionis.
497 2582 640 2649 Corduba,
650 2581 947 2637 sanctorurrrEuriliani

151 2650 272 2718 diaconi,
288 2659 314 2706 et
328 2653 463 2718 ieremias,
490 2670 608 2724 querum
637 2668 751 2722 corpora
775 2659 836 2724 post
855 2651 949 2708 absci-

150 2721 256 2778 sionem
271 2722 392 2793 capitum
408 2724 416 2778 i
437 2723 465 2778 ni
477 2725 577 2779 tradita
588 2732 662 2780 suut.
675 2723 831 2789 Nivedune,
843 2732 948 2779 sancte·

149 2808 210 2847 rum
231 2800 383 2865 martyrum
426 2794 550 2862 aleriani,
564 2794 699 2850 Hachrini
715 2803 742 2850 et
757 2792 899 2849 Gordiani.
916 2796 947 2850 ln

148 2863 301 2926 Britannia,
318 2873 475 2920 sanctorum
487 2866 606 2921 Socratis
626 2873 654 2920 et
676 2865 818 2936 Stephani.
842 2864 946 2921 Eodem

148 2932 203 3016 die,
226 2934 316 3016 passio
331 2935 419 2992 saneti
444 2936 594 3005 Lamberti,
623 2935 804 3007 Trajectensis
825 2937 946 2992 ecclesiae

147 3021 240 3062 ersce
260 3022 304 3060 r.»

164 3022 362 3135 pBuuhhrusuu.
384 3077 483 3149 incipit
511 3096 516 3134 :
549 3100 558 3126 ι
582 3077 662 3151 Apud
687 3077 830 3147 Leedium,
856 3080 945 3151 passio

146 3147 220 3205 beati
237 3149 374 3205 humberti
388 3149 509 3222 episcopi
528 3157 555 3206 et
571 3150 710 3222 martyris.
729 3150 782 3217 Qui
801 3150 855 3206 fuit
877 3153 901 3205 A
921 3151 944 3205 ri

145 3220 256 3275 cernitis
270 3221 356 3289 filius,
372 3237 451 3293 quem
468 3228 579 3278 sanetus
595 3222 769 3278 Landoaldus
781 3223 810 3277 in
828 3222 873 3277 via
894 3167 944 3278 lhi

144 3289 266 3359 induxit,
283 3293 376 3366 sicque
392 3293 450 3365 ipse
464 3291 544 3349 beate
559 3293 722 3350 Tlreodardo
741 3294 770 3349 in
786 3310 800 3349 e
822 3293 945 3376 iscepatu

1006 2149 1165 2215 scentiene;
1197 2150 1294 2222 quinte
1315 2148 1348 2204 de
1373 2147 1613 2215 Cordubensibes;
1634 2146 1756 2220 deniqne
1773 2147 1806 2204 dc

1006 2221 1127 2288 Justino,
1144 2220 1246 2293 ubique
1261 2220 1327 2276 satis
1339 2237 1414 2292 pure.

1042 2293 1195 2360 Ber.1u.‚in
1242 2300 1340 2348 uatuer
1387 2292 1464 2346 rimis
1487 2307 1542 2346 uon
1567 2291 1683 2346 omnino
1707 2305 1804 2362 purus,

1006 2365 1103 2436 quinte
1119 2364 1178 2420 loce
1192 2309 1302 2420 subdit:
1328 2389 1336 2410 ι
1375 2364 1452 2418 edem
1470 2361 1524 2429 die,
1537 2370 1633 2418 octava
1648 2362 1737 2417 sancti
1752 2361 1805 2418 Ni-

1005 2436 1074 2490 celai
1091 2435 1254 2492 confessoris
1264 2435 1297 2490 de
1312 2435 1468 2490 'l'elentine
1491 2434 1594 2489 Eodem
1618 2434 1674 2499 die,
1690 2433 1804 2502 festum,

1006 2507 1033 2562 id
1051 2516 1091 2563 est
1107 2507 1251 2578 impressio
1266 2523 1406 2562 sacrorum
1420 2506 1583 2577 stigmatum
1593 2505 1706 2561 Bemiui
1716 2505 1805 2560 nestri

1005 2579 1068 2634 Jesu
1081 2579 1183 2635 Christi
1198 2580 1227 2633 in
1242 2595 1333 2645 carne,
1349 2578 1376 2633 id
1392 2578 1471 2633 estin
1486 2593 1599 2648 corpore
1615 2576 1702 2632 saneti
1721 2577 1804 2632 Frau-

1004 2650 1082 2718 cisei,
1099 2651 1127 2704 iu
1143 2666 1220 2705 sacre
1234 2657 1326 2705 moute
1340 2651 1476 2715 Afrorum,
1494 2648 1527 2704 de
1542 2648 1644 2704 diocesi
1660 2647 1797 2703 Bretina·

1004 2721 1135 2793 Sequitur
1143 2721 1178 2777 de
1191 2721 1433 2777 Nivedunensibus
1443 2729 1469 2777 et
1479 2718 1714 2786 Cordubensibus,
1727 2735 1803 2792 pure.

1003 2793 1038 2874 ln⁸
1050 2793 1104 2848 line
1120 2810 1126 2848 :
1150 2794 1235 2864 ‹Ipse
1250 2792 1305 2858 die,
1320 2793 1408 2849 sancti
1427 2791 1546 2860 Bleselli‚
1569 2790 1701 2864 martyris
1724 2805 1805 2864 egre-

1021 2880 1076 2919 ll.»

1003 2880 1018 2935 g
1038 2936 1165 2993 fluerem.
1183 2935 1305 3008 longiora
1320 2935 1401 2991 habet
1418 2935 1566 2990 multorum
1577 2941 1735 2990 sauctorum
1750 2934 1804 2990 clo·

1021 3006 1054 3062 ia.
1078 3010 1163 3080 «lpse
1183 3008 1238 3075 die,
1258 3015 1415 3063 sauctorum
1430 3006 1563 3062 Desiderii
1584 3015 1611 3061 et
1635 3004 1802 3076 llcginfridi.

1001 3023 1093 3134 f’assie
1115 3079 1202 3135 sancti
1216 3080 1345 3136 Fleccelli
1360 3079 1447 3150 pueri,
1468 3080 1515 3160 quui
1528 3086 1651 3150 tempere
1664 3076 1803 3133 Antonini

1001 3150 1184 3222 imperatoris,
1204 3167 1266 3206 cum
1283 3150 1455 3207 Christianos
1480 3167 1509 3206 m
1531 3149 1677 3205 tormentis
1698 3149 1803 3220 pesitus

999 3222 1176 3290 confortaret,
1190 3238 1253 3278 cum
1266 3222 1344 3276 leone
1360 3222 1387 3276 in
1398 3238 1546 3289 carcerem,
1557 3221 1591 3276 ab
1611 3237 1644 3276 ee
1658 3220 1801 3276 devoran-

1000 3292 1060 3361 dus,
1077 3294 1175 3350 missus
1190 3301 1240 3360 est,
1260 3293 1306 3349 sed
1331 3294 1389 3364 ipse
1409 3300 1503 3348 erautc
1517 3294 1559 3348 lee
1574 3293 1704 3348 meritur.
1721 3291 1804 3348 Edu-

144 3361 310 3433 Trajectensi
323 3365 462 3421 successit.
476 3365 527 3422 Sed
539 3365 653 3421 Ebronii
668 3310 943 3492 HEbreiniffactrene
964 3382 987 3443 C
1002 3373 1063 3446 ctus
1073 3382 1087 3420 e
1097 3381 1203 3421 carcere
1217 3372 1299 3438 atque
1314 3366 1342 3419 iu
1356 3365 1445 3436 iguem
1459 3366 1567 3433 missus,
1579 3365 1641 3436 igne
1650 3364 1802 3428 exstincto,

143 3431 177 3489 ab
192 3434 350 3509 episcopatu
373 3436 505 3509 dejectus,
534 3437 562 3492 in
586 3437 670 3494 Stabu
683 3454 731 3492 aus
751 3437 878 3493 coenobie
899 3453 947 3510 per

142 3512 246 3578 septeni
261 3524 350 3563 annes
365 3509 554 3565 monachatus.
577 3509 661 3576 Quem
679 3509 812 3582 Pippinus
835 3509 945 3564 taudem

142 3577 172 3631 in
187 3592 236 3632 sua
249 3578 313 3634 sede
332 3580 459 3635 restituit
476 3598 482 3634 :
499 3588 525 3635 ct
548 3580 613 3651 quia
642 3580 699 3651 ipse
724 3581 782 3635 zelo
806 3580 946 3650 religionis

142 3664 284 3718 accensus,
297 3649 449 3721 praefatum
466 3650 612 3775 Pispinum
623 3651 779 3774 principem
805 3651 946 3732 increpare

142 3734 225 3775 ausus
243 3721 290 3790 sit,
316 3720 390 3792 quod
414 3721 494 3792 Alpai
517 3736 559 3775 em
588 3722 725 3791 pelicem,
742 3737 797 3776 suae
816 3722 841 3776 le
860 3723 945 3777 itrmae

141 3790 282 3847 Plectrudi
297 3791 506 3864 superduxerit,
534 3808 549 3846 a
571 3790 685 3847 Dodone
712 3792 796 3847 fratre
820 3738 945 3863 absidis

141 3863 349 3935 martyrizatur.
367 3889 376 3912 ι
397 3864 430 3919 ln
451 3862 570 3931 iustine,
597 3861 697 3918 deiude
720 3863 747 3918 in
767 3862 894 3919 Narcisso
918 3872 945 3919 et

140 3932 337 3991 Crescentione
364 3933 474 3990 medice
503 3935 685 4006 interpolatus
711 3941 761 3989 est.
786 3934 945 4006 Sequuntur

140 4003 342 4073 Cordubenses,
359 4015 420 4060 tum
436 4004 644 4061 Niveduneuses
661 4014 688 4060 et
709 4005 844 4073 Britanni,
865 4022 941 4078 pure.

140 4073 169 4128 lu
186 4074 241 4130 sirie
253 4094 278 4131 ιι
292 4077 328 4133 Et
338 4077 490 4158 Waslagie,
502 4077 589 4133 sancti
600 4076 752 4149 Erragindi
766 4077 941 4134 confessoris.

139 4145 207 4201 Item
223 4147 311 4203 sancti
327 4149 454 4203 Hauricri
469 4147 588 4229 episcopi
605 4155 632 4203 et
645 4148 821 4204 confessoris.
843 4174 852 4197 ι

175 4217 359 4276 Haesuernu.
372 4219 405 4275 de
419 4219 528 4276 Justmo
544 4219 626 4275 nihil.
644 4221 675 4275 lu
694 4221 820 4276 Narcisso
839 4227 866 4275 et
879 4219 941 4279 Cre·

138 4289 279 4346 scentiene
294 4307 380 4364 purus
391 4298 441 4347 est.
459 4291 529 4346 Tum
542 4292 576 4347 de
586 4290 809 4348 Cordubensibus
820 4301 846 4347 et
860 4292 941 4348 Nive·

138 4358 319 4431 dunensibus,
344 4362 411 4419 satis
436 4362 514 4418 bene.
542 4365 649 4419 Desunt
673 4362 811 4419 Britanni.
837 4364 905 4418 Tum
933 4381 939 4420 τ

143 4432 237 4488 ‹ltem
257 4435 399 4500 Hurantii,
425 4443 578 4491 sanctorem
603 4433 740 4490 Desiderii
765 4435 886 4506 episcopi
915 4445 942 4491 et

136 4503 289 4576 Heginfridi
306 4515 471 4578 martyrum.
486 4508 517 4562 lu
533 4505 701 4562 monasterio
721 4506 808 4561 sancti
824 4505 938 4578 Ruperti

137 4574 165 4629 in
177 4576 301 4646 Pinguia
314 4577 481 4648 Haguntinea
491 4576 629 4644 dieucesis,
639 4585 740 4633 sancta
765 4576 941 4648 Hildcgardis

136 4647 355 4703 sanctimonialis
367 4648 598 4728 etprephetissoe.
613 4648 695 4718 Apud
706 4647 849 4715 Leedium,
865 4648 939 4705 beati

136 4716 405 4790 Lampertieplscopr
420 4727 447 4774 et
469 4720 634 4790 martyris»
666 4727 717 4774 etc.
739 4719 778 4773 Be
804 4735 858 4844 que
880 4718 979 4804 jamD

135 4787 202 4868 satis
226 4787 360 4844 diximus.
391 4790 482 4861 «lpse
510 4789 568 4857 die,
597 4789 685 4845 sancti
710 4789 804 4845 Blesce
828 4789 838 4844 i
858 4806 936 4845 mar-

134 4867 243 4916 tris.»

147 4875 609 4988 yuirum-cimos-uermseor.
627 4951 632 4988 :
649 4931 802 4988 ‹LamBerti
814 4933 934 5004 episcopi

134 5009 161 5056 et
184 5003 323 5075 martyris.
350 5003 462 5058 Flecelll
486 5003 563 5074 pueri
589 5004 730 5075 martyris.
763 5003 937 5075 Hildcgardis

133 5074 259 5202 virginis.
276 5074 394 5132 Narcissi
410 5083 437 5131 ct
449 5075 568 5130 alierum
581 5083 745 5148 martyrum.
758 5101 766 5122 ·

191 5164 265 5202 eosx
279 5148 423 5203 Breerrnu.
450 5146 520 5218 sign.
537 5147 570 5203 D.
587 5148 626 5204 9:
651 5173 660 5194 ‹
684 5148 745 5218 lpse
768 5146 822 5216 die,
848 5148 936 5205 sancti

132 5217 259 5274 Flescelli
275 5218 416 5292 martyris.
434 5243 443 5266 ι
464 5218 594 5290 Signatur
609 5218 638 5274 iu
666 5219 804 5291 plerisque
827 5219 936 5276 cedici-

131 5287 192 5413 ἓως,
216 5290 263 5345 ad
286 5291 351 5347 ride
376 5289 436 5362 ejus
464 5289 584 5362 elogium
609 5289 681 5346 infra
706 5291 777 5346 iuter
805 5291 936 5347 Auctaria

158 5376 260 5415 neves.

158 5429 338 5508 'Camenarum
355 5432 383 5488 S.
400 5433 503 5489 Haeret
522 5451 527 5489 :
551 5433 645 5489 ‹ltem
663 5435 768 5503 Romae,
789 5434 862 5491 heati
890 5435 936 5490 Ju-

129 5506 197 5554 stim
213 5501 374 5625 presbyteri.
392 5527 401 5548 ι
421 5504 521 5561 Nescio
536 5520 571 5559 an
587 5513 685 5561 cetera
696 5522 763 5577 pura
778 5507 845 5562 sint.

166 5569 214 5650 ¹¹3.
238 5588 348 5652 arreum.
365 5590 443 5630 num.
460 5576 531 5634 ests
546 5575 622 5633 deest
643 5578 741 5634 ultima
761 5576 937 5634 annuntiatio

128 5641 264 5697 limabant
278 5648 303 5696 et
318 5645 470 5702 Hieremia.

165 5713 340 5794 liseur-muru.
362 5733 368 5770 :
394 5718 529 5774 «seston
541 5735 682 5777 sacrorum
701 5722 859 5793 stigmatum
874 5720 938 5775 Jesu

128 5783 232 5846 Chresti
248 5800 280 5842 ru
296 5799 413 5858 corpore
428 5786 457 5844 S.
474 5790 626 5848 Francisci.
641 5816 658 5844 ·›
679 5791 748 5849 Tum
772 5793 935 5852 Sruoszsau.

1002 3452 1059 3508 lpse
1070 3436 1243 3508 postmodum
1261 3437 1424 3508 martyrium
1437 3453 1517 3492 suum
1529 3435 1666 3508 implerit.
1677 3434 1803 3491 Tamasis

1000 3509 1175 3574 confessoris,
1191 3507 1384 3579 eujuscerpus
1392 3509 1473 3580 juxta
1489 3506 1760 3577 Constantinopolim
1771 3506 1800 3561 iu

1000 3581 1130 3650 spelunca
1145 3590 1295 3652 repertum,
1315 3580 1396 3635 titulo
1412 3580 1536 3651 apposite
1553 3599 1559 3633 :
1576 3579 1627 3634 Hic
1651 3577 1801 3650 requiescit

1000 3652 1197 3723 cerpusseucti
1219 3652 1341 3706 Tamasis
1365 3651 1539 3718 confessoris,
1564 3649 1592 3704 in
1615 3648 1713 3704 urbem
1737 3648 1801 3720 pri-

1001 3738 1075 3776 mum
1090 3723 1205 3792 regiam,
1215 3722 1315 3777 deinde
1332 3723 1462 3778 Venetiae
1476 3722 1649 3788 translatum,
1666 3720 1696 3775 iu
1706 3736 1800 3775 mona·

999 3794 1082 3848 sterio
1112 3793 1182 3849 beati
1210 3794 1348 3849 Zacharia
1371 3795 1497 3865 quiescit.
1515 3793 1645 3848 Leandrae
1668 3791 1798 3863 virginis.

999 3863 1079 3935 Apud
1093 3864 1238 3936 Pinguiam
1255 3865 1282 3919 in
1299 3864 1401 3921 diocesi
1425 3865 1638 3936 lllaguutinensi,
1662 3862 1801 3934 depositio

998 3942 1098 3991 sanctae
1113 3937 1255 3992 memoriae
1271 3936 1442 4008 Hildcgardis
1454 3937 1580 4005 virginis.
1596 3935 1661 4002 Qua
1672 3941 1798 4006 tempere

999 4007 1086 4062 sancti
1100 4007 1231 4063 Bernardi
1247 4008 1355 4063 abbatis
1369 4007 1481 4063 ederem
1496 4025 1552 4063 sua
1573 4006 1731 4062 sanctitatis
1745 4004 1800 4060 late

998 4078 1107 4148 sparsit,
1126 4079 1194 4134 adeo
1209 4087 1240 4134 ut
1256 4079 1368 4204 plurimi
1385 4080 1499 4137 Borcani
1521 4079 1667 4134 Pontifices
1681 4077 1709 4133 ci
1724 4076 1799 4133 scri-

998 4148 1101 4217 bentes,
1117 4166 1145 4205 se
1159 4158 1187 4206 et
1200 4151 1255 4205 Ece
1267 4150 1349 4205 esiam
1364 4151 1512 4206 lfomauam
1531 4148 1704 4205 orationibus
1721 4147 1799 4204 illius

998 4220 1283 4276 commendaverint:
1314 4239 1431 4293 cumque
1447 4222 1526 4277 latini
1560 4221 1696 4275 sermonis
1727 4225 1799 4274 essct

997 4291 1102 4363 ignara,
1119 4293 1225 4364 Spiritu
1240 4301 1335 4348 sarrcte
1349 4293 1475 4358 decente,
1490 4293 1584 4347 emnia
1601 4308 1661 4364 quae
1673 4289 1797 4362 scripsit,

997 4363 1094 4419 Latine
1109 4364 1303 4437 exceptoribus
1316 4364 1441 4420 dictavit.
1458 4366 1487 4419 ln
1513 4371 1604 4418 mente
1626 4363 1673 4434 qui
1693 4361 1799 4418 dieitur

997 4435 1137 4501 elfrernae,
1155 4452 1238 4508 prope
1253 4435 1400 4502 Assisiurm
1416 4434 1559 4506 impressio
1569 4449 1711 4489 sacrorum
1725 4433 1797 4504 Stig-

995 4516 1099 4562 matum
1114 4507 1142 4562 in
1167 4523 1214 4563 cor
1234 4507 1365 4564 essancti
1382 4507 1530 4563 Francisci.
1547 4506 1615 4563 Cum
1629 4504 1704 4560 euim
1724 4504 1797 4560 idem

994 4578 1113 4643 rirBei,
1139 4523 1290 4650 seraphicis
1308 4587 1430 4650 tempere
1471 4578 1569 4652 nodam
1594 4575 1797 4632 desiderierum

994 4648 1141 4707 ardoribus
1155 4666 1263 4704 sursum
1278 4658 1403 4718 ageretur
1418 4650 1446 4704 in
1482 4666 1555 4717 eum,
1577 4655 1659 4720 atque
1679 4647 1711 4702 in
1737 4662 1796 4719 gra·

996 4720 1066 4776 tiese
1081 4728 1192 4791 aspectu
1205 4720 1308 4776 Christi
1325 4721 1452 4777 crucifixi
1480 4721 1533 4776 sibi
1560 4729 1613 4774 lam
1628 4718 1798 4774 mirabiliter

995 4807 1075 4863 quam
1092 4792 1267 4846 familiariter
1277 4793 1443 4863 apparentis,
1459 4791 1628 4847 excessivam
1644 4789 1796 4862 quamdam

991 4863 1148 4933 conciperet
1175 4863 1311 4930 laetitiam,
1324 4879 1355 4919 ac
1376 4864 1439 4919 dira
1452 4862 1547 4919 Crucis
1562 4861 1657 4917 allisio
1671 4861 1798 4916 animam

991 4933 1079 5005 ipsius
1094 4935 1296 5022 compassionis
1311 4934 1481 5006 transfigeret
1496 4934 1597 5004 gladio,
1616 4940 1678 5003 pest
1692 4931 1799 4988 archa-

990 5021 1056 5060 num
1071 5020 1133 5060 eum
1147 5005 1255 5062 Christe
1266 5005 1500 5078 alloquium,care
1515 5003 1796 5076 ejuscrucifixccen·

991 5076 1306 5158 formiterinsiguitafsi
1348 5077 1798 5132 isuidelicetclarorumexcarne

990 5149 1178 5221 surgentibus,
1194 5165 1222 5204 m
1239 5149 1312 5203 ularii
1334 5165 1365 5203 us
1379 5165 1409 5204 ae
1434 5148 1558 5220 pedibus,
1574 5163 1625 5203 nec
1640 5163 1697 5202 nou
1712 5145 1799 5202 rubra

990 5220 1118 5276 cicatrice
1133 5221 1164 5276 in
1182 5223 1266 5276 latere
1282 5220 1393 5289 dextre)
1409 5220 1546 5292 apparuit.
1563 5243 1572 5266 ι

1027 5293 1147 5354 Hesus..
1165 5301 1226 5364 post
1246 5292 1440 5362 insignissimus
1465 5290 1527 5361 fuit,
1549 5290 1612 5345 aliis
1635 5289 1739 5345 litteris
1761 5304 1797 5344 ex

992 5363 1087 5419 Adeue
1107 5363 1203 5418 inserit
1220 5381 1225 5418 ι
1246 5366 1356 5429 «Quem
1366 5362 1462 5418 beatus
1476 5363 1571 5417 Sixtus
1585 5359 1798 5416 ordinaritHic

990 5435 1083 5489 beatos
1094 5434 1275 5523 Hippolytum
1287 5444 1313 5490 et
1324 5434 1516 5499 Concordiam,
1525 5435 1650 5488 lreueum
1661 5438 1688 5487 et
1698 5432 1798 5488 Abun-

991 5506 1080 5570 dium,
1095 5513 1122 5560 et
1137 5506 1272 5578 Cyrrllam
1287 5506 1373 5562 filiam
1388 5506 1463 5562 Becii
1479 5504 1603 5569 Cesaris,
1615 5511 1754 5576 martyres
1768 5511 1798 5560 st

991 5578 1061 5632 alios
1075 5577 1211 5648 plurimos
1225 5577 1375 5649 sepulturis
1400 5577 1534 5634 condidit.
1552 5600 1560 5623 ι
1582 5577 1622 5631 Be
1645 5575 1799 5632 humberte

992 5650 1081 5704 mulla
1094 5649 1177 5704 etiam
1193 5666 1228 5704 ex
1242 5649 1335 5705 eodem
1352 5649 1448 5706 Adone
1463 5649 1561 5704 iisdem
1581 5647 1683 5703 litteris
1701 5646 1798 5703 immi·

991 5728 1057 5775 scut.
1075 5720 1104 5775 lu
1121 5719 1198 5776 sine:
1221 5746 1230 5768 ‹
1255 5722 1316 5793 lpse
1343 5720 1397 5787 die,
1413 5720 1500 5777 saneti
1524 5717 1634 5775 Fresilli
1660 5718 1799 5790 martyris

992 5792 1103 5864 egregii.
1120 5793 1152 5849 ln
1167 5800 1271 5863 moute,
1287 5792 1335 5866 qui
1349 5792 1452 5852 dicitur
1461 5793 1589 5849 Alveruae
1602 5805 1688 5863 prope
1709 5791 1800 5848 Assi-
