3834 6136
71 179 126 240 snt

604 183 921 247 llAll’l'YROLOGlUll.
942 219 978 234 -
992 189 1098 252 MENS.
1119 193 1200 253 0C'l'.

1655 202 1735 261 cea

70 298 216 364 maestum
229 305 342 379 tyranni
359 305 506 380 imperium
516 308 678 381 respuendo,
693 312 878 385 collapatien·
891 317 917 376 A
930 315 1054 386 thorum,
1071 334 1136 376 urso
1150 319 1234 378 leroei
1249 319 1413 394 subjicitur:
1429 321 1477 396 qni
1486 322 1568 395 pedes
1578 325 1666 384 sancti
1678 327 1734 386 viri

70 384 116 436 tex
148 377 230 435 ladiis
243 377 400 434 subdidisse
414 394 463 451 pro
476 379 608 438 Christo·
626 383 664 437 De
679 382 730 438 Lot
739 391 770 439 nt
782 402 876 457 supra.

70 451 104 507 ln
120 395 223 522 lftnpo
236 448 292 504 iere
300 459 444 530 purnsest.
453 451 646 532 DeCerbonio,
663 462 694 510 ut
708 455 878 514 Uurnaracr.

70 528 100 580 et
115 522 241 578 Lernan.
257 520 362 577 Deinde
374 539 401 576 ιι
416 523 446 577 ln
464 522 614 591 Britannia,
635 522 770 597 depositio
790 527 878 584 saneti

69 590 240 652 confessoris
262 592 371 647 Paulini
387 593 570 649 Eboracensis
584 593 715 669 episcopi.
732 599 812 667 ltem,
829 600 879 655 ιιι-

70 665 168 723 ventio
187 671 289 721 sauma
304 663 512 722 Austreberte.·
535 664 642 722 Colitur
656 684 675 722 x
690 668 768 725 Febr.

107 771 303 837 llacxnorun,
318 768 348 825 in
360 769 467 826 duabus
496 769 594 842 primis
615 779 756 846 utcunque
781 791 876 847 purus,

69 843 105 901 de
119 842 235 899 Victore
249 841 333 897 habet
350 840 407 898 iere
421 851 452 898 ut
466 858 556 915 supra.
573 842 642 898 l'um
655 862 681 899 :r
696 845 727 901 ln
737 846 877 904 territorio

68 913 194 988 ejusdem
210 912 345 980 civitatis,
360 912 434 986 qnod
448 912 546 969 Bnnna
559 921 683 984 vocatur,
697 917 796 973 natalis
810 935 878 974 san-

68 987 109 1045 cti
123 985 212 1044 Cassii
227 991 255 1040 et
269 983 404 1041 Florentii
424 1001 487 1040 cum
506 984 567 1041 aliis
582 1003 631 1052 vn,
647 987 695 1059 qui
711 988 762 1044 sub
781 989 876 1046 eodem

105 1065 247 1114 rsecntore
261 1070 312 1128 pro
327 1055 381 1112 fide
394 1056 499 1114 Christi
513 1057 711 1114 occubuerunt.
730 1080 744 1111 n
759 1061 790 1115 ln
806 1061 877 1118 Cer-

67 1073 157 1187 ffinto
168 1128 257 1210 paulo
277 1127 385 1184 auctior
407 1134 458 1195 est,
479 1126 551 1183 inter
569 1128 623 1184 alia
637 1130 666 1186 in
681 1130 736 1187 stne
755 1130 874 1189 addens:

77 1200 138 1256 «Et
151 1214 194 1256 src
207 1215 272 1256 cnm
286 1198 373 1271 gloria
386 1199 421 1256 ad
439 1199 530 1255 sedem
545 1215 624 1257 suern
639 1217 764 1258 reversus
786 1210 827 1259 est
849 1211 876 1260 et

68 1271 142 1329 obiit
156 1271 187 1327 in
200 1286 290 1343 pace.»

105 1379 270 1442 Aourcrrrcr.
291 1377 413 1434 seeundo
436 1377 497 1436 loco
522 1377 569 1436 hic
588 1379 689 1451 ingerit
712 1383 873 1452 Donrinum,

67 1450 104 1526 de
117 1467 173 1524 quo
189 1447 289 1523 pridie.
305 1448 412 1506 Victori
427 1448 533 1521 adjicit,
549 1452 698 1507 elatiorem
713 1456 875 1511 cccxxx.ln

62 1521 129 1578 -liue
142 1519 299 1594 apponitur,
307 1527 332 1575 et
340 1520 497 1589 Febrochii,
512 1528 543 1576 ut
556 1522 583 1576 in
595 1525 738 1581 Aurunca.
750 1534 776 1583 et
784 1527 873 1583 Max.-

73 1593 180 1650 Lusrc.
193 1600 261 1660 etc.;
276 1590 311 1648 de
327 1607 381 1664 quo
397 1591 460 1649 vide
475 1593 504 1649 in
520 1593 708 1650 Variantibus.

934 388 1080 470 lambebat,
1103 397 1130 446 et
1153 391 1194 448 sie
1208 392 1361 462 libertatus,
1382 393 1556 466 postmodnm
1571 396 1689 455 feliciter
1703 398 1733 458 iu

933 462 1052 543 ltomrno
1085 461 1194 518 cievit·
1216 464 1246 519 ln
1261 463 1312 520 Pin
1377 463 1442 521 salis
1457 481 1553 537 purus,
1569 465 1603 522 de
1617 468 1732 527 Paulino

933 539 1040 600 inserit,
1083 533 1288 591 herminio
1323 552 1377 591 ne:
1401 536 1533 605 «Treoua,
1548 539 1635 595 sancti
1664 557 1732 597 sau-

932 603 995 676 cte]
1011 603 1115 661 anone
1126 605 1244 678 virginis
1257 614 1284 662 et
1298 607 1450 690 martyris.»
1468 609 1627 682 legendum
1660 627 1732 668 unce

933 675 976 731 vel
995 676 1117 741 Paschae,
1150 693 1192 733 ure
1206 677 1316 734 hoodie
1330 680 1441 736 colitur.

967 747 1063 803 Baum.
1080 693 1179 829 tonoque
1203 755 1306 817 textus,
1323 766 1379 807 non
1394 751 1507 808 omnino
1525 751 1599 825 puri,
1614 751 1707 810 subdit
1724 770 1731 810 :

938 817 1072 874 «Eodem
1096 817 1150 887 dre,
1176 821 1262 877 sancti
1286 821 1413 891 Zerhoni,
1435 823 1555 907 episcopi
1573 832 1601 880 et
1619 825 1732 881 conlec-

932 889 1023 972 soris·
1047 889 1142 946 Altera
1156 891 1242 948 editio
1257 893 1323 964 legit
1338 894 1470 963 Cerconis,
1486 904 1514 952 et
1527 894 1623 953 ad'icit
1634 912 1661 952 :c
1674 895 1732 953 be-

933 976 1063 1029 moriem,
1079 963 1223 1020 translatio
1236 965 1336 1037 egregii
1355 965 1519 1023 confessoris
1534 913 1637 1026 Christi
1654 967 1732 1025 llar-

932 1032 1026 1089 tialis.·
1047 1033 1113 1090 Dies
1126 1035 1225 1090 natalis
1240 1044 1281 1092 est
1295 1053 1354 1091 xxx
1368 1038 1454 1094 lunii.

967 1104 1092 1186 Gnarus.
1107 1121 1133 1159 z«
1153 1106 1223 1161 Loth
1238 1107 1386 1179 prophete.
1402 1110 1482 1176 Nota,
1497 1119 1609 1170 sanctus
1623 1112 1729 1170 Gereon

930 1182 957 1230 et
969 1191 1038 1233 soon
1051 1192 1065 1231 e
1079 1193 1110 1232 us
1120 1177 1232 1234 luerunt
1239 1194 1274 1234 ex
1280 1179 1387 1249 legione
1396 1180 1585 1239 Phebeomm.
1596 1184 1731 1242 Similiter

929 1255 1040 1326 sanctus
1063 1193 1171 1316 Victor,
1196 1248 1243 1321 qui
1267 1265 1330 1307 cum
1347 1250 1429 1307 sociis
1443 1268 1561 1321 cccxxx,
1577 1255 1650 1324 apud
1665 1256 1731 1312 Fro-

940 1334 995 1386 am,
1006 1334 1067 1391 quaa
1076 1335 1150 1377 nnnc
1158 1320 1273 1377 Xanctis
1282 1320 1394 1388 dicitnr,
1406 1338 1501 1394 passus
1519 1333 1569 1382 est.
1580 1325 1625 1381 Ex
1635 1326 1730 1383 eadem

939 1389 1035 1470 egione
1060 1389 1172 1447 luerunt
1190 1391 1299 1449 Cassius
1320 1400 1347 1449 et
1370 1394 1528 1451 Florentius
1546 1412 1610 1453 curn
1624 1405 1728 1470 septem

929 1461 1001 1529 ahts,
1020 1460 1092 1533 apud
1108 1462 1256 1531 Veronam,
1273 1479 1333 1536 quaa
1349 1471 1376 1520 et
1389 1465 1484 1523 Bonna
1494 1466 1606 1524 dicitur.
1622 1467 1657 1524 lli
1672 1485 1729 1525 om-

928 1547 976 1588 nes
1000 1532 1112 1603 gloriosi
1136 1542 1281 1607 martyres,
1306 1534 1424 1592 diversis
1447 1536 1512 1594 licet
1531 1538 1560 1594 in
1581 1539 1659 1608 locis,
1678 1556 1729 1613 pro

927 1618 982 1658 una
997 1610 1088 1659 tamen
1103 1603 1158 1660 fide
1174 1605 1275 1663 Christi
1290 1606 1374 1664 occisi
1387 1615 1462 1678 sunt,
1486 1625 1654 1683 corporaque
1677 1626 1730 1667 eo-

110 1699 254 1758 vffifom,
269 1706 296 1756 02
310 1699 379 1756 pm¹
396 1699 478 1756 3030·
496 1715 574 1756 num·
591 1701 652 1769 130,
669 1702 698 1757 in
712 1701 768 1758 fin,
780 1722 805 1758 :r
821 1702 875 1757 Ni,
890 1677 913 1737 Β
928 1690 989 1729 rum
1005 1675 1035 1730 in
1050 1676 1109 1731 loca
1120 1676 1257 1747 profunda
1266 1676 1399 1735 demersa.
1412 1680 1442 1735 ln
1453 1680 1556 1750 Africa,
1567 1689 1727 1739 sanctorum

66 1841 179 1897 dierum
194 1842 324 1968 miprarit
338 1841 372 1897 ad
387 1842 560 1899 Dominum·
586 1843 669 1915 Apud
684 1775 875 1901 Castelfalrerldlrld

65 1912 96 1968 in
111 1913 235 1985 llartyro
249 1955 257 1993 3
272 1912 424 1994 universali
440 1915 621 1985 poniturxvn
633 1914 769 1985 Octobris,
785 1932 871 1973 voca-

65 1990 169 2057 turque
192 1985 338 2054 Trogeerns.

101 2073 264 2130 Annuus.
282 2090 309 2128 τι
323 2073 425 2130 Eodem
442 2074 496 2142 die,
514 2074 647 2147 ingressio
661 2076 734 2132 beati
754 2074 872 2132 Firmini

66 2145 201 2218 martyris
214 2144 245 2201 in
259 2145 372 2202 civitate
389 2146 547 2202 Ambisna.»

100 2233 564 2292 mantuanense-Ummium.:
600 2235 711 2293 Victoris
733 2237 871 2307 martyris.

65 2305 104 2362 Bt
110 2305 247 2372 Cerconis,
257 2305 355 2374 Cassii,
367 2306 559 2374 Florentii,etc.
570 2306 690 2363 Additur
698 2308 727 2363 in
739 2308 871 2380 margine:

72 2399 83 2426 ι
98 2376 211 2433 Festum
223 2376 253 2432 in
268 2377 380 2433 civitate
390 2376 566 2449 Prajectensi.
579 2379 726 2447 Paulini,e
747 2378 833 2461 isoopi
846 2389 873 2438 et

65 2447 243 2506 confessoris.
259 2448 340 2504 Ponti
356 2446 477 2524 [Pinyti]
491 2449 612 2522 episcopi
627 2458 654 2506 et
668 2395 865 2508 condescure..

101 2535 246 2595 Bracaros.
263 2537 335 2610 sign.
351 2537 380 2594 P.
397 2539 448 2594 5:‹
463 2539 531 2595 Item
545 2537 684 2597 dedicatio
693 2541 871 2598 ecclesiarum

67 2607 404 2741 pprtlppioselllpplreasrtiinorum,
421 2609 503 2666 hodie
518 2610 646 2668 instituta
655 2611 760 2686 ubique
769 2613 872 2669 solem·

103 2768 279 2827 Clussnrxrr.
295 2788 321 2826 :‹
334 2770 366 2827 ln
380 2769 525 2826 Britannia
539 2769 611 2842 apud
626 2771 791 2838 Eboracum,
803 2771 873 2826 bea-

66 2847 161 2898 tornm
173 2841 252 2897 Pauli
303 2841 404 2915 aulini]
421 2842 545 2914 presulis
560 2850 587 2898 et
601 2842 751 2900 Fabrachii
767 2843 872 2900 confes·

66 2911 162 2970 seris·
184 2911 256 2970 Vide
289 2912 419 2970 arienses.

102 3002 137 3059 ln
165 3002 302 3059 Varrcsrr.
321 3003 428 3076 signato
447 3019 525 3059 num.
549 3002 620 3060 tals
639 3003 715 3061 deest
734 3005 868 3073 Cerconis,

68 3073 161 3133 cased
172 3081 201 3129 et
214 3074 349 3130 rerem
360 3074 500 3154 Adjicitur
509 3083 600 3132 autem
615 3076 762 3132 recentiori
774 3093 866 3132 manu:

74 3145 157 3202 «vra
178 3143 303 3215 Claudia,
326 3148 424 3202 natalis
439 3147 525 3202 sancti
546 3147 696 3219 bompnini
721 3149 867 3220 martyris;

65 3214 149 3287 cujus
171 3231 271 3288 corpus
291 3232 307 3274 t
326 3216 530 3274 venerabilibus
546 3218 689 3275 monachis
705 3220 869 3274 translatum

67 3295 107 3343 est
122 3287 153 3342 in
164 3303 244 3343 sacro
259 3288 385 3346 crenobio
399 3288 588 3346 Sculeularum
599 3306 648 3362 per
659 3289 783 3346 divinam
795 3305 869 3346 reve·

69 3358 213 3427 ledonem,
229 3358 259 3416 in
271 3375 327 3433 qno
341 3361 413 3417 clare
435 3359 573 3433 quiescit·

101 3454 274 3510 Ftoxxrrrm.
287 3471 293 3510 :
313 3452 417 3527 «Apud
429 3453 570 3510 civitatem
583 3453 824 3526 Populoniensem,
843 3454 870 3510 in

70 3523 194 3598 partibus
207 3523 325 3594 Tuscia,
338 3524 426 3581 sancti
442 3524 582 3592 Cerbonii,
593 3523 716 3606 ejusdem
730 3525 869 3596 urbisepi·

69 3594 143 3668 scopi
164 3600 193 3654 et
213 3595 391 3662 conlessoris‚
412 3612 515 3668 magne
532 3595 685 3652 sanctitatis
702 3596 767 3652 viri.
788 3595 870 3668 Apud

69 3665 166 3724 urbem
179 3666 371 3737 limiensem,
386 3667 474 3723 sancti
489 3667 563 3725 Cassi
579 3664 700 3739 ejusdem
716 3666 793 3724 urbis
807 3667 871 3742 epi-

69 3737 156 3810 scopi,
170 3744 199 3793 et
210 3737 298 3795 uncti
313 3738 447 3795 Florentii
462 3755 525 3795 cum
540 3738 603 3795 aliis
617 3756 645 3795 se
665 3746 744 3795 tem·
760 3739 871 3796 Diceres

70 3808 124 3865 hos
136 3816 245 3866 sanctos
261 3808 327 3866 hinc
341 3810 477 3878 Bonnam,
492 3810 535 3867 vel
548 3756 708 3866 Bonnassmc
717 3810 868 3867 traductos.

78 3903 88 3928 ι
103 3879 137 3937 ln
152 3877 288 3937 territorio
301 3881 472 3950 Florentino,
488 3881 549 3939 loco
561 3881 609 3954 qui
621 3881 725 3938 dicitur
735 3881 796 3938 Pasi
817 3898 871 3938 na-

71 3965 140 4007 num
149 3950 292 4010 translatio
304 3952 391 4009 sancti
405 3951 517 4009 loannis
531 3951 797 4020 Gnalherti,abbatis
833 3953 870 4009 al·

69 4022 105 4079 lis
135 4021 309 4080 Umbrosae.·
343 4023 463 4080 Additur
491 4022 520 4078 in
548 4023 661 4079 erozz.
693 4041 698 4079 z
718 4046 728 4071 ι
756 4024 872 4081 llloritur

70 4109 152 4151 carne
169 4101 198 4150 et
211 4102 305 4166 regnat
319 4111 382 4152 cum
397 4094 518 4162 Christo,
533 4110 607 4151 anno
620 4095 655 4151 ab
669 4092 729 4166 ejus
744 4094 871 4152 lucarna-

70 4165 146 4221 tione
160 4181 303 4221 xxxxrrr.»

104 4253 305 4310 annsesurx.
324 4272 349 4309 :·
365 4254 457 4311 Sancti
473 4252 558 4322 Clari,
571 4252 693 4326 episcopi
713 4264 740 4311 et
758 4255 872 4311 conlea-

71 4325 163 4381 soris.·
194 4324 261 4381 Vide
278 4325 471 4383 Castellanum.

104 4412 278 4471 musam.
300 4430 327 4468 :1
349 4412 422 4485 Pago
440 4411 608 4480 llatiscensi,
624 4411 791 4468 monasterio
806 4409 873 4491 Cla-

72 4483 161 4552 mace,
185 4483 314 4557 exceptio
335 4492 493 4541 sanctorum
514 4481 655 4539 Valentini
674 4482 826 4553 presbyteri
845 4488 872 4538 et

73 4553 203 4628 martyris
216 4561 298 4628 atque
311 4555 412 4612 Felicis
430 4553 569 4627 pontilicis
587 4561 615 4611 et
633 4553 806 4620 confessoris,
822 4552 869 4626 qui

72 4626 141 4699 apud
157 4627 315 4684 Arvernum
329 4627 511 4701 episcopalem
525 4624 684 4682 cathedram
698 4624 810 4681 munit.»

104 4715 229 4772 names.
249 4714 296 4772 SS.
327 4714 449 4772 Timoth.
479 4721 506 4769 et
531 4713 643 4784 Apoll:
670 4737 680 4762 ι
707 4711 871 4770 Monasteric

72 4785 174 4854 lotero,
189 4785 325 4857 depositio
339 4795 440 4843 sanctae
454 4784 648 4842 Pheodebildis
663 4784 830 4841 abbatissas·

106 4873 204 4930 Editio
227 4873 422 4932 huneco-Cor..
443 4874 477 4930 de
499 4873 621 4930 Gereone
641 4881 668 4930 et
684 4871 799 4947 reliquis
823 4872 874 4928 vix

73 4943 225 5072 quidpuam
239 4945 408 5027 novialfert.
423 4945 494 5001 Vide
508 4944 666 5001 Gnsvnrrux
680 4944 763 5001 inira.
778 4944 873 5026 Sequi·

74 5023 118 5071 tur
151 5015 245 5082 ahot,
259 5025 291 5074 nt
304 5033 332 5073 tn
348 5016 582 5074 muno-blan
599 5024 651 5073 ete.
667 5017 707 5072 lle
726 5015 873 5084 Cerbonro,

70 1771 166 1826 vernis
188 1771 311 1838 civitate,
332 1771 418 1827 saneti
437 1771 541 1826 Froesii
561 1771 677 1840 abbatis,
702 1774 750 1846 qni

929 1745 1053 1814 Eusebi,
1065 1746 1180 1816 Eraclii,
1197 1749 1324 1816 Venusti,
1340 1757 1505 1822 martyrum.
1520 1751 1649 1811 Cerbonii
1665 1753 1729 1825 epi-

928 1815 1004 1888 scopi
1022 1817 1181 1889 Populoniae
1196 1819 1318 1875 civitatis
1341 1829 1368 1876 et
1381 1821 1555 1880 confessoris.
1572 1826 1611 1881 lle
1625 1840 1680 1897 qno
1694 1824 1727 1881 B.

929 1887 981 1943 Cre
1004 1932 1009 1943 .
1026 1905 1057 1944 ιιι
1071 1889 1177 1962 Dialog.
1194 1891 1268 1947 inter
1281 1889 1334 1946 alia
1345 1892 1438 1961 refert,
1454 1894 1518 1967 quia
1533 1894 1729 1968 hospitalitatis

928 1904 1021 2015 studio
1045 1959 1124 2016 valde
1144 1961 1267 2017 intentus
1295 1962 1397 2018 milites
1416 1972 1588 2021 transeuntes
1607 1965 1729 2036 hospitio

928 2038 1079 2102 susceptos,
1097 2047 1113 2086 a
1132 2031 1230 2088 Gothis
1253 2005 1436 2090 absconderit.
1461 2034 1584 2108 Cumque
1606 2036 1642 2093 ob
1666 2035 1728 2102 hoc,

927 2117 992 2157 urso
1016 2102 1157 2174 expositus
1177 2103 1284 2172 luisset,
1301 2112 1328 2159 et
1342 2104 1429 2162 bestia
1443 2105 1565 2187 episcopi
1584 2106 1666 2180 pedes
1684 2107 1730 2163 ie-

928 2173 1042 2229 rocitate
1074 2173 1198 2246 deposita
1227 2175 1370 2244 lamberet,
1403 2176 1530 2234 dimissas
1558 2185 1608 2234 est.
1645 2177 1730 2250 Cujus

927 2260 1026 2314 cerpus
1049 2259 1113 2300 cum
1137 2245 1166 2301 in
1194 2246 1258 2301 navi
1287 2246 1321 2303 ad
1349 2247 1537 2318 sepeliendum
1565 2249 1728 2316 deferretur,

927 2315 1001 2371 circa
1016 2322 1131 2388 utraque
1158 2315 1237 2372 navis
1252 2318 1337 2373 latera
1352 2318 1504 2389 procellosa
1521 2318 1602 2376 valde
1634 2320 1730 2391 pluvia

927 2386 1079 2453 descendit,
1096 2387 1124 2441 in
1142 2386 1227 2459 ipsam
1243 2397 1334 2443 autem
1348 2403 1384 2444 ne
1398 2405 1453 2444 una
1468 2389 1579 2462 quidem
1595 2397 1729 2463 guttace-

927 2456 1004 2512 cidit.
1021 2457 1143 2528 Virgilii,
1160 2458 1281 2530 episcopi
1295 2459 1464 2516 Arelatensis
1479 2468 1506 2515 et
1520 2461 1695 2518 confessoris.
1711 2485 1721 2509 ·

927 2527 997 2585 Vide
1022 2527 1090 2584 Acta
1112 2545 1130 2583 ι
1151 2528 1253 2584 hlartii.
1278 2529 1406 2597 «Attici,
1429 2529 1729 2604 Constantinopolitani

927 2597 1045 2681 episcopi
1062 2600 1277 2680 et'coniessoris,
1292 2600 1371 2726 cujrus
1386 2600 1502 2658 virtutes
1517 2602 1565 2658 lih.
1582 2619 1623 2659 xn
1638 2603 1728 2660 Histo-

927 2687 974 2726 ιιι)
989 2677 1133 2741 tripartitae
1147 2678 1308 2743 tanguntur.
1348 2687 1432 2739 necas,
1448 2679 1548 2729 sanctae
1559 2672 1662 2730 Anchee
1673 2675 1728 2728 vir·

927 2741 999 2813 ginis
1022 2747 1048 2795 et
1069 2742 1232 2814 martyris.»
1254 2745 1293 2800 De
1308 2741 1360 2799 hac
1374 2743 1438 2799 vide
1452 2759 1544 2815 supra.
1560 2743 1604 2800 An
1619 2743 1729 2800 Atticus

926 2811 1029 2869 sanctia
1043 2812 1142 2868 ascribi
1158 2823 1304 2879 mereatur,
1320 2814 1375 2870 alio
1390 2815 1451 2870 loco
1467 2813 1648 2887 inquiremus.

962 2884 1083 2950 Moris,
1108 2883 1170 2940 aliis
1192 2884 1301 2951 litteris,
1323 2884 1356 2940 de
1378 2883 1490 2942 Victore
1508 2885 1599 2941 textui
1620 2884 1727 2953 inserit,

928 2955 981 3011 loco
994 2954 1041 3026 qui
1058 2955 1171 3013 Xondris
1185 2955 1292 3011 dicitur.
1309 2955 1399 3011 Tum:
1420 2955 1501 3027 Apud
1519 2957 1730 3037 Vitruviumque

889 3031 910 3093 c
924 3028 1001 3098 vulgo
1013 3027 1109 3082 Bonna
1123 3026 1232 3083 dieitur.
1247 3028 1279 3083 ln
1294 3025 1358 3094 line,
1375 3025 1410 3082 de
1425 3027 1540 3084 Paulino
1553 3027 1643 3096 :«Qu1
1657 3043 1729 3101 gen-

924 3108 979 3154 tem
1006 3097 1312 3164 Nordanhumbrorum,
1341 3114 1401 3153 eam
1429 3098 1560 3154 videlicet
1586 3098 1728 3155 nationem

924 3169 1088 3241 Anglorum,
1104 3184 1164 3241 quae
1178 3169 1213 3225 ad
1227 3169 1252 3224 A
1272 3169 1394 3224 ailonem
1410 3168 1528 3224 Ηιιιιιιιιι
1543 3168 1668 3224 fluminis
1680 3169 1728 3225 ha·

924 3239 1038 3308 bitahat,
1055 3256 1117 3295 cum
1129 3255 1190 3312 rege
1202 3186 1413 3320 suoqlledwino,
1422 3239 1599 3366 predicando
1611 3238 1727 3321 verbum

924 3310 988 3366 fidei
1003 3311 1141 3367 convertit
1155 3310 1190 3366 ad
1203 3312 1363 3366 Domrnum.
1379 3311 1420 3365 Eo
1441 3327 1484 3365 em
1500 3310 1554 3378 die,
1566 3317 1654 3367 sancti
1664 3309 1727 3368 Cer·

923 3380 1001 3439 bonii
1016 3381 1137 3454 episcopi
1152 3388 1179 3437 et
1190 3381 1384 3438 contessoris.»
1406 3383 1446 3437 De
1460 3381 1640 3438 translatione
1654 3382 1727 3438 llar-

924 3453 1009 3521 tialis,
1024 3469 1060 3508 ex
1073 3453 1187 3508 Bnurno:
1210 3476 1220 3500 ι
1239 3452 1309 3509 Loth
1325 3451 1476 3534 prophete.
1491 3452 1568 3509 lotro
1584 3461 1729 3509 monaste-

925 3525 978 3592 rio,
991 3531 1092 3580 sancta
1103 3522 1269 3580 Felechildis
1285 3523 1400 3595 virginis
1412 3531 1439 3580 et
1448 3522 1605 3581 abbatisse.
1616 3524 1727 3591 Preces,

925 3594 1015 3668 passio
1037 3601 1138 3651 sanctes
1156 3594 1260 3652 Anchra
1279 3594 1407 3676 virginis.
1429 3594 1492 3665 lpso
1510 3595 1565 3662 die,
1590 3594 1728 3653 dedicatio

925 3666 1031 3723 ordinis
1054 3664 1537 3738 Coelestinorum,ub1quelocorum
1552 3665 1661 3793 praelati
1681 3682 1728 3722 or·

924 3738 999 3795 dinis
1023 3753 1078 3792 una
1102 3737 1147 3794 die
1161 3738 1314 3793 solenniter
1337 3736 1524 3794 celebranda.»
1576 3753 1622 3793 um
1654 3736 1728 3810 typis

925 3808 1115 3866 minoribus:‹
1128 3808 1242 3865 loannis
1262 3808 1363 3882 prioris
1385 3807 1596 3881 Bridlingtonie
1617 3808 1646 3865 in
1672 3809 1728 3865 An·

925 3881 990 4008 plia,
1018 3879 1125 3936 ordinis
1151 3880 1339 3952 Regularium,
1372 3879 1420 3953 qui
1441 3880 1618 3937 canonizatus
1647 3887 1729 3936 esta

947 3951 1067 4008 onilacio
1082 3952 1132 4009 lll.
1149 3953 1182 4008 ln
1197 3951 1294 4009 Galliis
1310 3951 1388 4007 'uxta
1401 3954 1511 4020 Aream,
1523 3951 1610 4009 sancti
1619 3952 1728 4009 Venan-

924 4023 957 4080 tii
985 4022 1114 4095 martyris
1143 4038 1206 4079 vere
1235 4023 1299 4079 nobi
1314 4023 1361 4080 is.»
1391 4023 1537 4079 Editiones
1563 4021 1728 4095 posteriores

925 4093 1070 4174 prefigunt
1082 4093 1145 4149 aliis
1160 4094 1270 4162 litteris,
1287 4095 1353 4150 Loth
1360 4095 1504 4165 prophete.
1519 4094 1551 4150 ln
1565 4101 1646 4152 textu
1660 4110 1727 4166 pra·

925 4173 966 4222 ter
989 4165 1072 4230 drcta,
1098 4180 1157 4244 pro,
1178 4165 1263 4218 decem
1282 4171 1306 4218 et
1329 4170 1435 4234 septem,
1460 4164 1571 4289 lepitur,
1597 4164 1728 4221 sociorum

925 4235 992 4304 ejus.
1006 4237 1045 4292 De
1059 4234 1160 4308 qurhns
1172 4233 1292 4290 ridenda
1305 4233 1345 4289 ibi
1360 4233 1463 4289 hlolani
1504 4235 1639 4292 nnotatio.
1654 4237 1728 4292 lnse·

927 4307 997 4362 ritur
1011 4304 1094 4361 etiam
1109 4304 1234 4361 Eboraci.
1250 4304 1437 4374 Augmentnm
1453 4319 1519 4360 sero
1531 4304 1631 4375 incipit
1639 4306 1674 4361 ab
1684 4305 1728 4361 his

889 4376 1035 4444 nverbis:
1060 4375 1112 4443 Qui
1127 4393 1185 4431 eom
1206 4375 1348 4442 notionem,
1368 4381 1421 4429 etc.
1437 4375 1477 4430 De
1496 4372 1646 4456 Cerbonio,
1666 4384 1729 4446 post

925 4446 1094 4518 conferreris,
1109 4446 1221 4502 additur
1232 4464 1258 4503 :e
1273 4443 1492 4517 Populoniensis,
1508 4441 1588 4523 cujus
1597 4445 1728 4516 rebquias

925 4518 1019 4575 attulit
1039 4517 1069 4573 in
1099 4516 1201 4574 Gallias
1228 4517 1312 4572 irater
1331 4515 1467 4573 liebertus
1494 4515 1653 4571 Pisanus.»
1689 4517 1729 4572 De

926 4588 1036 4646 Tancha
1053 4589 1190 4656 Trecensi,
1207 4595 1343 4658 utsupra.
1366 4587 1466 4642 ‹lotro
1481 4585 1648 4642 monasterio
1668 4602 1728 4642 san·

926 4668 977 4718 ctae
991 4658 1167 4726 Telechildis,
1183 4667 1236 4716 etc.
1252 4660 1284 4716 ln
1297 4657 1408 4730 Anglia,
1421 4656 1598 4726 monasterio,
1608 4656 1729 4715 Bridlin·

927 4732 1030 4804 gtonia,
1046 4731 1182 4804 depositio
1196 4731 1283 4788 saneti
1298 4730 1413 4787 loannis
1426 4728 1604 4799 contemmis,
1619 4735 1647 4786 et
1659 4729 1729 4803 prio-

928 4803 966 4861 ris
980 4802 1102 4875 ejusdem
1117 4802 1288 4870 monasterii,
1303 4801 1337 4858 de
1352 4800 1449 4859 ordine
1463 4801 1669 4875 Regularum·
1691 4803 1730 4857 lle

927 4882 1021 4933 sancto
1050 4875 1197 4944 Venantio,
1225 4881 1256 4931 ut
1284 4891 1397 5003 capre«
1420 4876 1452 4933 ln
1481 4873 1614 4941 llasteria,
1643 4870 1730 4928 sancti

928 4947 1028 5004 Nuncii
1047 4948 1222 5006 confessoris.
1239 4947 1290 5004 Die
1332 4945 1431 5016 ecima,
1446 4954 1605 5004 sanctorum
1621 4948 1731 5012 marty-

930 5035 991 5074 rum
1005 5018 1146 5100 Eulampii
1162 5029 1189 5076 et
1203 5017 1367 5090 Eulampiae.
1388 5019 1450 5090 lpso
1463 5017 1520 5084 die,
1535 5011 1673 5070 dedicatio
1688 5026 1732 5066 or·

73 5093 103 5143 ut
117 5087 290 5146 llrrwscr.
307 5087 360 5145 Sed
375 5094 437 5160 post
447 5088 533 5160 cgito,
548 5087 664 5144 attexit:
683 5087 758 5144 «llic
772 5087 875 5143 milites
928 5088 1339 5163 dinisCaalestrnornm,ubique
1346 5088 1471 5148 locorum
1482 5080 1725 5159 prelatiordinis,·

74 5155 245 5217 Christianos
269 5158 393 5232 hospicio
407 5159 513 5232 recipit,
529 5165 671 5232 propterea
692 5173 709 5214 a
730 5173 792 5230 rege
815 5157 876 5214 (ιο-
929 5167 995 5227 etc,
1008 5167 1039 5216 nt
1052 5160 1081 5215 in
1097 5161 1194 5232 priori.

1630 5483 1681 5542 Die
1692 5483 1735 5543 ll.

72 5494 190 5663 Ὕέιῖιι
209 5587 323 5645 Farsum
341 5588 515 5661 metropolim
542 5587 668 5657 Ciliciae,
689 5587 800 5658 natalis'¹
811 5584 1032 5645 beatissimorum
1052 5591 1207 5656 martyrum
1221 5577 1350 5647 Phareci,
1365 5575 1449 5635 nont
1462 5583 1491 5633 et
1504 5571 1669 5642 Andronici,
1688 5571 1738 5646 qui

76 5676 267 5746 pemecntione
280 5676 455 5745 Diocletiani,
476 5678 558 5749 longo
575 5684 697 5750 tempore
713 5676 844 5734 carcerali
860 5675 987 5749 squalore
1001 5673 1108 5741 afflicti,
1126 5681 1153 5729 at
1166 5669 1249 5727 tertio
1263 5665 1381 5726 diversis
1395 5663 1541 5723 tormentis
1554 5667 1582 5721 et
1595 5659 1740 5735 suppliciis

73 5767 238 5838 examinati,
254 5766 285 5826 iu
299 5766 473 5830 ecclesiane
491 5765 599 5828 Christi
614 5765 788 5840 triumphurn
804 5765 900 5839 gloriae
918 5764 1011 5839 adepti
1025 5770 1099 5823 sant.
1118 5764 1150 5820 ln
1164 5776 1233 5836 pago
1248 5757 1400 5828 Vilcaaino,
1415 5755 1505 5831 passio
1518 5759 1677 5814 sanctorum
1693 5745 1739 5804 Ni·
