3840 6136
213 207 265 269 328
898 193 1050 259 USUARDI
1068 192 1228 260 NONAGHI
1814 199 1867 259 329

982 317 1100 378 NOTAE.

250 421 318 507 Puri
327 428 393 477 sunt
401 417 837 488 Prona.,tlemten.,tarneeen.,
849 416 1095 489 Antaeum-blame,
1110 418 1261 489 Roswepd„
1276 415 1593 484 rosenmullerus,
1606 414 1715 471 uram.
1727 422 1754 471 et
1763 415 1869 474 bichn-

826 538 1029 598 vastantes
1048 537 1254 598 LECTIONES.

251 652 354 709 Omnes
378 645 486 704 codices
511 643 604 724 legunt
625 642 779 708 beatissimi,
807 652 922 717 excepto
953 645 1013 701 solo
1027 648 1052 706 A
1069 661 1125 700 nuo
1139 642 1373 701 constructionem
1387 649 1508 716 torquet,
1525 642 1741 710 sicennntiaus;
1757 649 1868 714 utquea

214 720 351 786 Pialensi,
377 718 406 774 in
431 733 495 790 quo,
522 715 686 788 simpliciter
707 714 784 770 beati.
800 714 948 787 Rosweyd.
963 732 1012 787 pro
1069 717 1141 770 beato
1157 716 1276 771 beciano
1291 714 1392 786 scripta
1412 714 1565 786 presbytero
1576 732 1588 780 ;
1610 714 1757 770 Pulsauen.
1773 713 1868 783 hahet,

214 794 328 860 Abibon,
355 789 452 849 scribit
476 787 576 861 Abilae,
602 802 653 842 neo
668 785 735 841 adeo
751 794 832 853 male,
849 802 912 841 oum
927 787 1010 841 etiam
1067 785 1208 858 descripto.
1219 786 1280 843 Non
1295 785 1399 859 placuit
1409 784 1656 857 Antuerp.·blaj0ri
1667 785 1715 841 illa
1725 785 1805 839 totins
1815 785 1867 841 Ec·

215 866 314 921 Allitas
339 861 502 934 appelletur,
527 857 687 914 Gamalielis
712 857 797 912 filius.
817 858 879 912 Hac
892 858 1011 929 septimo,
1066 857 1150 913 alesia
1165 874 1291 928 persona,
1315 865 1346 912 ut
1370 871 1405 912 ex
1419 856 1516 913 Adone
1529 856 1628 912 Noster
1642 856 1731 913 descri
1752 854 1801 922 sit,
1820 854 1867 912 sed

215 944 279 1004 etc,
295 931 451 1005 tegmdum
480 936 530 994 est,
555 927 700 984 referendo
722 926 757 982 ad
778 927 872 983 omnia
886 944 1010 1000 corpora.
1067 929 1155 1002 legere
1168 927 1694 999 maluit,odtotinsEmlesioepersonas.
1710 872 1786 984 idern
1802 942 1865 983 cum

214 1008 348 1063 Munerat.
375 1001 476 1076 posuit,
505 1001 568 1056 Hac.
597 999 672 1055 Idem
698 997 781 1054 hahet
794 998 947 1070 principiis,
962 1015 1012 1081 pro
1066 1000 1213 1055 Pulsanen.
1224 997 1605 1072 Constantinopolimscripsit,
1618 1013 1667 1071 pro
1679 997 1866 1055 Gomtantino·

211 1076 353 1150 principis,
376 1088 467 1129 errore
490 1070 670 1127 hauddubie
698 1069 857 1141 typothetae.
876 1071 1013 1199 Principis
1084 1071 1130 1126 oli.
1144 1071 1213 1127 ltam
1228 1086 1324 1126 rursus
1338 1069 1551 1142 Antnerp.·hiaj.
1575 1070 1685 1135 Entelli,
1699 1068 1818 1125 Graven.
1841 1076 1869 1126 st

214 1147 340 1213 lionorii,
365 1154 406 1201 est
429 1144 458 1198 in
477 1143 629 1197 Tornaceu.
655 1141 706 1196 reli
727 1141 756 1196 ui
780 1157 843 1197 oum
862 1149 950 1197 textu.
986 1142 1013 1199 io
1094 1141 1315 1208 olen.b'rmelli;
1331 1141 1611 1198 caterimeliuscum
1624 1140 1800 1212 aspiratione.
1817 1140 1867 1196 Su·

214 1219 281 1275 item
296 1216 435 1282 nonnulli,
452 1221 483 1269 ut
496 1212 638 1268 Herinien.
654 1220 680 1266 ot
723 1213 796 1268 olan.
812 1221 920 1282 atqnea
939 1213 1012 1268 beato
1085 1221 1180 1268 ersunt
1194 1211 1269 1268 modi
1283 1211 1420 1268 scribendi
1436 1211 1466 1266 iu
1480 1212 1667 1279 iherosolimis,
1685 1210 1869 1283 ierosolimis,

214 1289 331 1346 hnmano
349 1303 412 1359 pres
447 1291 511 1352 tera,
527 1283 613 1340 secuti
628 1299 725 1339 sumus
740 1281 870 1339 rua‘orem
884 1282 1012 1340 codicum
1066 1229 1241 1351 yerosolimis,
1254 1283 1663 1354 prommartiris,tlainalihelis,
1677 1281 1869 1340 Nicbcniediet

215 1374 373 1417 numerum.
455 1355 574 1413 Greven.
594 1361 626 1411 ut
640 1370 696 1411 non
710 1369 783 1411 seme
807 1354 885 1421 alias,
906 1353 954 1411 hie
967 1355 1012 1411 de
1066 1355 1236 1426 Nycbodemi,
1252 1369 1321 1428 quos
1338 1355 1405 1412 satis
1418 1360 1460 1411 est
1474 1353 1621 1411 indicasse.

882 1477 1186 1537 OSSERVATIONES.

251 1577 407 1642 Beatissimi
432 1576 644 1650 protomartyris
667 1575 792 1647 Stephani
818 1575 1014 1632 revelationem
1068 1577 1183 1649 proinde
1196 1586 1299 1634 etcum
1312 1585 1408 1634 nostro
1422 1575 1592 1635 conveniunt
1604 1574 1715 1633 laudata
1731 1574 1869 1652 Hierony·

214 1673 264 1714 sen
279 1653 469 1710 inventionem
485 1651 564 1720 longe
579 1646 820 1704 celebratissimam
835 1646 936 1719 insigni
953 1662 1014 1703 nar·
1068 1648 1159 1704 miana
1174 1647 1225 1706 hac
1239 1648 1294 1716 die,
1310 1649 1421 1722 quando
1436 1649 1548 1721 legunt:
1570 1649 1605 1704 ln
1617 1647 1800 1719 ierosolymis,
1821 1648 1870 1704 iii-

215 1726 332 1792 ratione,
347 1739 382 1779 ex
400 1721 522 1777 Liioiano
536 1718 709 1789 potissimum
726 1723 845 1788 accepta,
869 1717 1014 1774 exornavit
1067 1720 1152 1774 sentio
1173 1719 1293 1790 corporis
1308 1719 1453 1775 beatissimi
1467 1719 1603 1790 Stephani,
1624 1719 1709 1790 peimi
1727 1719 1867 1792 martyria

214 1799 286 1865 Ado,
303 1801 396 1851 textus
410 1790 452 1849 sui
468 1788 659 1856 substantiam,
677 1787 706 1842 ui
730 1786 820 1856 fallor,
836 1803 870 1843 ex
890 1788 1014 1846 Romano
1067 1796 1091 1845 et
1104 1796 1254 1846 sanctorem
1271 1790 1437 1859 Gumalielis,
1451 1789 1603 1846 Nisiademi
1623 1794 1649 1843 et
1671 1790 1784 1845 Abibon.
1810 1790 1869 1849 Ve-

215 1885 302 1943 parvo
318 1865 467 1930 deducens,
490 1860 536 1917 uhi
552 1861 593 1915 sic
615 1858 749 1914 hahetur:
769 1859 952 1930 ierosolymis,
973 1861 1014 1915 iii·
1069 1878 1131 1916 runi
1146 1861 1192 1917 hic
1205 1861 1343 1918 Notlrerus
1364 1862 1465 1917 iterum
1485 1861 1539 1915 alia
1557 1861 1688 1932 suggerit,
1703 1861 1803 1918 voleus
1816 1860 1869 1921 has

214 1941 301 1996 centio
318 1936 439 2006 corporis
457 1934 491 1988 B.
514 1930 649 2010 Stephani,
672 1929 837 2010 Gamelielis,
866 1930 1011 1998 Nicomedi,
1068 1931 1113 1988 die
1130 1940 1177 1988 aut
1192 1931 1355 2003 lapidatum,
1370 1932 1711 1988 autsaltemaGamaliele
1726 1933 1867 2005 sepultum

214 2011 327 2067 Abibon.
343 2008 428 2062 Porio
442 2019 476 2058 ex
492 2001 600 2073 prolixa
615 1999 721 2055 Adonis
736 1998 868 2056 historica
880 2003 1012 2074 panigyri
1028 2021 1051 2080 B
1070 2002 1252 2075 Stephanum,
1266 2006 1339 2060 sicut
1354 2003 1436 2059 hodie
1449 2019 1484 2058 ex
1499 2001 1559 2074 ejus
1574 2010 1665 2058 mente
1678 2003 1769 2074 passio
1785 2019 1870 2062 reuo-

214 2083 313 2139 Noster
326 2092 375 2133 sna
390 2074 484 2130 omnia
501 2071 646 2142 decerpsit,
661 2086 711 2126 uec
734 2070 768 2126 ad
784 2072 869 2126 latum
891 2088 928 2128 un
950 2089 1011 2128 uem
1071 2075 1153 2143 latur,
1167 2080 1192 2129 et
1203 2079 1313 2146 septimo
1331 2075 1518 2130 Kalendarum
1531 2075 1670 2142 tannarii,
1685 2091 1792 2130 amram
1804 2092 1868 2131 eor·

213 2169 229 2208 a
244 2150 319 2207 soliti
333 2145 457 2203 ductoris
466 2142 590 2214 vestigiis
602 2141 750 2198 deflectens
762 2159 768 2197 :
780 2142 847 2214 quin
861 2151 888 2198 et
898 2088 1013 2216 vafipso
1065 2163 1116 2216 pus
1129 2145 1294 2226 patefactum
1303 2152 1327 2200 el
1336 2146 1528 2216 ierosolymam
1537 2147 1697 2200 translatam
1712 2147 1756 2214 sit,
1767 2154 1799 2202 ut
1812 2148 1869 2204 aits

215 2223 297 2279 etiam
314 2224 439 2275 mutuato
463 2230 565 2282 errore,
588 2229 669 2285 quem
690 2212 818 2293 observat
836 2214 971 2270 Barouius
983 2215 1012 2270 in
1066 2224 1167 2284 comem,
1192 2218 1221 2272 in
1242 2217 1294 2284 uit,
1318 2217 1469 2271 curabimus
1487 2216 1603 2286 aperire,
1617 2224 1669 2272 ete.
1688 2217 1741 2272 Sed
1755 2233 1786 2274 aa
1801 2234 1869 2292 pro·

213 2293 294 2349 annis
308 2288 434 2355 lionorii,
450 2286 498 2341 ubi
513 2300 562 2357 pro
576 2299 649 2339 anuo
663 2289 782 2354 sephmo,
798 2285 929 2357 legendus
943 2294 1013 2342 esset
1067 2287 1142 2344 hatio
1163 2232 1336 2343 desideratur
1351 2287 1495 2354 hactenus,
1511 2287 1707 2359 Martyrologio
1724 2287 1784 2360 ejus
1806 2299 1868 2372 post

212 2363 352 2436 vigesimus
371 2359 488 2431 mmai.
513 2355 604 2411 Aliam
630 2370 742 2427 prorsus
760 2356 834 2410 viam
858 2356 1013 2428 ingreditur
1067 2375 1137 2416 xxvi
1150 2357 1278 2415 Octobris
1292 2357 1446 2415 deliciante.
1467 2359 1561 2431 Neque
1574 2366 1666 2414 tamen
1680 2360 1710 2414 in
1735 2361 1868 2418 omnihus

214 2435 352 2498 lithaniis,
366 2427 572 2485 translationem
596 2425 797 2508 Antiochenam
814 2426 1013 2508 llierouymia-
1067 2430 1193 2485 aberrare
1207 2429 1414 2487 hieNotlterum
1428 2446 1580 2497 censemus,
1595 2429 1868 2556 guandoquidemcx

214 2521 314 2562 norum
330 2503 496 2566 hesternam,
508 2514 571 2554 cum
583 2496 717 2552 hodierna
727 2505 887 2554 inventione
899 2514 1014 2570 conJun·
1067 2500 1183 2557 [luciani
1197 2501 1333 2557 relatione
1347 2509 1464 2570 constet,
1481 2516 1573 2557 mense
1619 2501 1737 2557 eoembri
1752 2502 1869 2560 inventa

232 2594 291 2642 ens,
307 2590 343 2631 ex
357 2588 412 2645 quo
427 2570 546 2642 sumpsit
559 2567 696 2623 Notlierus
710 2571 814 2638 omnia,
830 2585 891 2642 quai
905 2587 1013 2642 prace-
1067 2588 1125 2628 esse
1144 2584 1268 2629 cariora
1284 2573 1339 2629 Cur
1354 2582 1444 2629 autem
1471 2573 1522 2628 hac
1548 2590 1579 2628 111
1603 2572 1720 2644 Augusti
1742 2572 1866 2645 ejusdem

214 2596 291 2704 fleuit
305 2645 350 2702 die
364 2644 399 2699 de
413 2658 469 2697 uno
483 2656 518 2695 es
534 2638 681 2710 lapidibus,
698 2639 853 2696 Antiochia
874 2650 1013 2698 asservato
1068 2643 1237 2700 inventionis
1250 2642 1403 2700 celebretur
1417 2643 1563 2711 festivitas,
1581 2659 1636 2699 non
1659 2644 1749 2700 ausim
1762 2652 1866 2703 tamma

214 2726 241 2775 et
256 2715 397 2773 miraculis
410 2713 495 2778 claro,
521 2710 757 2766 commemoravit.
783 2711 846 2767 llaec
873 2712 1013 2794 llierony-
1067 2730 1218 2776 assertore:
1235 2715 1299 2770 vide
1310 2715 1444 2787 tantisper
1453 2713 1639 2785 conjecturam
1656 2715 1777 2784 baronii,
1804 2717 1866 2773 reli·

215 2790 369 2845 mianorum
384 2783 468 2838 verba
492 2789 557 2837 sunt
571 2798 600 2836 iv
620 2781 692 2836 Non.
715 2782 851 2853 Augusti:
867 2784 901 2839 ln
919 2783 1012 2840 Antia·
1067 2802 1187 2858 quasque
1200 2785 1260 2856 ejus
1274 2793 1300 2841 et
1314 2787 1479 2842 Florentinii
1493 2786 1664 2841 notationes:
1677 2787 1743 2842 item
1753 2787 1866 2844 Surium

214 2862 283 2927 chia,
301 2855 401 2912 nabilis
415 2853 593 2923 reliquiarum
617 2854 826 2924 protomartyris
851 2855 976 2925 Stephani
989 2861 1014 2910 et
1067 2856 1119 2912 hoe
1133 2856 1188 2925 die,
1201 2873 1233 2913 ao
1242 2856 1452 2913 tillemontium
1463 2866 1539 2913 tomo
1549 2857 1583 2923 ΙΙ,
1598 2873 1613 2911 a
1627 2872 1687 2929 pag.
1701 2859 1727 2924 l,
1739 2866 1765 2913 et
1775 2859 1805 2914 in
1816 2875 1865 2916 no·

215 2929 331 2995 diaconi,
346 2927 393 2999 qni
408 2923 579 2994 ierosolymis
592 2930 629 2977 est
650 2925 795 3003 lapidetis,
808 2941 841 2979 ea
854 2927 1012 2981 revelatione
1067 2928 1102 2983 tis
1116 2944 1131 2983 a
1147 2944 1207 3002 pag.
1222 2927 1286 2985 toi.
1302 2928 1437 2986 Caeterum
1449 2927 1590 2999 jamdicta
1602 2929 1769 3000 nulloplane
1785 2938 1865 3002 pacto

214 3003 326 3058 bociam
339 2997 496 3078 presbyteri,
520 2995 691 3066 corpusculus
713 3011 770 3062 eins
786 2996 956 3066 ierosolymis
975 3003 1014 3052 est
1066 2998 1160 3054 obesse
1174 3006 1287 3080 possunt
1301 2999 1475 3071 simplicitati
1487 2999 1656 3071 primigenia
1671 3000 1758 3072 ipsius
1771 3008 1868 3058 textui

215 3073 375 3128 translatos.
390 3069 439 3124 llis
449 3068 533 3140 igitur
548 3066 677 3121 insistens
690 3065 838 3132 Notlierus,
851 3081 886 3122 cx
902 3067 1012 3123 {labano
1066 3069 1194 3138 Usuardi,
1205 3069 1253 3143 qui
1268 3078 1299 3125 ut
1306 3070 1362 3141 jam
1376 3070 1509 3138 diximus,
1524 3069 1559 3126 ab
1578 3070 1675 3126 Adone
1689 3088 1739 3127 suo
1752 3087 1811 3128 nou
1826 3088 1867 3129 re·

214 3145 327 3217 adjicit:
347 3141 397 3199 libi
410 3138 502 3195 haberi
515 3137 613 3193 dicitur
632 3153 702 3191 urias
713 3138 744 3191 de
759 3137 901 3208 lapidibus,
917 3139 1011 3219 qnihns
1065 3141 1165 3206 cessit;
1180 3141 1420 3197 annuntiationem
1435 3142 1562 3198 ultimam
1576 3141 1609 3197 de
1621 3150 1716 3199 sancto
1730 3143 1866 3200 demntia

213 3218 243 3271 in
254 3214 376 3288 passione
390 3229 449 3278 sna,
466 3217 519 3266 etc.
531 3208 575 3264 Ad
585 3224 645 3280 qua
660 3207 802 3288 reflectens
811 3208 1009 3265 florentinius.
1065 3227 1100 3266 ex
1124 3212 1183 3283 ipso
1198 3213 1280 3267 etiam
1295 3213 1431 3268 verbatim
1447 3213 1604 3280 desumens,
1619 3220 1651 3268 nt
1664 3213 1751 3270 terme
1769 3214 1801 3270 iu
1814 3216 1866 3273 lto

214 3294 245 3343 ut
260 3286 360 3360 passim
375 3283 496 3341 Notliero
511 3279 629 3335 nimium
644 3278 753 3347 tribuit,
765 3295 824 3349 epus
835 3279 926 3336 fontes
936 3281 1010 3352 igno·
1067 3298 1147 3337 inano
1158 3299 1242 3355 parvo
1252 3283 1341 3355 posita
1350 3292 1401 3340 est.
1411 3284 1478 3340 Nam
1491 3283 1771 3355 Hieronymiauorum
1784 3286 1867 3344 lectio

214 3374 294 3426 rans;
312 3358 350 3413 ita
364 3355 411 3411 hic
435 3368 470 3409 ex
484 3352 534 3408 illo
547 3366 642 3406 ansam
658 3349 755 3423 arripit
779 3351 857 3422 plura
871 3367 1009 3407 commen·
1066 3353 1244 3424 subobscura,
1272 3370 1373 3411 nomen
1398 3362 1496 3423 mutat,
1521 3363 1569 3411 aut
1585 3356 1665 3411 aliter
1689 3355 1820 3426 intleotit,
1835 3364 1867 3414 ut

214 3430 308 3496 tandi;
338 3435 420 3500 atque
452 3424 525 3506 inter
555 3421 620 3503 alia¹
643 3437 706 3479 oum
745 3422 863 3502 Baronio
889 3422 1009 3490 dubitat,
1067 3425 1193 3552 Blaribus
1206 3433 1234 3481 ta
1247 3424 1358 3483 docebit
1375 3426 1501 3482 laudatus
1508 3425 1566 3498 jam
1580 3428 1866 3553 sapeFloreutiuius.

214 3509 307 3557 utrum
323 3515 372 3571 pro
395 3496 548 3560 Antiochia,
569 3492 746 3549 scribendum
766 3509 821 3549 non
840 3500 876 3548 sit
890 3495 1009 3561 Ancona,
1090 3497 1255 3553 eHermello
1271 3497 1341 3552 nihil
1356 3514 1472 3570 usquam
1489 3498 1604 3569 reperio.
1640 3498 1739 3554 rimam
1754 3515 1865 3556 anuum

215 3572 288 3644 quod
309 3569 369 3625 illic
383 3583 398 3623 e
414 3564 550 3643 lapidibus
560 3564 715 3642 'istisunus
738 3580 835 3634 magna
846 3566 878 3644 in
893 3581 1012 3621 venera·
1056 3568 1209 3624 tiationem
1223 3568 1264 3625 sie
1278 3569 1391 3626 metrice
1405 3578 1521 3625 exornat
1533 3568 1766 3628 wandalbertus:

215 3644 290 3699 tione
304 3639 447 3703 habeatur,
457 3635 549 3691 citatis
559 3649 588 3688 in
601 3649 665 3690 eum
676 3632 758 3688 linem
766 3641 853 3690 sancti
863 3636 1012 3706 Augustini

215 3709 408 3773 sermonibus,
422 3721 483 3778 qua
496 3704 592 3760 omnia
604 3703 637 3758 ad
653 3719 723 3757 xxvi
739 3704 896 3760 Decembris
909 3706 1012 3763 exami-
1127 3673 1212 3724 Turno
1230 3689 1287 3724 “¹⁰¹
1302 3674 1425 3733 3¹⁰⁰h³¹¹¹
1439 3675 1532 3725 ⁰⁰¹¹l⁰t
1546 3677 1651 3724 solenne
1670 3684 1774 3739 reperii.

453 3775 470 3786 ..
705 3773 734 3784 ..
860 3775 866 3785 .
904 3776 909 3786 .
1128 3736 1232 3786 Primus
1244 3739 1287 3800 qni
1299 3747 1406 3786 moriem
1419 3738 1513 3787 Christi
1527 3746 1566 3786 est
1583 3738 1714 3787 moriendo
1729 3745 1866 3804 sequutus.

215 3781 364 3847 nubuntur,
377 3793 440 3834 cum
452 3792 496 3843 iis,
511 3790 571 3901 quai
587 3774 621 3829 ab
634 3773 750 3830 eruditis
766 3775 963 3833 recentioribus
977 3793 1013 3834 ex
1128 3798 1265 3856 ammirei,
1282 3798 1450 3860 Nicodamus,
1467 3801 1571 3850 autnon
1584 3801 1741 3865 pariterque,

215 3855 257 3910 Au
296 3851 405 3908 slinoel
414 3847 477 3903 aliis
488 3862 521 3903 eo
534 3846 604 3901 lecta
615 3853 690 3900 sulti.
706 3847 798 3915 Atque
809 3845 867 3902 haett
876 3847 1013 3905 Notkurus
1130 3859 1241 3922 Inventi,
1254 3870 1315 3911 voto
1327 3863 1462 3922 fulgentes
1480 3862 1554 3912 laude
1569 3863 1686 3924 perenni.

215 3925 257 3998 pri
279 3925 316 3980 ie.
343 3922 380 3978 At
400 3922 487 3990 magis
505 3932 569 3973 curu
586 3917 710 3973 Romano
733 3932 828 3988 parvo,
850 3917 958 3988 Adone,
982 3936 1014 3978 ac

950 4046 1140 4107 AUCTARIA.

252 4156 406 4218 mamni,
416 4147 620 4214 liin-Lusum,
637 4145 882 4218 Arimin-itin,
899 4148 1013 4206 Uinii-
1066 4151 1130 4206 Hac
1142 4148 1256 4207 Notlieri
1272 4149 1397 4223 opinioni
1411 4150 1567 4208 conformia
1583 4159 1658 4208 sunt.
1677 4150 1813 4224 Sequitur
1831 4150 1873 4208 de

215 4218 958 4293 ison,Lususn.,Lovin1sn.,Atrianoruetlliivrc.
974 4221 1012 4277 ite
1066 4222 1204 4278 Hermello
1228 4238 1304 4293 pure.
1334 4222 1424 4278 Tum:
1456 4247 1466 4272 ι
1490 4223 1701 4295 Augustoduno,
1727 4221 1869 4296 depositio

215 4290 920 4355 hodietextnmsnumetiamexAdoneoonstruunt:
935 4293 1012 4349 «Hie
1065 4292 1152 4349 sancti
1168 4291 1297 4350 Enlronii
1312 4293 1444 4366 episcopi.
1459 4318 1470 4341 ·

215 4365 364 4433 rosolimis,
375 4362 501 4420 inventio
511 4361 633 4433 corporis
642 4359 792 4441 beatissimi
802 4361 1012 4435 prothomarty-
1101 4364 1282 4420 Hiannoran.
1298 4363 1415 4436 incipit:
1436 4365 1542 4437 «Apud
1552 4363 1698 4422 Novariam
1707 4363 1867 4432 civitatem,

215 4440 254 4498 ris
267 4437 398 4511 Stephani
406 4443 434 4491 et
448 4441 604 4490 sanctorum
619 4431 761 4488 Nicodemi
774 4431 917 4505 lAntiierp.
929 4434 1011 4491 Nico·
1066 4436 1156 4491 natale
1180 4435 1252 4492 heati
1269 4436 1420 4493 Gaudencii
1439 4437 1531 4508 episco
1553 4437 1561 4491 i
1579 4445 1607 4492 et
1619 4435 1797 4494 molinarii.
1812 4435 1867 4494 tlte

215 4508 316 4592 demi],
330 4503 760 4570 GamalielisetAbihon3siaut
774 4504 925 4561 revelatum
941 4513 1012 4562 esta
1065 4506 1153 4564 sancti
1168 4507 1280 4564 llartini
1296 4509 1420 4564 notarius
1434 4516 1504 4564 erat.
1547 4524 1601 4564 nne
1619 4514 1730 4564 sanctus
1742 4506 1867 4580 Simpli-

215 4584 345 4648 Domino,
361 4577 441 4634 heato
452 4575 612 4648 presbytero
623 4575 754 4641 Lucieno,
764 4575 882 4646 septimo
895 4576 1009 4633 lionorii
1024 4594 1048 4652 ι)
1065 4577 1161 4634 cianus
1168 4579 1287 4650 primum
1295 4579 1451 4651 episcopum
1458 4578 1584 4634 Novaria
1592 4578 1700 4636 civitati
1707 4577 1865 4635 ordinavit.

216 4650 349 4726 principis
366 4665 448 4704 anno.
465 4646 716 4716 Constantinopoli,
736 4647 826 4701 natale
840 4648 926 4703 sancti
938 4648 1011 4704 ller-
1066 4649 1117 4706 llic
1126 4666 1188 4705 cuni
1201 4649 1455 4721 Eusebioepiscopo
1464 4649 1649 4706 Vercelliense
1659 4648 1792 4705 exsilium
1804 4662 1866 4706 sus·

216 4723 292 4778 melli
302 4714 866 4791 martyris.Augustodunolbiac.-Lnbec.,
876 4720 1011 4792 Augusto·
1065 4720 1160 4787 tinuit,
1176 4729 1204 4777 et
1216 4729 1279 4778 ante
1294 4736 1342 4792 per
1357 4720 1463 4793 aliquot
1473 4720 1532 4776 dies
1542 4722 1571 4775 in
1585 4720 1741 4777 Mediolano
1755 4720 1786 4776 in
1802 4720 1869 4776 viii·

216 4789 317 4864 dimo],
333 4789 468 4862 depositio
482 4787 570 4843 sancti
586 4787 741 4859 Euphronii
755 4789 886 4861 episcopi.
906 4815 916 4838 ι
1065 4791 1135 4847 culis
1145 4791 1271 4846 detentus
1279 4791 1341 4847 luit.
1354 4792 1431 4847 Tunc
1441 4800 1551 4848 sanctus
1565 4790 1726 4847 Ambrosius
1737 4789 1867 4847 invisam

252 4899 410 4958 Censorias.
425 4913 431 4952 :
452 4920 461 4943 ·
477 4894 656 4963 lerosolimis,
668 4895 793 4953 inventio
807 4897 1010 4969 corporisbeali
1065 4878 1127 4918 eum
1140 4869 1168 4917 et
1181 4863 1251 4918 ³¹³⁰³
1265 4862 1403 4934 p‘aeoe'im
1417 4863 1506 4918 v⁰¹⁰i⁸
1516 4870 1542 4918 εἰ
1557 4878 1613 4919 ¹¹⁰⁰
1624 4862 1724 4933 pm·
1737 4861 1865 4919 mm

216 4968 347 5098 Stephani
362 4967 641 5041 prothoinartyris,et
655 4968 1011 5036 cumeoNiohodemi,Ga·
1065 4932 1099 4988 de
1113 4948 1183 5012 “3¹¹⁰
1198 4933 1386 5002 descendit’e‘
1400 4942 1509 4990 ”nm
1533 4934 1561 4989 in
1579 4949 1687 4991 mmm
1711 4935 1818 5005 p⁰³³t⁰⁸
1833 4932 1866 4989 ὴ

217 5060 261 5100 mii
275 5043 320 5111 iel,
345 5051 372 5096 et
395 5039 506 5096 Abihon
530 5039 602 5096 siciit
626 5040 775 5095 revelatum
791 5049 831 5095 est
849 5056 864 5095 a
881 5040 1009 5109 Domino,
1065 5004 1747 5149 gfflffknoffigffiffflfflffle¹s¹{,ee{¹¹A¹⁰gagffl¹s¹:qflti
1761 5018 1866 5131 ἓξὲξ

217 5203 301 5244 anno.
325 5200 418 5269 vania,
434 5183 481 5241 via
495 5181 595 5254 Appia,
617 5182 704 5237 sancti
727 5180 837 5237 'tarsitii
864 5183 957 5240 acoliti
984 5189 1012 5239 et
1065 5145 1867 5289 ῗὲῗίῗῃῗῐῗᾶἰΐξΡζὲξέξῖᾟὲξξξῇωὲἱηωῑξῖῗυῗέ

217 5266 381 5330 ΜΓῑΥΓ13”
627 5358 633 5370 ⁸
668 5358 673 5369 ι
737 5357 743 5368 ¹
835 5358 841 5369 Ι
989 5360 995 5371 ¹
1065 5261 1159 5361 pulti'is
1170 5287 1310 5369 remansit,
1319 5296 1346 5345 et
1357 5289 1624 5371 unguesetcaesaries
1633 5234 1864 5356 effutiviveret,

251 5364 451 5420 Bassaniam:
482 5385 492 5409 i
521 5357 700 5424 ierosolimis,
735 5366 860 5414 inventio
888 5375 936 5416 cor
972 5377 1011 5416 ris
1064 5361 1231 5416 crescebant.
1258 5361 1457 5427 Hierosolimis,
1482 5358 1866 5418 intentiosanotorumSte-

216 5435 289 5493 beati
303 5431 515 5505 protomartyris
528 5429 672 5510 Stephani,
695 5436 722 5485 et
745 5439 900 5486 sanctorum
948 5447 1010 5503 yon·
1064 5431 1160 5504 phaiii,
1175 5430 1344 5499 Gamalielis,
1359 5430 1511 5503 Nycodemi
1525 5438 1552 5488 et
1567 5431 1715 5488 Abilionis.
1733 5431 1799 5487 llaee
1812 5429 1866 5486 iu-

217 5504 303 5570 demi,
316 5502 474 5559 Gamalielis
488 5512 515 5558 et
529 5502 649 5558 Abibon.
673 5501 739 5568 Qun
753 5517 781 5556 se
801 5501 871 5556 tinio
895 5502 1010 5558 Honorii
1065 5503 1159 5559 ventio
1180 5503 1297 5575 septimo
1319 5503 1435 5558 lloiiorii
1460 5502 1593 5575 principis
1614 5502 1780 5561 annotasti
1809 5508 1865 5571 eti.

217 5573 477 5650 principisannoct
491 5573 608 5645 septimo
626 5572 764 5629 Kalendas
783 5517 906 5629 ianuarii
929 5575 1010 5629 allo·
1064 5573 1144 5631 heato
1168 5574 1289 5631 Lucieno
1300 5575 1440 5632 sacerdote
1466 5574 1542 5632 illam
1573 5583 1746 5646 procurante,
1762 5571 1811 5631 cui
1836 5580 1866 5630 et

218 5645 295 5704 mino
327 5644 457 5713 revelata,
480 5653 507 5701 at
528 5658 562 5701 us
585 5661 602 5701 a
622 5643 701 5702 beato
715 5641 837 5702 Lucisne
851 5642 1010 5718 presbytero
1064 5646 1196 5703 revelatio
1210 5646 1244 5702 de
1258 5646 1315 5703 illis
1330 5662 1347 5702 a
1361 5648 1417 5704 ileo
1436 5644 1469 5702 de
1483 5644 1523 5702 eis
1546 5644 1619 5704 iacta
1632 5652 1709 5702 est.»
1730 5645 1763 5702 ln
1788 5642 1867 5701 ller-

217 5715 304 5774 descri
324 5721 353 5771 ta
371 5659 576 5772 barbatusqSed
589 5715 690 5773 testum
704 5715 796 5799 agitur
816 5715 867 5799 hac
886 5714 941 5785 die,
957 5731 1011 5790 qua
1064 5717 1157 5785 mello,
1191 5727 1322 5777 urusost.
1337 5716 1453 5775 lubus:
1470 5719 1540 5776 «Au
1578 5715 1707 5788 stoduuo,
1723 5713 1866 5791 depotitio

218 5787 291 5846 idem
339 5792 401 5844 atus
415 5784 570 5857 Stephanus
584 5802 634 5857 pro
647 5787 758 5846 Christo
776 5786 913 5859 lapidatus
926 5793 1003 5846 est.»
1062 5788 1150 5848 sancti
1186 5789 1303 5848 nli-asini
1316 5788 1438 5863 episcopi
1449 5795 1478 5847 et
1490 5733 1693 5848 canigenas·

217 5115 297 5172 heato
310 5111 470 5242 ppesbymro
480 5109 612 5179 Lucieno,
624 5111 742 5182 septimo
752 5111 867 5166 llonorii
879 5111 1012 5184 principis
