3834 6136
134 200 187 260 995

653 182 826 241 uinculum
845 177 1089 237 LAUDUNENSIS
1108 175 1266 235 episcopt

1738 166 1790 227 tta

136 347 287 411 firmatum,
302 340 330 398 id
343 348 385 397 est
396 355 402 395 :
414 337 442 417 si
458 334 520 409 quis
533 336 762 408 metropolitanus
776 333 930 405 episcopus,
945 334 970 392 Α
986 331 1097 386 irritum
1112 325 1245 385 habeatur
1255 334 1282 382 et
1297 339 1424 382 vacuum.
1440 320 1576 378 Similiter
1588 325 1683 375 autem
1698 327 1791 377 aucto

135 440 190 498 uisi
209 439 282 512 quod
305 437 339 493 ad
362 451 439 491 suam
459 432 634 489 solummodo
650 431 787 502 propriam
815 429 933 500 pertinet

135 532 304 607 parochiam,
319 527 379 584 sine
393 526 509 583 consilio
519 532 545 579 et
560 525 702 579 uoluntate
716 520 932 592 carirprormaia-

136 626 204 682 lium
227 622 415 696 episcoporum
441 627 519 673 ostra
546 613 651 687 aliquid
676 629 753 680 agere
775 611 932 676 irritaverit,

136 712 284 788 gradussui
295 709 417 783 periculo
432 706 593 777 subjacebit,
607 712 634 758 et
644 703 716 775 (litori
727 701 812 768 egerit
824 699 933 753 irritum

136 802 269 858 habeatur
284 809 311 855 et
325 814 454 854 vectium.
464 796 516 851 Sed
532 792 666 867 quidquid
679 791 712 847 de
723 788 934 859 provincialium

135 891 359 962 coepiscoporum
387 885 487 953 causis,
518 898 666 954 eorumque
697 879 880 935 Ecclesiarmn
907 883 934 932 et

136 981 309 1047 clericorum,
337 986 419 1050 atque
436 975 607 1031 saecularium
630 969 838 1027 rreeessiraribus
856 983 935 1037 agere

54 1128 56 1133 ,
136 1076 183 1124 aut
197 1069 342 1139 disponere
358 1082 466 1122 necesse
483 1064 575 1129 luerit,
592 1063 644 1117 boc
659 1076 721 1116 cirin
733 1060 857 1114 omnium
871 1073 933 1113 con-

136 1175 217 1215 sensu
227 1155 504 1228 comprovincialium
519 1161 615 1225 agatur
631 1152 803 1223 pontilicnm,
820 1165 875 1204 uon
886 1147 934 1202 ali·

136 1265 190 1320 quo
209 1246 408 1302 dominationis
423 1245 505 1311 fastu,
526 1243 573 1298 sed
588 1241 745 1298 humillima
763 1248 790 1295 et
805 1237 935 1295 concordi

51 1367 54 1374 ·
135 1335 384 1403 administratione,
400 1333 471 1389 sicut
486 1332 620 1387 liouriuus
635 1330 691 1386 ait:
707 1331 765 1385 Non
780 1329 839 1382 ceni
852 1328 936 1382 enini-

135 1427 230 1495 struri,
244 1427 288 1481 sed
303 1427 455 1480 urinistrcre
469 1423 574 1491 (illeille.
591 1438 641 1487 xx,
656 1420 703 1489 26)
716 1439 725 1485 ;
740 1427 765 1474 et
781 1418 865 1474 olibi:
885 1419 936 1486 Qui

135 1518 225 1590 major
235 1525 274 1574 est
282 1524 407 1585 oestrum,
417 1515 467 1571 erit
478 1515 597 1570 irrirrister
607 1519 689 1568 cester
698 1511 864 1583 (ibid.,eers.
876 1511 936 1581 28),

136 1610 286 1682 etreliqua.
297 1634 306 1656 ›
320 1605 459 1663 lternunde
468 1621 563 1676 surpra,
573 1605 603 1659 dc
610 1602 769 1675 primatibus
779 1607 801 1655 ct
811 1607 936 1672 uretropo·

988 423 1068 477 ritate
1085 420 1146 475 fulti
1163 417 1313 490 apostolica
1329 413 1512 487 praecipimus,
1528 419 1561 467 ut
1576 409 1673 465 nullus
1688 415 1790 465 metro·

988 511 1137 581 politanus,
1158 508 1261 579 absque
1280 513 1441 569 ceterorum
1467 500 1592 556 omnium
1616 497 1791 568 comprovin-

987 600 1101 655 cialium
1129 598 1318 670 episcoporum
1343 592 1484 658 instantia,
1513 590 1677 660 aliquorum
1700 585 1792 643 audiet

987 706 1092 758 causas,
1115 689 1180 760 quia
1199 688 1283 743 irritae
1307 694 1397 751 erunt,
1413 690 1441 738 et
1454 682 1513 754 ipse
1525 693 1637 737 musam
1656 692 1708 748 pro
1723 677 1791 735 laeto

988 778 1074 834 (labli.
1096 804 1105 826 ι

989 931 1021 984 lu
1031 926 1287 986 Decretelibuslelii
1294 918 1640 996 pupe,rlcnietropolitonis
1655 919 1790 993 episcopie,

1097 1001 1142 1071 qui
1156 999 1210 1069 sne
1225 997 1337 1051 tricesim
1344 1013 1372 1050 us
1387 1001 1475 1049 sectus
1486 998 1546 1065 pest
1562 992 1685 1047 Petrrun.

1026 1137 1127 1208 (Epist.
1145 1135 1184 1204 l.)
1203 1133 1362 1200 ‹eroniam
1377 1136 1500 1188 sanctam
1517 1128 1672 1184 Romanam
1691 1127 1793 1183 Eccle-

989 1228 1057 1284 siam
1073 1228 1216 1297 primatem
1229 1224 1353 1279 ouinimu
1364 1219 1549 1277 Ecclesiarunr
1561 1233 1621 1274 esse
1632 1218 1792 1289 voluerunt,

990 1328 1018 1376 ut
1033 1318 1208 1375 sicutbeatus
1223 1319 1318 1373 Petrus
1327 1313 1467 1387 apostolus
1480 1312 1589 1383 prieurs
1604 1311 1792 1371 fuitomuintu

990 1409 1187 1480 apostolerum,
1211 1407 1249 1461 ita
1274 1411 1303 1460 et
1328 1403 1386 1459 baec
1409 1402 1543 1468 Ecclesia,
1567 1400 1659 1472 ipsius
1683 1403 1791 1460 neruiue

990 1507 1157 1566 consecrata,
1173 1497 1293 1553 liormrm
1316 1494 1478 1549 instituente
1494 1491 1584 1563 prima
1608 1500 1636 1547 et
1656 1500 1738 1563 capnt
1756 1493 1792 1548 sit

991 1596 1160 1653 ceterarum,
1177 1585 1253 1640 etad
1272 1599 1330 1639 earn
1354 1582 1430 1655 quasi
1446 1579 1481 1635 ad
1496 1586 1613 1635 matrem
1637 1586 1722 1650 atque
1739 1581 1792 1651 api·

136 1697 226 1752 litenis
238 1699 247 1763 t
251 1696 345 1751 ibidem
350 1701 410 1767 pest
424 1694 480 1750 elie
484 1694 505 1763 ).
527 1692 644 1748 «Nullus
654 1690 766 1763 primae,
779 1689 872 1744 nullus
882 1705 938 1743 ure·
954 1696 976 1755 Β
991 1692 1061 1743 ceni,
1077 1691 1172 1732 onmes
1187 1672 1302 1743 majores
1317 1670 1445 1728 Ecclesiae
1465 1685 1552 1726 causae
1572 1675 1600 1727 et
1617 1667 1729 1740 judicia
1741 1670 1791 1741 epi·

134 1787 328 1860 tropolitanus,
358 1785 504 1855 nullusque
525 1782 694 1854 reliquorum
727 1779 929 1850 episcoporum,

134 1877 332 1932 alteriusadeat
341 1875 492 1940 civitatem,
504 1871 593 1927 autad
605 1871 801 1942 possessionem
809 1872 930 1944 accedat,

134 1965 240 2036 quaead
260 1980 395 2019 cremnon
419 1963 547 2034 pertinet,
570 1969 596 2015 et
617 1961 729 2016 alterius
749 1962 869 2033 episcopi
891 1971 931 2018 est

132 2052 281 2124 parochiae,
297 2066 378 2120 super
393 2048 552 2120 cujusquam
570 2048 761 2121 dispositione,
779 2049 832 2104 nisi
852 2067 930 2107 roca·

106 2188 110 2197 .
134 2149 178 2198 tus
192 2141 226 2196 ab
247 2156 279 2194 eo
300 2138 379 2212 ctrjrrs
390 2138 461 2210 juris
477 2154 534 2193 esse
555 2138 736 2210 dignoscitur,
753 2147 784 2194 ut
799 2139 929 2210 quiddam

134 2228 172 2285 ibi
189 2228 316 2300 disponat
332 2229 375 2283 vel
399 2227 518 2294 ordinet,
533 2235 581 2282 aut
594 2225 707 2297 judicet,
732 2229 754 2282 si
775 2228 818 2283 sui
832 2228 931 2299 gradus

134 2315 238 2373 bonore
266 2315 350 2389 potiri
375 2316 504 2371 voluerii.
532 2315 581 2371 Sin
609 2317 689 2372 aliter
715 2319 929 2389 praesumpserit,

134 2405 328 2462 damnabitur:
358 2414 385 2460 et
404 2422 459 2460 non
487 2407 576 2460 solum
599 2406 657 2472 ille,
684 2405 731 2461 scd
756 2414 932 2478 cooperantes

134 2494 213 2566 eique
228 2495 450 2561 consentientes;
465 2496 530 2567 quia
545 2495 616 2551 sicut
635 2494 784 2562 ordinatio,
802 2496 841 2550 ita
853 2496 892 2550 eis
905 2503 932 2551 et

132 2581 265 2653 judicatio
287 2590 313 2636 et
331 2582 446 2635 aliarum
472 2598 562 2636 rerrrm
588 2582 733 2653 dispositio
759 2583 930 2653 prohibetur.

134 2669 201 2724 Nam
218 2671 264 2740 qui
290 2669 416 2725 ordinare
432 2687 488 2726 nou
511 2672 621 2742 poterit,
640 2672 759 2744 qualiter
770 2671 932 2742 judicabit?

133 2757 296 2813 Nullatenus
309 2760 404 2830 procul
417 2758 501 2814 dubio
512 2757 646 2829 judicabit
660 2771 706 2817 aut
721 2760 845 2831 judicare
859 2769 931 2833 pote-

134 2847 181 2914 rit,
203 2848 333 2918 quoniam
349 2848 419 2902 sicut
437 2849 549 2905 alterius
573 2867 644 2904 uxor
666 2866 716 2905 nec
735 2850 882 2905 adulterari
899 2850 932 2905 ab

133 2935 226 3006 aliquo
242 2937 285 2991 rel
301 2934 421 3006 judicari
436 2946 483 2992 aut
502 2939 622 3011 disponi,
637 2937 720 2992 nisia
743 2939 853 3009 proprio
872 2938 932 2993 siro

986 1784 1131 1841 scaporum
1146 1771 1295 1832 recurrant,
1311 1762 1423 1834 ejusque
1430 1760 1505 1831 justa
1518 1759 1678 1816 terminum
1689 1769 1797 1819 sumant

986 1857 1130 1914 sententia.
1147 1856 1203 1912 Nec
1217 1862 1295 1909 extra
1309 1855 1464 1910 llonranum
1480 1849 1639 1922 quidquam
1655 1864 1692 1905 ex
1706 1848 1796 1907 eisde-

985 1945 1060 2003 cenri
1077 1944 1175 2000 dehere
1190 1943 1360 2014 pontificem,
1377 1929 1515 2013 quatenus
1535 1954 1593 1995 non
1609 1939 1653 1996 its
1668 1945 1793 2010 proterve

986 2046 1012 2094 et
1025 2054 1074 2108 pro
1097 2037 1178 2092 libitu
1200 2035 1362 2106 cujusquam
1387 2049 1436 2089 suo
1451 2031 1566 2105 proprio
1589 2029 1734 2095 arbitrio,
1749 2029 1796 2103 qni

985 2130 1089 2202 busque
1113 2127 1343 2200 metropolitanis,
1369 2126 1440 2181 sicut
1460 2140 1537 2196 agere
1553 2121 1699 2189 solebant,
1720 2121 1796 2178 liceat

986 2220 1142 2276 inconsulto
1159 2219 1282 2274 Rorrrano
1305 2217 1436 2289 pontifice
1452 2222 1500 2271 aut
1519 2212 1644 2284 majores
1667 2212 1794 2269 Ecclesiae

986 2326 1080 2367 causas
1093 2308 1248 2373 deturbare,
1265 2313 1311 2361 ant
1326 2307 1466 2378 episcopos
1480 2304 1634 2360 damnare:
1653 2301 1702 2358 sed
1712 2318 1790 2359 com-

987 2398 1064 2453 rrurni
1078 2405 1180 2452 sanetas
1195 2398 1323 2452 lteruanm
1336 2395 1409 2451 sedis
1419 2395 1540 2466 episcopi
1551 2391 1686 2459 consilio,
1697 2400 1725 2448 ct
1734 2407 1792 2448 eeu·

986 2492 1061 2548 cordi
1078 2491 1197 2556 actione,
1216 2505 1329 2561 quiaque
1344 2494 1408 2543 sunt
1423 2485 1527 2542 Christi
1544 2485 1604 2540 zelo
1621 2482 1729 2555 agenda
1742 2481 1792 2537 dis

987 2589 1101 2655 ponant,
1119 2581 1342 2651 unanimiterque
1362 2584 1435 2634 recte
1450 2576 1581 2642 sentiant,
1597 2582 1627 2630 et
1646 2589 1710 2644 quae
1729 2589 1792 2629 eeu-

987 2673 1073 2728 serint
1084 2688 1138 2725 uon
1155 2671 1267 2726 sibimet
1279 2667 1470 2740 discrepando,
1487 2665 1535 2721 sed
1548 2667 1606 2721 Deo
1623 2664 1727 2737 placite
1737 2677 1791 2735 per·

987 2763 1090 2818 ficiant.
1104 2787 1112 2807 ι
1126 2764 1162 2817 Et
1175 2769 1233 2832 pest
1244 2778 1330 2832 praece
1345 2779 1350 2813 :
1371 2784 1379 2806 ι
1394 2760 1422 2814 Si
1432 2759 1494 2830 quis
1507 2759 1541 2812 ab
1557 2756 1697 2812 hodierna
1708 2755 1752 2811 die
1766 2763 1790 2810 et

988 2850 1115 2921 deinceps
1130 2851 1287 2922 episcopum
1308 2857 1405 2920 prater
1420 2847 1503 2919 hrrjus
1516 2854 1619 2902 sanetae
1641 2845 1715 2901 sedis
1727 2859 1789 2900 sen-

988 2940 1105 2993 tentiam
1121 2939 1261 3007 damnare,
1276 2945 1323 2992 aut
1338 2937 1447 3009 propria
1462 2936 1563 3008 pellere
1580 2933 1647 2989 sede
1664 2949 1788 3006 praesum-

133 3040 166 3080 eo
181 3025 292 3081 vivente
307 3026 488 3098 permittitur,
503 3028 543 3082 sic
558 3042 608 3082 nec
631 3043 702 3081 uxor
721 3026 852 3098 episcopi,
873 3043 933 3098 quse
950 3056 971 3114 C
988 3028 1082 3099 pserit,
1098 3028 1166 3083 sciat
1179 3044 1207 3082 se
1231 3025 1482 3098 irrecuperabiliter
1496 3041 1554 3080 esse
1569 3023 1745 3087 damnatum,
1764 3028 1789 3076 et

133 3112 192 3186 ejus
205 3115 327 3171 Ecclesia
346 3117 388 3171 rel
407 3117 536 3188 parochia
551 3115 742 3172 indubitanter
757 3116 933 3186 intelligitur,
990 3117 1100 3190 proprio
1114 3132 1205 3172 carere
1225 3117 1359 3187 perpetim
1374 3115 1488 3170 honore.
1505 3139 1514 3162 ι
1538 3115 1604 3168 item
1620 3111 1746 3182 ejusdem,
1759 3128 1788 3165 ce

133 3224 165 3264 ee
183 3209 304 3276 vivente,
322 3209 423 3280 absque
439 3208 497 3278 ejus
515 3206 623 3278 judicie
642 3215 669 3263 et
684 3207 836 3275 voluntate,
853 3210 931 3262 alten
988 3206 1096 3261 decretis
1110 3223 1168 3275 qnae
1181 3205 1291 3274 errrnpsit
1305 3222 1337 3258 ec
1355 3205 1461 3260 Nicoeue
1476 3202 1587 3257 concilio
1605 3202 1701 3274 (epist.
1717 3199 1789 3257 llad

128 3295 254 3369 judicare
268 3300 312 3354 rel
335 3299 489 3370 disponere,
512 3305 558 3352 aut
577 3297 636 3369 ejus
651 3298 800 3355 concubitu
824 3297 890 3365 frui,
905 3298 934 3353 id
989 3296 1165 3363 Orientalesf).
1192 3295 1247 3350 «tn
1264 3310 1359 3348 omnes
1378 3294 1498 3366 episcopi
1513 3294 1560 3366 qui
1580 3292 1610 3347 in
1627 3291 1786 3365 quibusdam

132 3395 172 3442 est
182 3387 370 3455 ordinatione,
385 3388 523 3442 ullatenus
534 3387 703 3443 conceditur.
719 3386 796 3444 Unde
810 3388 848 3442 ait
863 3390 933 3460 Apo·
989 3386 1161 3458 grauioribus
1174 3385 1317 3457 pulsantur
1329 3385 1372 3439 rel
1384 3383 1569 3439 criminantur
1581 3383 1674 3438 causis
1684 3382 1787 3454 quoties

131 3476 218 3531 stolus
233 3494 238 3531 :
254 3476 376 3547 diligete
389 3483 426 3531 est
439 3493 510 3531 recor
525 3476 583 3547 legi,
601 3478 721 3547 qrmediu
734 3476 842 3546 circius
857 3477 931 3532 trinit.
988 3490 1097 3529 necesse
1112 3474 1207 3542 luserit,
1229 3474 1313 3530 libere
1332 3473 1510 3546 apostolicam
1526 3471 1669 3543 appellent
1688 3470 1786 3538 sedem,

131 3566 172 3621 Ee
188 3565 388 3634 veredesuncto,
400 3568 487 3620 solerte
498 3574 535 3620 est
548 3585 565 3619 e
577 3567 628 3638 lepe
640 3567 728 3635 cirili
737 3568 798 3622 Cor.
812 3583 861 3633 vn,
872 3567 929 3637 39).
987 3573 1067 3636 atque
1083 3565 1116 3619 ad
1131 3580 1190 3618 eam
1207 3563 1282 3635 quasi
1303 3563 1336 3619 ad
1349 3570 1462 3617 matrem
1477 3559 1656 3631 confugiant,
1672 3569 1705 3615 ut
1718 3559 1787 3616 abes

131 3654 266 3709 Similiter
280 3662 307 3708 et
326 3669 424 3723 spensa
448 3652 579 3723 episcopi,
604 3654 668 3725 quia
686 3670 785 3724 sponsa
808 3670 932 3725 uxorque
987 3654 1053 3709 sicut
1068 3669 1173 3723 semper
1183 3652 1288 3724 luitpie¹
1304 3652 1464 3716 fulciantur,
1480 3649 1669 3704 defendantur
1683 3658 1711 3704 et
1724 3650 1784 3705 libe

69 3814 72 3818 ι
130 3742 189 3814 ejus
200 3743 304 3797 dicitur
319 3743 454 3808 Ecclesia,
469 3743 517 3798 illo
531 3745 644 3799 vivente
658 3751 700 3799 eet
715 3745 738 3799 ci
755 3745 875 3816 alligata.
890 3747 931 3801 Eo
986 3749 1090 3796 rentur.
1104 3741 1188 3812 Cujus
1198 3739 1373 3809 dispositioni
1389 3754 1484 3793 omnes
1494 3737 1786 3808 riiajoresecclesiasti·

130 3849 195 3888 vero
211 3832 342 3889 defuncto
357 3834 447 3888 soluta
461 3841 512 3900 est,
529 3834 571 3887 cui
592 3834 706 3889 coluerit
719 3835 812 3902 urebat,
828 3840 930 3888 teritum
985 3848 1030 3887 cas
1045 3837 1190 3898 caussas,.et
1205 3830 1394 3902 episcoporum
1410 3827 1525 3900 judicia,
1542 3827 1659 3901 antiqua
1676 3837 1787 3900 aposte-

130 3920 159 3976 r'e
171 3922 295 3988 Domino,
319 3920 347 3975 id
371 3929 412 3975 est
427 3920 597 3990 regulariter.
620 3920 648 3975 Si
669 3921 742 3975 enim
763 3938 794 3977 eo
819 3923 931 3981 virente
986 3922 1074 3976 lorum
1086 3938 1234 3994 eorumque
1247 3936 1435 3978 successorum
1447 3927 1530 3991 atque
1544 3935 1689 3975 canonum
1700 3928 1787 3976 aucto

129 4009 210 4064 alteri
234 4010 369 4080 nupserit,
386 4008 730 4080 adulteratajudicairitur.
754 4012 888 4069 Similiter
902 4023 928 4070 et
985 4012 1050 4066 ritas
1075 4013 1235 4080 reservarit,
1264 4012 1394 4084 quoniam
1419 4012 1566 4083 culpantur
1595 4011 1721 4084 episcopi
1744 4010 1786 4085 qui

131 4097 188 4165 ille,
206 4098 228 4151 si
244 4097 356 4151 alteram
371 4105 467 4168 sponte
482 4099 602 4165 duxerit,
617 4098 928 4173 adulterastimabitnr,
983 4103 1063 4158 aliter
1077 4119 1140 4174 erga
1160 4102 1257 4157 tratres
1268 4103 1375 4173 egerint
1386 4104 1469 4173 quant
1483 4100 1608 4172 ejusdem
1624 4101 1700 4158 sedis
1714 4117 1784 4175 papa

129 4192 156 4241 et
168 4185 363 4242 communione
386 4186 550 4259 privabitur.
568 4187 596 4244 Si
620 4196 710 4244 etitem
725 4200 883 4262 persecutus
898 4193 929 4247 in
984 4192 1043 4246 lteri
1063 4192 1203 4264 placuerit.
1226 4190 1332 4247 Placuit
1351 4198 1381 4245 nt
1398 4200 1541 4247 accusatus
1560 4190 1605 4246 rel
1617 4190 1785 4261 judicatura

128 4292 177 4333 sua
191 4276 275 4331 scierit
295 4278 429 4346 Ecclesia,
455 4279 616 4351 fugiendum
632 4289 674 4336 est
697 4281 739 4337 illi
754 4282 927 4350 adulteram,
983 4281 1262 4353 comprovincialibus
1277 4281 1306 4336 in
1322 4281 1502 4354 aliqnacausa
1513 4281 1660 4354 episcopus
1673 4282 1784 4337 licenter

127 4364 207 4438 eique
224 4373 265 4421 est
288 4367 443 4437 sociandus,
464 4367 573 4424 dicente
595 4370 730 4426 Donrino:
752 4371 780 4426 Si
795 4372 928 4442 persecuti
943 4412 966 4468 D
982 4372 1099 4442 appellet
1114 4371 1226 4426 etadeat
1240 4371 1397 4442 apostolica
1410 4371 1482 4427 sedis
1496 4369 1669 4443 pontificem,
1682 4370 1782 4444 quiaut

125 4472 171 4510 eos
194 4455 926 4531 ruerintinunmereioitetem,sugiteinaliern(Mettis,
982 4477 1029 4531 per
1051 4478 1078 4515 se
1103 4468 1150 4515 aut
1174 4477 1221 4533 per
1244 4460 1363 4517 vicarios
1384 4477 1449 4516 suris
1471 4461 1617 4517 retraetari
1642 4459 1782 4532 negotium

126 4543 181 4615 ²3).
195 4544 223 4599 Si
242 4553 332 4601 autern
349 4546 480 4603 utilitatis
494 4564 576 4604 causa
596 4550 678 4603 luerit
695 4549 854 4617 tristandus,
870 4567 924 4605 non
981 4559 1125 4623 procurret:
1150 4561 1176 4607 et
1196 4552 1262 4608 dum
1285 4553 1381 4608 iterato
1400 4551 1507 4623 judicie
1528 4552 1658 4623 pontifex
1675 4566 1781 4607 causam

127 4646 216 4701 perse
231 4633 283 4689 hoc
297 4636 572 4705 agat‚sedsratrihus
586 4638 782 4705 invitantibus,
797 4647 926 4694 etaricto·
980 4656 1056 4694 suam
1076 4641 1163 4708 audit,
1185 4642 1279 4697 rrirllus
1295 4641 1366 4696 alius
1390 4641 1419 4698 in
1442 4639 1501 4711 ejus
1516 4642 1578 4696 loce
1600 4648 1721 4713 ponatur
1737 4646 1782 4694 aut

126 4719 207 4775 ritate
222 4721 304 4792 hujus
321 4732 421 4780 sancte
440 4726 511 4781 sedis
524 4726 617 4795 faciat,
634 4743 689 4782 non
703 4728 924 4797 aurbituscausa,
980 4732 1123 4787 ordinetur
1144 4734 1297 4805 episcopus,
1319 4733 1449 4806 quoniam
1473 4749 1633 4805 (quanquam
1659 4747 1780 4804 compro·

126 4807 173 4865 sed
188 4808 326 4870 utilitatis.
345 4837 354 4863 2

56 5017 61 5024 ,
125 4962 158 5018 Ie
172 4961 352 5018 Decretelibue
368 4962 444 5017 Lucii
454 4979 543 5033 pepe,
558 4965 589 5019 de
602 4966 814 5037 nietropelitaais
827 4967 922 5038 episee·

201 5034 257 5106 pis,
272 5035 319 5106 qui
332 5034 386 5106 [eit
400 5035 535 5091 vicesimus
549 5037 640 5092 tertius
649 5044 711 5109 post
722 5040 841 5096 Petrum.

981 4822 1145 4878 vincialibus
1156 4824 1292 4895 episcopis
1304 4822 1423 4879 accusati
1434 4838 1543 4879 causam
1555 4822 1697 4896 pontificis
1709 4836 1779 4877 scru-

980 4914 1030 4968 tari
1046 4914 1136 4981 liceat,
1157 4930 1213 4969 non
1233 4921 1324 4970 tamen
1341 4914 1461 4971 diffinire
1485 4915 1644 4969 inconsulto
1658 4914 1779 4970 Romano

979 5003 1108 5076 pontifice
1125 5004 1288 5075 permissum
1308 5013 1363 5072 est;
1380 5021 1443 5061 cum
1459 5004 1540 5061 beato
1555 5005 1637 5060 Petro
1656 5003 1778 5076 apostole

979 5108 1034 5148 nou
1048 5091 1083 5147 ab
1098 5092 1153 5146 alie
1164 5109 1246 5164 quarn
1259 5092 1292 5147 ab
1308 5094 1366 5164 ipso
1379 5092 1484 5149 dictum
1500 5092 1535 5149 sit
1551 5093 1689 5148 Dourino:
1707 5092 1776 5158 Oce

161 5177 260 5248 (Epist.
275 5177 375 5250 errice.)
398 5177 516 5252 «Siquis
530 5181 757 5252 metropolitanus
768 5183 921 5255 episcopus,
977 5200 1077 5254 cneque
1091 5184 1213 5255 iipeeeris
1222 5201 1301 5255 srepcr
1313 5191 1422 5248 terram,
1432 5191 1509 5238 errem
1520 5183 1603 5254 ligatu
1614 5189 1638 5237 et
1650 5183 1679 5237 in
1690 5181 1777 5243 celis:

124 5263 177 5320 uisi
193 5267 266 5341 quod
274 5268 308 5323 ad
319 5284 396 5323 suam
411 5269 584 5326 solummodo
596 5271 733 5344 propriam
749 5272 868 5345 pertinet
878 5289 923 5344 pa·
977 5278 1002 5326 et
1016 5290 1176 5344 quecunque
1200 5274 1309 5329 solveris
1328 5278 1629 5345 erpeiamcurtem
1651 5273 1777 5327 solstuet

124 5352 257 5425 rochiam,
274 5357 332 5412 sine
346 5358 464 5414 consilio
475 5367 502 5415 et
512 5360 787 5417 voluntateomnium
799 5378 921 5435 compro·
978 5360 1005 5414 iu
1021 5363 1092 5417 celis
1106 5363 1215 5433 (blattis.
1232 5380 1292 5431 xri,
1309 5363 1363 5434 te).
1377 5362 1406 5419 Si
1419 5362 1481 5434 quis
1495 5361 1635 5434 putaverit
1651 5378 1682 5416 se
1695 5375 1776 5432 apro·

123 5441 285 5539 vincialiurn
299 5447 502 5520 episcoporum,
519 5459 598 5507 extra
613 5451 718 5523 aliquid
734 5467 812 5522 agere
828 5458 922 5506 tenta·
976 5450 1036 5521 prio
1056 5452 1268 5525 Metropolitano
1289 5453 1406 5525 gravari,
1422 5452 1494 5525 apud
1509 5452 1661 5509 Psimatem
1675 5450 1775 5507 dioece·

123 5537 205 5597 rent,
219 5533 318 5602 gradus
330 5537 372 5590 sui
388 5537 510 5606 periculo
525 5539 687 5611 subjacebit,
704 5548 729 5595 et
744 5539 817 5613 quod
836 5540 922 5612 egerit
975 5557 1045 5610 scos,
1071 5550 1118 5598 aet
1151 5560 1233 5614 penes
1262 5543 1425 5599 universalis
1448 5543 1617 5615 apostoticae
1647 5538 1775 5599 Ecclesia
