3834 6136
135 190 202 255 flat

132 347 227 405 1113133
241 350 343 421 pariter
353 353 456 410 tollunt
470 353 602 413 adsidere
616 372 707 414 voces.

132 436 266 509 Agnoscit
282 456 387 511 causas,
403 444 505 516 populo
520 445 663 516 referente,
678 446 803 504 doloris:

131 526 252 597 indolet,
268 545 300 587 ac
313 532 422 589 facilem
436 534 547 606 stringit
561 536 714 608 compassio
728 546 868 596 mentem:

131 615 257 676 Carceris
266 621 389 679 immites
403 624 504 682 blanda
517 626 616 699 pietate
633 629 774 687 ministros

130 706 266 765 Advocat.
283 710 432 771 Abducunt
446 715 533 772 sancti
548 733 576 773 se
591 717 699 776 visibus
714 720 769 788 illi,

130 794 243 854 Solvere
256 800 330 871 quod
345 803 422 859 nulia
437 812 563 877 poterant
575 807 682 864 ratione
697 816 837 880 nocentes,

129 885 203 952 Quos
218 888 287 943 3313
302 905 427 961 proceres
442 891 584 952 horrendas
604 912 724 970 mergere
739 898 820 954 morti

129 974 245 1032 Decreta
255 978 385 1036 tulerant.
402 981 461 1049 Quo
477 990 503 1040 te
518 1001 591 1042 nunc
603 994 710 1044 vertere
724 986 846 1058 demum,

128 1065 188 1132 Quo
203 1070 314 1140 poteris,
331 1072 417 1143 pietas
432 1074 446 1129 1
461 1074 564 1132 Vereor
574 1076 717 1149 persistere
731 1085 821 1151 coepto

127 1155 167 1212 Ne
181 1172 236 1212 non
253 1158 386 1228 sufficias;
401 1169 457 1230 aut,
474 1162 496 1218 si
512 1165 656 1235 persistere
668 1174 804 1236 3333331,

128 1242 287 1301 Indecorem
297 1246 402 1318 subeas,
414 1257 519 1307 tentata
532 1251 613 1322 forte,
625 1255 773 1327 repulsam.

127 1334 171 1389 En
182 1335 275 1391 feritas
294 1338 447 1412 refugitque
471 1357 574 1414 preces,
589 1344 747 1417 spernitque
759 1353 924 1417 precantem.

128 1423 242 1480 Praestat
256 1426 384 1483 divinum
399 1429 485 1503 magis
499 1433 642 1505 explorare
656 1433 796 1504 favorem,

128 1511 261 1586 Quodque
277 1525 376 1587 negant
391 1517 529 1590 homines,
545 1537 561 1577 a
575 1520 715 1594 majestate
730 1527 853 1597 precari:

128 1602 231 1660 Caetera
243 1604 284 1660 sic
298 1604 448 1678 quondam,
464 1606 505 1663 sic
515 1615 544 1663 tu
560 1623 688 1680 superare
703 1610 820 1668 solebas.

651 201 699 264 DE
718 198 804 268 VIFA
823 209 850 267 S.
875 210 1045 271 GERMANI.
1065 212 1187 272 -11111Ι
1208 203 1256 274 V'I.

1645 242 1648 246 ·
1714 212 1784 289 1131

940 369 966 429 Α
1017 363 1077 420 tet.
1091 364 1259 423 Η3313333
1276 368 1399 440 angelico
1421 384 1477 426 non
1500 369 1589 446 impar
1611 381 1669 432 vrta
1691 378 1782 437 colori

984 450 1024 507 Ne
1039 451 1097 508 sine
1112 459 1181 511 teste
1195 454 1275 525 foret,
1290 474 1338 513 sex
1350 458 1482 516 assedisse
1496 459 1623 518 feruntur

984 540 1083 603 Sancto
1096 541 1250 614 pontifices,
1264 546 1417 621 meritoque
1432 556 1459 605 et
1471 549 1583 607 nomine
1596 550 1663 608 clari

984 630 1117 704 Tempore
1132 633 1284 703 continuo;
1301 653 1349 694 seu
1362 655 1425 696 curu
1442 639 1576 698 miracula
1590 641 1694 699 mundo
1751 644 1754 653 '

983 715 1094 788 Ederet,
1117 728 1164 776 aut
1187 719 1316 777 crucibus
1332 739 1484 798 corpusque
1499 734 1629 800 artusque
1646 729 1781 788 domaret.

983 802 1018 860 111
1032 813 1115 863 133133
1127 823 1239 880 operum
1253 810 1349 866 multis
1363 826 1486 869 mansere
1497 813 1604 874 diebus.

1020 895 1080 953 113.
1106 897 1165 954 Η33
1190 897 1258 970 pede
1281 899 1389 958 difficili
1422 916 1580 976 quanquam
1610 905 1784 965 decurrimus

1667 992 1783 1068 [usque:

983 1079 1020 1135 At
1035 1095 1109 1138 nuuc
1123 1079 1240 1137 ulterius
1254 1088 1364 1139 tentans
1383 1083 1526 1141 intendere
1542 1100 1677 1158 gressum,

981 1168 1102 1226 Materia
1116 1170 1239 1227 novitate
1254 1187 1363 1245 premor
1379 1191 1387 1241 ;
1410 1181 1468 1230 turn
1485 1175 1606 1247 pondere
1621 1175 1721 1241 fessus,

982 1256 1024 1312 Ire
1038 1257 1149 1330 quidem
1165 1276 1270 1333 nequeo
1286 1280 1294 1331 ;
1310 1261 1399 1334 pudor
1413 1270 1453 1320 est
1468 1262 1604 1336 deponere
1617 1263 1730 1321 fascem.

982 1349 1072 1421 Atque
1086 1347 1204 1420 utinam,
1222 1350 1304 1408 rebus
1318 1352 1419 1410 coelum
1434 1353 1621 1411 crescentibus
1636 1369 1733 1428 usque,

982 1435 1109 1494 Crescere
1124 1440 1207 1496 verba
1218 1440 1306 1511 dares,
1318 1440 1394 1499 nasci
1410 1441 1458 1516 qui
1472 1442 1556 1499 verba
1569 1441 1669 1501 dedisti
1686 1443 1693 1500 1

982 1524 1119 1598 Eligerem
1134 1526 1185 1584 sub
1200 1528 1271 1585 fasce
1286 1529 1368 1599 mori,
1379 1545 1460 1605 quarn
1475 1530 1570 1588 cedere
1584 1531 1693 1605 coeptis.

983 1614 1035 1671 Sed
1051 1615 1118 1688 quid
1131 1633 1181 1691 ago
1196 1618 1210 1674 1
1225 1618 1383 1696 priscumne
1398 1620 1487 1677 sinam
1502 1620 1615 1695 periisse
1632 1621 1753 1680 laborem
1769 1622 1784 1679 1
1852 1615 1857 1627 ’

164 1697 224 1755 150.
242 1699 343 1757 Ρ33331
354 1703 473 1774 poenales
488 1720 610 1775 gressum
621 1704 741 1763 deflectit
757 1707 888 1766 incedes:
943 1705 1088 1783 BCuiquc
1108 1707 1201 1764 datum
1219 1710 1307 1782 pelagi
1327 1726 1396 1783 pene
1411 1711 1571 1785 contingere
1586 1711 1676 1784 littus,

127 1787 248 1846 llerubra
263 1791 321 1848 3313
331 1795 429 1851 sternit
447 1814 453 1852 :
469 1796 605 1854 Deitatem
616 1813 736 1855 cernuus
750 1806 829 1857 orat:

126 1877 181 1937 Nec
195 1881 281 1953 pietas
291 1885 420 1941 frustrata
433 1885 541 1955 virum;
558 1888 701 1962 patuitque
713 1897 824 1960 repente

127 1966 230 2039 Gratia,
242 1989 295 2045 qua
309 1981 415 2045 gratum
431 1974 558 2033 Christus
568 1976 696 2048 perflarat
711 1977 865 2034 alumnum.

125 2058 191 2116 bfox
206 2060 395 2120 fundamentis
409 2079 501 2121 carcer
514 2080 664 2121 concussus
677 2064 710 2120 ab
726 2064 801 2134 imis,

125 2148 261 2219 Solvitur,
273 2161 300 2207 et
313 2151 396 2223 rigidi
411 2152 580 2208 submittunt
591 2155 703 2210 vincula
716 2163 823 2226 postes3

125 2238 235 2308 Ferrea,
247 2239 348 2297 laxatis
362 2238 479 2297 immani
492 2243 613 2315 pondere
627 2232 764 2314 claustris,

125 2326 208 2383 Porta
222 2334 296 2398 patet
308 2347 314 2397 ;
331 2328 415 2386 dures
429 2332 531 2388 mirum
547 2334 720 2405 languescere
735 2351 835 2408 uerus,

125 2418 161 2473 Et
175 2418 298 2490 triplices
311 2420 404 2477 videas
414 2438 495 2478 usum
512 2421 651 2495 abjurasse
664 2431 782 2483 catenas.

125 2508 284 2565 Exonerata
299 2510 374 2582 gravi
387 2511 544 2568 relevantur
557 2513 678 2585 pondere
692 2515 773 2585 colla,

125 2597 213 2668 Colla,
235 2615 395 2673 manusque,
412 2602 503 2674 pedes,
519 2611 545 2659 et
560 2603 696 2678 quidquid
713 2604 757 2661 vis
769 2605 926 2664 truculenta

125 2690 253 2746 Arctarat
267 2690 355 2763 rigido
371 2692 533 2750 miserorum
549 2695 578 2750 iu
595 2711 708 2768 corpore
721 2697 793 2753 ferro
810 2716 817 2767 ;

125 2778 255 2836 Absolvit
270 2780 367 2853 pietas,
384 2782 472 2839 rabies
484 2783 556 2857 quod
568 2784 695 2840 vinxerat
708 2793 776 2843 atra.

127 2867 149 2926 0
167 2886 274 2944 semper
288 2873 400 2928 robusta
411 2872 494 2930 fidesl
511 2872 555 2930 cui
576 2872 697 2945 subjacet
707 2890 798 2945 omne,

125 2959 204 3027 Quod
216 2973 314 3019 natura
331 2971 421 3036 negat,
434 2965 518 3022 certis
531 2980 612 3037 quarn
624 2963 729 3036 legibus
743 2965 784 3020 uti

126 3049 307 3123 Omnipotens
322 3053 461 3126 prohibet,
477 3054 537 3110 ficri
548 3053 683 3128 siquando
697 3060 834 3127 perurget,

125 3140 191 3196 Essa
202 3142 275 3214 quod
294 3141 449 3211 insolitum,
465 3152 563 3199 natura
577 3151 654 3213 teste,
666 3143 815 3216 probatur,

127 3230 386 3306 Proruitexemptis
401 3234 563 3290 miserorum
578 3233 675 3290 concio
688 3232 798 3302 vinclis,

125 3320 267 3395 Squalida,
282 3323 369 3397 pigra,
386 3324 511 3394 horrens,
523 3323 699 3392 miserabilis,
711 3324 829 3397 bispida,
847 3339 924 3379 mar-

795 3411 887 3485 [ceus;

124 3508 238 3579 Praeque
254 3508 344 3563 ferens
358 3521 459 3560 vacuos
475 3503 550 3559 facili
566 3502 714 3574 gestamine
724 3518 821 3572 nexus,

124 3596 193 3665 Quis
208 3595 284 3667 prius
301 3592 451 3664 implicitos
460 3592 555 3649 feritas
568 3591 722 3648 obduxerat
731 3599 816 3649 artus.

123 3685 276 3757 Linquitur
290 3683 426 3739 innocuus
440 3681 550 3752 tandem
567 3689 630 3753 post
647 3688 770 3754 tempora
785 3697 888 3753 carcer,

124 3776 334 3845 Immunemque
350 3772 423 3828 necis
437 3771 533 3843 pandit
554 3770 736 3828 subeuntibus
750 3772 851 3830 33133.

123 3862 254 3920 Ecclesia
269 3861 385 3934 gremio,
402 3860 475 3932 pacis
491 3867 630 3932 praeunte
644 3861 797 3932 triumpho,

124 3952 277 4008 Germanus
291 3950 420 4006 reducem
435 3950 505 4004 mira
515 3949 617 4023 pietate
632 3946 774 4003 cohortem

124 4041 233 4098 luserit.
249 4043 300 4098 Illa
314 4058 387 4097 novo
402 4041 556 4113 persultans
570 4038 692 4095 carmine
708 4037 824 4108 plaudit.

982 1794 1069 1852 Unius
1084 1793 1193 1868 objectu
1208 1803 1235 1853 et
1249 1799 1355 1874 trepida
1367 1800 1516 1858 formidine
1529 1801 1589 1858 saxi

982 1882 1079 1939 lintea
1094 1884 1243 1955 retrodare,
1261 1895 1288 1943 et
1303 1888 1392 1960 patiar
1404 1889 1582 1948 succumbere
1596 1890 1705 1948 noxa?

982 1971 1052 2039 Huc,
1068 1969 1158 2040 Pater,
1173 1974 1276 2047 aspires
1289 1976 1362 2033 votis
1373 1976 1542 2050 ingentibus,
1561 1995 1622 2045 oro,

980 2059 1101 2134 Spesque
1115 2063 1209 2133 procul
1225 2063 1301 2120 fusas
1314 2064 1343 2119 in
1360 2066 1477 2138 pectoris
1491 2074 1570 2123 antra
1583 2067 1713 2126 refundas

981 2149 1101 2207 i'italem
1116 2149 1220 2208 functis
1234 2151 1354 2209 animam
1369 2153 1414 2210 cui
1429 2154 1543 2212 reddere
1557 2155 1688 2214 membris

981 2241 1124 2311 Quondam
1141 2259 1220 2316 posse
1231 2245 1285 2301 fuit
1300 2262 1410 2304 coenosa
1426 2249 1498 2305 mole
1516 2257 1639 2323 gravato.

981 2336 1151 2408 Argumenta
1164 2337 1206 2395 tui
1219 2337 1325 2411 capiam
1340 2345 1432 2395 tamen
1443 2339 1509 2397 inde
1523 2341 1638 2413 favoris,

980 2426 1009 2484 Si
1028 2429 1120 2498 modo,
1136 2429 1210 2502 quod
1224 2428 1349 2501 memini,
1372 2429 1425 2487 rite
1439 2447 1598 2504 percurrere
1612 2433 1709 2493 dones.

1288 2573 1411 2642 'carus
1427 2585 1462 2643 11.

980 2672 1080 2731 Ibidem
1099 2677 1235 2741 mortuum
1258 2674 1400 2742 33331131.,·
1431 2677 1527 2733 liberet
1551 2693 1781 2752 conquassatum

1210 2747 1334 2819 praedicit
1346 2747 1444 2803 obitum
1458 2765 1545 2806 3333.
1620 2766 1623 2770 ·

1016 2859 1077 2920 tet.
1101 2862 1269 2922 Volusianus
1290 2871 1348 2922 erat
1368 2865 1497 2939 precelso
1515 2865 1629 2924 nomine
1654 2868 1778 2944 quidam,

979 2951 1061 3008 Urbis
1076 2952 1202 3024 patricio,
1218 2952 1270 3011 toti
1283 2952 1400 3011 dilectus
1413 2962 1440 3011 et
1456 2955 1530 3025 urbi,

939 3082 961 3144 C
979 3041 1068 3114 Atque
1079 3058 1095 3096 a
1108 3043 1238 3100 cancellis
1253 3045 1343 3115 prisco
1357 3043 1391 3100 de
1405 3060 1481 3100 more
1495 3045 1633 3105 minister.

978 3131 1067 3188 Filius
1080 3132 1146 3188 huic
1165 3133 1261 3204 primis
1277 3133 1397 3205 impense
1412 3140 1504 3205 gratus
1518 3134 1650 3204 inaneis,

977 3221 1037 3278 Jam
1053 3221 1257 3295 promulganda
1272 3237 1346 3294 spem
1360 3222 1527 3294 posteritatis
1541 3225 1630 3282 313131
1644 3243 1653 3294 ;

979 3320 1004 3375 13
1019 3328 1110 3377 13333
1127 3318 1281 3375 immodicae
1293 3319 1416 3391 pulsatus
1431 3319 1544 3378 verbere
1559 3321 1655 3394 febris,

979 3410 1078 3467 Tabuit
1092 3409 1208 3477 infelix;
1225 3411 1294 3467 furit
1305 3409 1414 3466 ossibus
1428 3410 1527 3468 intima
1540 3414 1633 3486 pestis,

978 3500 1051 3568 Quin
1065 3501 1147 3558 etiam
1162 3499 1280 3573 liquidas
1291 3498 1348 3572 jam
1369 3499 1531 3572 depopulata
1548 3504 1681 3562 medullas
1698 3526 1705 3575 ;

979 3588 1110 3646 Torrebat
1120 3588 1229 3646 vicibus
1244 3588 1374 3645 miserum
1387 3588 1527 3663 frigusque
1541 3593 1671 3666 calorque

978 3678 1103 3749 Pestifer,
1120 3678 1242 3748 insanus,
1258 3677 1432 3748 miserabilis,
1450 3678 1650 3741 immoderatus
1665 3703 1672 3753 ;

978 3769 1181 3844 Pertaesumque
1196 3769 1263 3839 cibi,
1280 3778 1424 3842 pertesum
1440 3769 1559 3844 denique
1571 3779 1664 3845 potus,

978 3860 1094 3917 Ferreus
1109 3859 1139 3916 in
1156 3866 1271 3917 mortem
1287 3858 1424 3933 perstabat
1438 3859 1548 3917 trudere
1562 3877 1686 3921 somnus.

978 3946 1036 4003 lam
1050 3948 1153 4005 cedunt
1167 3946 1266 4005 medici
1283 3964 1290 4015 ;
1310 3963 1371 4020 spes
1385 3954 1426 4004 est
1441 3949 1548 4004 sublata
1563 3949 1661 4008 salutis
1679 3969 1687 4019 ;

980 4035 1134 4092 Percelluut
1147 4036 1269 4107 trepidos
1283 4043 1393 4092 tantum
1404 4037 1524 4095 lamenta
1537 4047 1673 4113 parentes,
1736 4108 1740 4114 ,

156 4131 217 4189 151.
238 4131 341 4189 113113
364 4131 530 4187 immensum
550 4129 657 4186 meritis
680 4128 816 4185 instructa
837 4128 924 4187 beatis
978 4125 1081 4181 Lurida
1094 4125 1124 4181 iu
1137 4134 1267 4181 aeternam
1284 4128 1426 4182 clausuros
1438 4129 1545 4185 lumina
1560 4142 1687 4190 mortem.

124 4227 209 4283 Fama
222 4220 311 4280 Patris
322 4224 413 4297 magni
421 4242 428 4292 ;
441 4223 583 4295 signorum
599 4222 687 4295 gloria
700 4238 751 4278 nec
765 4239 821 4279 non

124 4316 204 4374 Clara
216 4330 307 4371 comes
321 4313 436 4386 populos
450 4312 485 4368 ad
501 4312 629 4385 dogmata
642 4320 737 4369 sancta
751 4310 840 4368 ciebat

123 4405 147 4462 Ε
166 4405 274 4461 3333113
288 4418 433 4476 properare
449 4401 526 4471 13313,
545 4401 645 4474 quibus
658 4401 744 4458 ardua
756 4400 845 4457 virtus

122 4494 290 4551 iamdudum
300 4500 440 4565 comperta
451 4493 530 4549 foret.
547 4491 687 4549 Facundia
701 4505 857 4564 quanquam

978 4212 1050 4269 Vota
1064 4211 1112 4269 sed
1126 4212 1161 4267 ad
1175 4218 1301 4269 sanctum
1316 4228 1401 4284 prope
1414 4228 1474 4269 sera
1488 4215 1603 4286 tulistis,
1618 4221 1711 4277 amici.

976 4300 1121 4358 Prevertit
1136 4301 1190 4358 3113
1204 4315 1289 4370 mors,
1309 4300 1456 4374 nullique
1472 4319 1583 4376 parcere
1599 4307 1687 4363 novit.

978 4397 1028 4453 1113
1040 4403 1131 4452 13333
1147 4401 1284 4468 properat,
1300 4400 1373 4452 coetu
1386 4394 1536 4451 comitante
1549 4395 1670 4467 piorum.

977 4487 1097 4543 Nuntius
1111 4485 1217 4543 interea
1230 4492 1320 4555 coepto
1333 4483 1452 4541 deterret
1465 4491 1573 4555 euntes,

123 4585 203 4643 Nunc
216 4583 286 4641 mihi
302 4591 467 4657 suppeteret,
479 4582 554 4640 soliti
569 4598 650 4655 quam
658 4581 779 4639 carmine
792 4588 868 4637 vates
975 4575 1031 4633 Nec
1042 4575 1111 4644 fore,
1127 4590 1181 4648 qua
1194 4588 1252 4630 sese
1267 4572 1367 4646 presul
1380 4571 1487 4630 ratione
1501 4571 1607 4646 fatiget,

123 4674 242 4748 Gutture
252 4673 406 4742 centicano,
422 4673 592 4746 totidemque
608 4686 753 4745 exposcere
766 4669 884 4742 linguis;
977 4664 1056 4735 Quod
1068 4681 1136 4738 puer
1149 4671 1279 4722 extrema
1288 4662 1382 4736 jussus
1393 4664 1542 4723 concedere
1555 4665 1635 4735 sorti,

124 4764 238 4835 Singula
253 4779 304 4820 uec
319 4761 436 4820 modicis
450 4778 556 4836 possem
571 4761 754 4836 perstringere
766 4758 868 4828 verbis,
976 4762 1112 4838 Sparserit
1124 4761 1154 4819 in
1168 4770 1264 4820 tenues
1277 4779 1358 4819 usum
1373 4760 1531 4836 spiraminis
1545 4777 1636 4820 auras.

124 4851 190 4920 Quae
206 4852 285 4908 Pater
299 4850 431 4908 Ausoniis
448 4850 581 4907 miracula
600 4849 712 4922 gesserit
724 4847 790 4917 oris,

126 4941 321 5014 Amplificante
336 4943 392 4998 Deo
402 4941 509 4999 dilecta
520 4955 635 4997 munera
647 4939 730 4996 dotis.

1014 4850 1779 4925 155.Tuu1veroprecibussubiguutcommuuibusomnes

978 4940 1075 5000 Officio
1090 4949 1209 5016 perstare
1225 4941 1270 5015 pio
1284 4959 1291 5011 ;
1312 4954 1363 4999 uec
1379 4939 1490 5000 distulit
1504 4941 1563 5000 1113.
1576 4960 1577 4964 ’

125 5030 194 5100 Quis
213 5047 269 5086 nou
283 5029 426 5103 quaesitam
443 5028 609 5085 membrisve
621 5027 756 5084 animisve
775 5028 888 5085 medela
977 5030 1127 5087 inveniunt
1141 5030 1254 5104 rigidos,
1269 5028 1348 5088 fibris
1361 5029 1557 5099 marcentibus,
1571 5035 1657 5098 artus,

126 5121 225 5177 1133311
240 5137 318 5192 opem
330 5119 344 5175 1
361 5118 413 5176 Cui
428 5134 484 5174 333
500 5118 628 5175 faverunt
641 5123 706 5173 vota
720 5118 854 5189 petenti?

126 5210 195 5278 Quis
205 5227 260 5266 uon
271 5208 433 5266 munificum
449 5208 631 5266 cumulandus
647 5222 759 5263 munere
769 5206 883 5263 sensit?

127 5305 273 5359 Ductorem
287 5299 414 5368 stolidus,
431 5306 535 5372 patrem
548 5297 682 5371 persensit
697 5312 808 5370 egenus,

128 5392 300 5449 Submissum
322 5389 442 5458 minimi,
459 5388 644 5446 venerandum
668 5388 787 5460 denique
802 5383 904 5443 summi
914 5403 922 5455 ;

128 5483 219 5556 thue
228 5485 307 5540 docet
321 5483 431 5551 Paulus,
443 5482 483 5538 sic
497 5481 625 5537 omnibus
639 5479 732 5536 omnia
747 5482 844 5547 factus,

128 5573 240 5632 Divinis
255 5589 350 5631 omnes
361 5573 466 5631 studuit
479 5570 673 5628 transfundere
687 5567 781 5625 lucris.

978 5121 1014 5176 Et
1022 5119 1081 5192 jam
1093 5128 1252 5178 concretum
1266 5120 1342 5177 letali
1356 5119 1458 5192 frigore
1471 5124 1566 5191 pectus
1581 5136 1588 5176 :

979 5210 1067 5282 thue
1082 5215 1122 5265 est
1137 5207 1311 5266 Christicolis
1326 5209 1451 5282 ritusque
1464 5214 1493 5265 31
1502 5223 1568 5266 cura
1582 5206 1712 5277 salubris,

979 5299 1113 5355 Functam
1125 5296 1288 5353 muneribus
1301 5295 1424 5353 violenta
1438 5303 1511 5353 sorte
1524 5296 1636 5354 caducis

981 5385 1181 5445 Commendant
1194 5385 1326 5456 animam,
1341 5385 1387 5443 cui
1401 5385 1502 5442 vivunt
1516 5384 1619 5455 omnia,
1635 5385 1712 5459 Regi.

981 5475 1053 5532 Hinc
1066 5489 1186 5530 remeare
1201 5479 1307 5546 parant.
1323 5472 1392 5528 Fum
1407 5472 1498 5530 luctus
1510 5471 1620 5529 tollitur
1635 5472 1741 5546 ingens,

981 5563 1192 5638 Permixtusque
1206 5562 1272 5620 ferit
1283 5562 1449 5636 populorum
1463 5562 1553 5620 sidera
1567 5563 1692 5637 plangor,
