3834 6136
123 191 175 254 stt
311 164 322 175 ’
787 189 936 248 usurum
955 189 1115 248 uonscm
1205 141 1206 144 Ὺ
1724 181 1778 241 sse

123 317 207 376 iidem
225 333 301 384 ;com
321 314 436 387 sortibus
451 316 582 371 cubilitus
597 316 741 371 decollatus
760 321 805 384 est,
817 317 918 372 omissa
934 323 960 382 Α
974 325 1026 373 rat.
1049 316 1076 370 in
1087 315 1142 370 alio
1157 311 1304 380 excedens,
1321 327 1385 369 narn
1400 315 1462 383 post
1475 309 1607 367 exhibiles
1622 303 1731 377 subdit,
1746 327 1778 367 oe

123 389 258 463 particula
268 407 308 444 oc.
320 387 541 470 Antuerp.-lllaj.
559 387 742 468 elsexultimi
757 396 920 469 eupungunt
977 388 1080 443 taedent
1095 387 1239 443 decollatus
1253 390 1299 440 cst.

123 477 191 531 eam,
203 461 312 532 jubente
324 461 402 516 Decio
416 461 543 530 praelibas,
558 459 632 532 quod
646 466 727 514 elram
738 457 806 516 lacit
820 461 922 517 Mune-

799 583 1100 643 OBSERVATIONES.

163 688 259 759 Vipilio
273 686 358 743 seneli
376 682 525 741 muscentii.
543 683 588 739 Sic
602 682 713 752 ponitur
727 698 743 738 a
756 682 839 751 Dede,
857 686 916 740 llo-
970 682 1041 750 loco,
1071 681 1150 753 plura
1164 679 1230 736 alibi
1254 679 1429 737 discutienda
1442 690 1608 754 supererunt
1624 700 1631 750 ;
1657 682 1778 743 sufficiat

124 777 205 819 manc
219 775 304 831 paruo
318 767 345 814 et
359 757 466 812 Adone.
489 755 544 811 Cur
559 771 574 809 a
589 754 700 811 Rabano
715 756 852 826 preterita
869 755 915 822 sit,
971 752 1082 809 interim
1097 753 1210 808 Notkeri
1230 768 1355 820 censura,
1373 752 1410 807 ita
1435 751 1486 809 bac
1500 753 1545 809 die
1560 754 1723 810 scribentis.
1743 757 1778 813 lc

126 831 199 889 haud
213 847 283 904 queo
297 829 433 894 divinare,
451 826 541 899 potius
555 827 709 897 suspicarer
724 843 778 881 non
795 841 853 881 esse
867 843 918 896 ge·
974 826 1094 889 Colonia,
1116 824 1248 891 Faustini,
1264 824 1433 890 Marcellini,
1451 825 1624 893 secundiani,
1652 826 1775 893 Verioci,

127 904 241 961 nuinam
257 901 336 957 Bedae
351 897 602 956 annuntiationem.
619 897 757 970 Nequesic
771 897 918 952 tarnende·
968 895 1353 968 jecetodlortprologiombeati
1369 896 1532 967 Hieronymi.
1552 897 1646 954 Coma
1662 903 1778 954 eostre-

125 976 227 1031 sineret
237 989 293 1029 esse
308 971 494 1028 vetustissima
508 969 663 1035 celebritas,
685 985 733 1024 seu
748 969 919 1025 consuetudo
974 970 1052 1035 tibus,
1068 970 1281 1039 apocryphorum
1296 967 1470 1022 deliramento
1478 969 1647 1038 sectantibus,
1664 988 1683 1024 o
1704 969 1778 1024 beato

125 1045 258 1119 oprimis
278 1044 406 1100 Ecclesiae
430 1040 600 1113 temporibus
613 1040 795 1111 frequentate,
813 1048 843 1094 ut
859 1056 917 1111 pro·
975 1041 1050 1097 Siuto
1078 1047 1186 1110 propter
1200 1039 1423 1093 continuationem
1451 1040 1779 1112 temporumbsplizoliet

125 1118 192 1175 bant
216 1115 364 1172 Kalendria
380 1112 527 1169 Frontonis
541 1121 568 1168 et
581 1111 687 1177 Attulit,
700 1128 750 1167 nec
764 1128 820 1167 non
833 1128 920 1167 secra·
974 1129 992 1168 o
1005 1112 1083 1166 Decio
1098 1112 1223 1166 dicontur
1239 1111 1395 1180 interempti.
1414 1110 1488 1177 Quid
1499 1111 1619 1183 proprie,
1635 1120 1683 1168 aut
1695 1128 1777 1186 quos·

126 1189 260 1245 menteris
275 1185 428 1241 ablenardo
440 1193 467 1240 et
486 1184 632 1239 Thomasio
648 1185 769 1254 vulgata,
784 1183 921 1264 quidquid
975 1198 1037 1239 nam
1055 1183 1100 1237 liic
1114 1182 1256 1253 impugnet
1277 1181 1431 1248 Notkerus‚
1447 1182 1565 1237 necdum
1581 1184 1648 1239 satis
1665 1200 1777 1257 perspe-

125 1258 336 1341 hieronymiani
351 1256 459 1312 codices
473 1256 507 1312 de
519 1272 550 1310 ea
565 1271 619 1309 non
635 1256 793 1327 loquantur.
815 1256 922 1325 liujus·
976 1263 1051 1311 ctum
1074 1253 1171 1309 habeo.
1199 1252 1477 1320 Abitrortamen,ea
1500 1253 1546 1309 die
1571 1262 1633 1311 acta
1653 1254 1688 1310 ab
1719 1257 1779 1328 ipso

127 1329 201 1387 modi
211 1330 375 1412 cimiliorum,
391 1327 424 1383 ad
440 1343 525 1382 unum
540 1335 568 1382 et
582 1326 673 1397 plures
687 1326 746 1381 dies
763 1334 919 1397 protracta·
972 1325 1177 1396 convellique
1192 1324 1263 1379 sixti
1279 1340 1353 1395 pape
1363 1332 1487 1395 tempora
1499 1342 1563 1382 curn
1574 1326 1660 1384 Decio
1675 1342 1778 1383 conne-

125 1419 187 1458 rum
205 1401 350 1474 originem,
368 1399 514 1454 aBeronio
527 1397 737 1453 uerosirnillime
752 1397 917 1487 explicatam
934 1436 957 1494 B
972 1405 1061 1463 ciunt,
1087 1395 1160 1450 unde
1177 1411 1193 1450 a
1206 1395 1326 1475 Beronio
1341 1394 1375 1449 ad
1390 1411 1507 1478 annum·
1518 1413 1610 1466 centn,
1634 1414 1713 1479 num.
1731 1398 1779 1479 29,

126 1473 261 1530 invenies.
286 1472 391 1528 Cilatos
414 1470 613 1597 Martprologos
637 1469 916 1542 seqciturhollrerus,
973 1473 1099 1538 corroptc
1121 1473 1264 1522 uocantur.
1281 1466 1351 1524 Vide
1366 1467 1474 1539 quade
1489 1469 1589 1524 nedem
1615 1469 1694 1525 Actis
1710 1470 1779 1525 drs-
1815 1488 1823 1495 ·

126 1545 172 1601 sed
187 1544 285 1600 Noster
294 1542 419 1614 adjungit
433 1542 486 1598 litu
501 1558 546 1596 um
557 1542 695 1610 scortpris.
708 1540 918 1596 Wandalbertus
974 1539 1081 1611 putavit
1094 1537 1296 1608 papebrochius
1306 1539 1402 1593 tomol
1415 1539 1502 1606 lunii,
1518 1555 1606 1666 apag.
1618 1539 1775 1613 Dl,quibns

126 1617 215 1674 solnm
231 1618 378 1673 liemoeom
390 1613 588 1679 bodiccanens,
603 1611 733 1678 ostendit,
752 1611 780 1665 in
792 1610 918 1666 coenobio
974 1609 1101 1666 accedere
1125 1617 1212 1678 potest
1238 1609 1432 1665 'tillemontius
1457 1617 1534 1665 torno
1551 1611 1574 1666 ll
1616 1627 1681 1682 pa.
1713 1611 1775 1668 tol.

125 1704 176 1743 suo
190 1685 354 1752 Prumiensi‚
372 1684 438 1739 dum
453 1684 594 1749 scriberet,
611 1684 695 1737 ritum
708 1683 786 1736 illum
802 1681 916 1737 necdum
975 1681 1095 1738 Videisis
1105 1681 1182 1761 plura
1197 1680 1226 1734 in
1237 1680 1430 1736 Natationibus
1444 1681 1622 1737 Florentinii.
1639 1627 1776 1739 Cgaemum

126 1759 211 1815 luisse
224 1764 374 1827 receptum.
387 1757 425 1810 De
440 1753 564 1826 sequenti
580 1760 732 1823 martyrum
747 1754 832 1807 classe
847 1750 917 1807 nihil
975 1769 1009 1808 er
1023 1752 1165 1808 codicibus
1186 1751 1347 1807 Usuardinis
1362 1752 1492 1808 omnihus
1512 1752 1776 1809 manifestissimum

126 1829 199 1900 epod
213 1825 431 1884 solilosUsuardi
445 1839 623 1896 precursores
634 1823 752 1894 reperio.
768 1825 865 1878 Florus
879 1823 920 1879 sic
975 1832 1024 1890 est,
1049 1824 1089 1879 sic
1110 1823 1239 1878 Nostrum
1261 1823 1402 1894 scripsisse
1419 1867 1426 1889 ,
1442 1823 1778 1882 uttabulaexhibet.1le

125 1900 269 1956 breviter:
288 1897 414 1964 Colonia,
429 1897 518 1951 octale
533 1902 686 1951 soricorum
698 1895 829 1962 Faustini,
845 1896 917 1952 Mor·
975 1893 1076 1952 celebri
1105 1903 1226 1966 martyre
1247 1896 1376 1962 Rorouoo,
1402 1896 1480 1951 nulla
1503 1896 1583 1967 plane
1613 1895 1775 1952 difficultas.

126 1972 224 2038 celtici,
239 1968 397 2026 Seceecclioui
412 1974 436 2022 et
446 1968 526 2023 Sieti.
543 1965 579 2021 At
590 1966 663 2021 enim
680 1966 745 2022 hinc
759 1983 808 2021 sua
822 1967 919 2021 Noster
975 1967 1104 2037 Signatus
1117 1966 1140 2021 is
1151 1965 1184 2021 ab
1196 1965 1420 2037 llieronyrnianis
1434 1967 1594 2023 etltomauo
1605 1983 1694 2040 parvo
1707 1968 1779 2023 sim-

126 2056 298 2114 nequaquam
313 2039 427 2112 accepit.
448 2037 619 2093 Probabilius
638 2037 768 2093 existimo
786 2046 918 2109 inartyres
975 2037 1094 2111 pliciter.
1111 2037 1184 2093 Dede
1199 2037 1395 2109 compendioso
1410 2038 1499 2093 clorio
1520 2040 1678 2111 passionem
1694 2056 1777 2095 com-

126 2112 154 2168 in
170 2120 250 2168 textu
265 2127 417 2184 expressos,
441 2126 475 2165 ex
491 2109 714 2180 hieronymianis
728 2109 872 2180 profluere,
889 2109 918 2163 iu
975 2110 1073 2236 Eleius
1090 2116 1141 2175 est,
1158 2126 1173 2164 a
1190 2124 1243 2180 quo
1264 2116 1442 2180 sumpserunt
1455 2082 1585 2166 liehanos
1611 2120 1638 2167 et
1651 2109 1724 2178 Ado,
1743 2126 1778 2166 ex

147 2201 243 2239 uorum
259 2183 352 2255 aliquo
368 2180 623 2252 legeritUsunrdus:
641 2181 673 2235 le
690 2180 794 2247 Tuccio,
803 2180 918 2247 Variani,
996 2198 1028 2236 oc
1044 2179 1182 2236 Usuardus
1205 2187 1231 2234 et
1255 2181 1402 2248 Notlrerus,
1418 2181 1534 2237 servatis
1549 2182 1655 2254 ubique
1670 2182 1773 2238 iisdem

126 2199 307 2320 bleiseetlioui,
320 2254 512 2321 Secrordioci,..
526 2269 594 2324 quos
610 2261 639 2306 ut
649 2251 811 2324 precipuos,
821 2267 918 2325 quem·
976 2251 1032 2307 lere
1046 2251 1180 2323 apicibus.
1197 2251 1405 2314 Patet‚ltomani
1419 2260 1489 2319 acta,
1506 2253 1704 2310 Laurentianis
1722 2253 1780 2308 im·

127 2325 275 2383 admodum
291 2324 390 2396 passim
403 2325 490 2381 lacere
504 2324 612 2390 assolet,
633 2323 743 2378 omissis
759 2323 871 2396 reliquis
885 2324 919 2378 ab
975 2323 1057 2378 mista
1078 2338 1145 2388 esse,
1163 2330 1193 2377 ut
1209 2323 1324 2394 proinde
1338 2322 1372 2378 do
1385 2324 1511 2396 utrisque
1537 2324 1633 2380 cadem
1652 2323 1780 2381 habenda

127 2398 321 2470 Epternaceusi
338 2395 459 2462 notatis,
475 2394 654 2466 decerpseris.
680 2395 748 2451 Cum
765 2410 830 2449 uero
849 2393 920 2448 alius
975 2394 1011 2450 sil
1027 2394 1106 2449 ratio.
1123 2396 1162 2450 De
1178 2395 1267 2449 Firmo
1278 2400 1301 2448 el
1319 2395 1426 2450 Rustico
1443 2395 1612 2467 martyribus
1628 2397 1779 2452 Veronen-

127 2469 213 2525 codeu
228 2469 328 2539 legeret
351 2486 356 2522 :
374 2470 405 2523 ln
422 2466 533 2522 Calculo
548 2484 555 2527 ·,
572 2465 620 2521 has
636 2465 704 2520 duas
718 2464 867 2537 positiones
883 2466 920 2520 ita
975 2465 1052 2522 sibus
1066 2466 1264 2537 aguntFlorus‚
1277 2466 1404 2522 liehanos
1414 2474 1440 2522 et
1451 2467 1598 2535 Nolherus‚
1617 2467 1780 2541 sedesque

127 2539 228 2612 ipsein
244 2556 328 2595 uuam
345 2537 533 2607 conjunxerit.
551 2537 631 2606 Apud
656 2537 795 2592 Coloniam
809 2537 918 2604 Tercle,
976 2553 1022 2593 eos
1036 2537 1208 2593 transtulerit
1233 2538 1357 2605 Delinus,
1380 2539 1497 2604 nescio;
1520 2547 1594 2595 certe
1616 2539 1652 2594 ad
1670 2548 1779 2595 textum

127 2628 158 2667 ac
175 2610 274 2666 deinde
289 2627 324 2665 ex
351 2609 466 2680 repertis
494 2607 596 2663 alieubi
613 2608 689 2664 Actis
704 2608 823 2678 elogium
839 2625 918 2663 suuis
977 2610 1163 2664 Usuardinum
1174 2607 1244 2663 nibil
1257 2610 1502 2681 prcrsusallinent.
1512 2610 1625 2667 Nitidns
1639 2619 1682 2668 est
1692 2610 1778 2668 Wan-

126 2678 628 2750 coullaveritl'orrodepraedictorum
642 2680 773 2734 Actorum
786 2680 917 2735 veritate:
976 2680 1094 2736 lathem
1115 2679 1148 2735 dc
1163 2682 1287 2736 Romano
1303 2682 1455 2737 versiculus
1474 2701 1480 2738 :

127 2752 168 2809 uti
175 2760 202 2808 et
216 2751 250 2808 de
263 2759 442 2807 controuerso
453 2749 555 2822 incepti
564 2751 781 2808 etconsummati
792 2751 919 2822 martyrii
1044 2760 1178 2810 Rornanos
1194 2762 1279 2824 quinis
1296 2771 1391 2825 rnariyr
1406 2763 1532 2827 irritasque
1543 2761 1667 2825 refulget.

855 2880 1045 2938 AUCTAlllA.

163 2983 334 3049 densescere,
350 2995 400 3035 uix
418 2976 508 3034 media
522 2988 598 3051 parte
612 2979 739 3036 hodierni
759 2987 852 3036 tentus
866 2996 921 3052 po·
976 2988 1075 3049 matus,
1087 2980 1135 3035 uhi
1150 2982 1207 3036 Deo
1222 2979 1352 3047 donante,
1368 2980 1450 3037 claris
1465 2996 1519 3035 non
1536 2990 1623 3036 cessat
1637 2997 1667 3037 se
1683 2981 1778 3036 mani-

133 3054 194 3121 sita,
210 3053 298 3125 pergil
313 3051 428 3108 deficere
443 3067 529 3123 usque
540 3052 573 3106 ad
584 3068 652 3105 xxvi
671 3051 848 3121 Septembris.
976 3051 1073 3107 testare
1085 3052 1245 3108 virtutibus.
1262 3077 1270 3100 ι
1297 3052 1399 3107 Eadem
1417 3053 1545 3124 leguntur
1561 3052 1590 3106 iu
1604 3052 1677 3108 blarl
1700 3055 1780 3108 rolo-

165 3127 320 3182 Poesnseu.
337 3123 377 3179 sic
393 3122 491 3194 incipit
507 3140 512 3177 :
537 3147 545 3168 ι
562 3121 664 3193 Vigilia
675 3121 761 3177 sancti
782 3122 922 3177 Laurentii
976 3123 1020 3193 gio
1033 3123 1276 3178 Franciscancrum
1288 3123 1485 3179 salinensium.
1502 3123 1608 3180 Ethaee
1619 3069 1735 3198 quidem
1748 3123 1780 3180 de

130 3197 232 3254 Levitae
247 3205 273 3252 et
288 3193 427 3266 martyris.
440 3218 449 3241 ι
476 3195 508 3250 lu
523 3193 642 3249 secunda
656 3193 866 3249 ennuntiatione
877 3210 923 3249 ex·
977 3195 1036 3250 solo
1046 3193 1383 3267 Secunuiamsiussayus
1395 3194 1631 3322 inMartyrologic
1644 3212 1696 3252 suo
1711 3195 1781 3252 Gal-

128 3278 261 3342 punctum
284 3277 326 3324 est
350 3265 480 3337 etogium.
506 3266 536 3320 ln
559 3265 641 3320 tertia
664 3265 697 3320 de
728 3266 850 3322 ltornano
875 3282 923 3338 pu·
979 3265 1068 3321 licano
1095 3266 1148 3322 elia
1174 3268 1253 3339 plane
1281 3267 1412 3337 suggerit,
1439 3266 1505 3321 durn
1520 3266 1559 3321 ibi
1608 3283 1641 3323 ac
1666 3267 1714 3323 die
1743 3269 1782 3323 ita

128 3357 176 3398 rus
189 3349 238 3396 est.
977 3337 1096 3393 scribit:
1126 3361 1135 3384 ‹
1153 3339 1184 3394 ln
1199 3338 1316 3394 lotrensi
1333 3337 1469 3404 coenobio,
1493 3338 1635 3394 veneratio
1654 3338 1782 3395 sacratis·

163 3412 338 3470 Cremonen:
352 3408 471 3481 ‹Vigilia
483 3408 569 3466 seneli
586 3407 736 3466 Laurentii.
750 3410 850 3477 Drimte,
861 3424 921 3463 san·
938 3407 963 3470 C
979 3410 1111 3465 simorum
1123 3410 1267 3515 pignorum
1283 3410 1435 3465 illustrium
1445 3408 1549 3465 Christi
1563 3417 1720 3483 martyrum
1736 3410 1780 3466 Se·

127 3484 165 3541 cli
181 3483 295 3541 Rotnani
313 3480 421 3548 militis,
436 3481 483 3554 qui
506 3480 760 3538 confessionebeati
780 3480 922 3536 liarirenlii
979 3480 1120 3549 cundiani,
1146 3482 1255 3536 ierieui
1270 3491 1297 3537 et
1309 3480 1489 3549 Marcelliani,
1506 3480 1553 3553 qui
1570 3481 1652 3538 hodie
1675 3483 1781 3549 Dones,

128 3572 188 3614 coni
210 3561 319 3617 unctus,
336 3552 415 3622 petiit
429 3552 573 3623 baptizari,
587 3559 614 3606 el
625 3569 690 3608 mox
702 3552 817 3623 jubente
839 3552 923 3608 Decio
980 3553 1131 3623 imperante
1147 3553 1240 3620 Decio,
1258 3552 1308 3608 sub
1323 3552 1464 3609 consulari
1478 3553 1619 3608 Promotic
1635 3596 1643 3621 ,
1659 3552 1783 3610 fustibus

127 3572 269 3682 exhibitus
283 3639 345 3678 cum
361 3621 481 3677 fustibus
497 3631 524 3677 et
538 3623 691 3678 decollatus
708 3631 784 3677 est.»
809 3623 923 3677 Dealiis
980 3623 1053 3695 igne,
1077 3623 1149 3679 ferro
1168 3624 1337 3691 excruciati,
1357 3624 1468 3679 demum
1491 3624 1588 3695 capitis
1612 3624 1782 3681 abscissione

128 3694 237 3767 cgitdie
251 3691 424 3764 praecedeuti.
980 3704 1111 3750 aternum
1137 3695 1231 3765 gloriae
1257 3694 1383 3750 diadema
1409 3702 1632 3766 promeruerunt.
1653 3695 1782 3763 Quorum

163 3766 342 3821 Dnuxnnesn.
357 3781 381 3817 ιι
396 3761 497 3834 Vigilis
513 3761 598 3817 sancti
611 3762 751 3819 Laurentii
767 3765 922 3836 martiyris,
979 3782 1093 3837 corpora
1107 3766 1192 3821 Roma
1205 3766 1232 3819 in
1243 3765 1346 3821 Gallias
1358 3765 1483 3835 advecto,
1496 3767 1555 3822 illic
1572 3765 1606 3822 ed
1623 3768 1782 3823 veneratio·

132 3836 179 3910 qui
195 3853 229 3891 ex
249 3850 364 3890 numero
387 3834 511 3888 omnium
528 3842 684 3906 rriartyrum,
696 3834 770 3889 solus
792 3835 923 3907 Vigiliam
979 3853 1041 3890 nem
1054 3838 1182 3907 reposita,
1198 3837 1350 3892 etinnrnum
1365 3837 1555 3893 exirniocultu
1570 3854 1634 3893 curn
1650 3838 1782 3910 plurimis

129 3908 221 3965 habet.
243 3909 346 3974 Rome,
363 3905 449 3960 salicti
474 3905 589 3961 Rornoni
618 3905 725 3972 militis,
741 3905 787 3976 qui
804 3923 819 3961 a
845 3907 923 3963 beato
978 3908 1095 3963 aliorum
1107 3908 1249 3963 bealorum
1261 3916 1413 3989 martyrum
1425 3909 1540 3980 lipsanis
1548 3918 1775 3966 conservantur.»

95 4011 97 4015 .
130 3978 276 4036 Laurentio
299 3976 462 4048 baptizatus,
486 3992 548 4029 lllltx
566 3974 680 4045 jubente
699 3976 783 4031 Decio
807 3979 921 4046 Cursore,
979 3979 1109 4046 eraorram
1123 3979 1204 4051 hujus
1215 3979 1403 4036 translationis
1413 3979 1580 4035 documenta
1594 3981 1782 4053 supersint,in

129 4050 249 4105 lustinus
264 4065 349 4103 cesus
368 4066 400 4103 nc
414 4046 563 4102 dscollutus
578 4054 627 4102 est.
651 4049 703 4102 «ln
715 4048 776 4102 aliis
792 4052 922 4121 rnurtpri·
978 4050 1149 4123 Apodicticis
1159 4051 1217 4107 suis
1231 4052 1328 4108 docere
1339 4051 1477 4107 debuisset
1486 4052 1577 4122 magui
1587 4052 1782 4133 Martyrologii

128 4121 179 4176 lius
193 4121 277 4174 lerrne
301 4135 385 4189 purus
400 4127 449 4186 est,
466 4118 512 4174 scd
526 4134 575 4190 pro
595 4119 712 4188 Verioni,
738 4119 784 4192 qui
801 4121 831 4179 in
845 4128 924 4178 textu
978 4122 1149 4193 compilator.
1166 4124 1213 4178 sed
1228 4139 1290 4178 cum
1308 4123 1366 4180 haec
1382 4121 1491 4191 desint,
1511 4123 1623 4178 aliunde
1640 4132 1737 4195 postea
1751 4139 1780 4179 ιιι

128 4200 179 4258 est,
198 4190 292 4246 scribit
304 4191 426 4246 certant.
978 4193 1055 4249 Actis
1069 4194 1170 4248 nostris
1184 4201 1266 4249 erunt
1279 4193 1476 4267 conquirenda,
1493 4194 1604 4267 quando
1618 4204 1646 4251 et
1661 4196 1779 4251 italica-

163 4264 344 4319 llicenornu.
354 4263 382 4319 in
398 4262 503 4318 duabus
514 4261 610 4334 primis
625 4261 690 4318 sutis
702 4279 796 4344 purus,
812 4263 852 4318 sic
866 4271 925 4319 ter·
978 4282 1040 4320 rum
1055 4265 1177 4333 urbium,
1196 4266 1229 4321 de
1254 4267 1374 4338 pretioso
1393 4265 1518 4338 deposito
1533 4266 1777 4334 contendentium,

128 4335 193 4390 tiam
207 4333 332 4390 enuntiat
349 4353 355 4391 :
375 4360 384 4381 ι
403 4335 506 4402 Rornae,
522 4334 612 4405 passio
627 4344 714 4389 sancti
732 4335 846 4391 Rotnani
867 4337 924 4391 mi-
979 4337 1098 4393 rationes
1112 4347 1238 4394 accurate
1252 4337 1454 4409 expendentur.

128 4406 186 4463 litis
206 4415 232 4461 et
254 4406 392 4479 martyris.
413 4404 466 4472 Qui
483 4405 511 4460 in
534 4405 659 4477 passione
675 4406 762 4462 sancti
779 4407 922 4463 Laurentii
1015 4408 1779 4478 Enrrrohuneco-ConsimilislereestArmene-blus,

128 4477 386 4550 corriprrnctus,quia
402 4477 473 4533 vidit
487 4475 615 4547 juvenem
633 4477 850 4548 pulcherrimum
866 4479 924 4550 ejus
979 4490 1043 4545 ete,
1060 4495 1157 4552 nerrrpe
1170 4481 1243 4552 quod
1259 4483 1412 4538 llomanum
1423 4479 1545 4537 secundo
1556 4481 1617 4537 loco
1628 4482 1780 4539 annuntiet

128 4551 243 4606 uulnera
256 4557 419 4622 tergentem,
434 4556 461 4604 et
477 4548 538 4604 ideo
553 4564 581 4605 se
596 4547 630 4604 ab
648 4564 681 4604 eo
694 4551 828 4622 baptizari
863 4552 924 4609 etiit
979 4554 1010 4608 ln
1025 4552 1078 4608 line
1093 4551 1169 4607 addit
1189 4571 1194 4607 :
1219 4576 1228 4597 ι
1248 4552 1348 4608 Melbis
1362 4553 1486 4621 civitate,
1502 4552 1593 4607 natale
1608 4554 1698 4610 sancti
1715 4557 1780 4610 Au-

129 4630 156 4677 et
170 4620 304 4690 obtinuit,
319 4631 346 4678 et
360 4621 488 4677 idcircoa
503 4620 586 4676 Decio
603 4620 707 4677 Caesare
718 4623 824 4677 ruinose
837 4568 924 4678 lbsn-
979 4624 1073 4688 closis,
1091 4623 1113 4694 ej
1120 4624 1213 4680 usdern
1227 4625 1282 4681 loci
1296 4624 1416 4696 episcopi
1432 4634 1459 4680 et
1481 4623 1659 4681 confessoris
1674 4648 1683 4672 ι
1708 4624 1781 4684 Vide

127 4690 178 4747 bus
193 4699 233 4746 est
248 4708 343 4762 caesus,
358 4701 385 4748 et
399 4691 464 4764 quia
474 4691 556 4746 fortis
571 4691 599 4746 in
616 4689 669 4746 lide
684 4692 748 4761 luit,
762 4691 847 4763 jussit
860 4711 921 4750 eum
979 4695 1023 4751 die
1040 4692 1176 4766 sequenti.

129 4760 269 4817 decollari.
287 4787 296 4809 ι
935 4772 960 4831 D
1010 4766 1104 4820 Deum.
1126 4767 1208 4822 etiam
1225 4769 1378 4825 Rorueuum
1392 4765 1489 4823 Tuscis
1501 4769 1648 4841 praeponit.
1660 4768 1733 4825 Τιιιιι
1749 4768 1778 4824 in

162 4832 625 4889 ldarnrc.·Clnrus.-Ur.rnsrecr.:
649 4832 784 4904 «Vigilia.
801 4834 916 4890 Romani
973 4836 1048 4892 sirie:
1070 4837 1203 4893 «Eodem
1225 4838 1279 4906 die,
1297 4838 1411 4895 Veronae
1435 4848 1593 4896 sauctorum
1617 4849 1780 4914 martyrum

128 4903 225 4960 militis
239 4910 266 4959 et
281 4903 419 4974 martyris.
435 4903 611 4971 seecundum,
630 4904 741 4960 Verioni
760 4913 786 4959 et
807 4904 918 4961 blercel·
976 4907 1081 4966 ltustici
1097 4908 1130 4963 ed
1143 4909 1262 4965 Firmi·

127 4976 197 5033 liant
214 4983 401 5047 martyrum.»
1011 4979 1134 5035 Gneves.
1161 4999 1166 5036 :
1190 4981 1291 5052 «Apud
1304 4982 1460 5049 Veronam,
1476 4992 1637 5040 sanctorum
1652 4983 1776 5041 Firmini

162 5048 323 5104 Srnozzrsrs.
340 5066 346 5103 :
362 5073 371 5093 »
391 5047 518 5114 Veromo,
529 5053 686 5101 sanctorum
698 5055 850 5119 niortyrum
868 5050 920 5105 ltu·
975 5058 1002 5106 et
1013 5051 1117 5107 Rustici
1134 5061 1296 5124 martyrum.
1313 5052 1366 5120 Qui
1381 5053 1416 5109 ob
1431 5055 1536 5112 Christi
1552 5055 1773 5124 confessionem,

127 5119 189 5175 stici
208 5127 235 5175 et
250 5118 349 5175 Firmi.
368 5145 377 5164 »
401 5118 470 5174 Vide
483 5118 608 5188 superius
619 5118 839 5174 Observationes.
976 5123 1290 5195 subblauirnienosuper
1305 5133 1387 5181 testes
1397 5141 1524 5182 accensas
1538 5127 1778 5197 dutiusrolutati,

163 5192 384 5248 Rusuccenses:
408 5215 416 5236 ι
441 5189 522 5261 Apud
551 5189 777 5255 B1·ivam,sancti
807 5191 919 5248 Martini
975 5195 1779 5268 cuminignequoquesinclresioneperdurassenl,lusli·

129 5262 288 5335 inartyris.»
309 5262 479 5320 Castellanus
490 5269 568 5316 uocat
590 5260 717 5315 «Driuam
729 5262 914 5318 Corneliam.»
976 5265 1027 5321 bus
1049 5267 1186 5332 praeeunti,
1208 5266 1390 5322 decollatione
1406 5269 1532 5341 martyrii
1549 5270 1665 5341 gloriam
1681 5269 1779 5342 adepti

164 5333 256 5389 Coeus
272 5335 371 5391 Clsrnr
384 5335 510 5390 Kunonr:
531 5359 539 5379 ι
552 5333 584 5387 Ιιι
594 5331 725 5388 suburbio
734 5333 920 5405 lugdunensi,
976 5344 1049 5392 sunt.
1062 5339 1093 5393 ln
1108 5336 1286 5405 Alexandria,
1298 5345 1455 5395 sanctorum
1467 5341 1614 5408 Antonini,
1623 5341 1777 5407 Tiburtini,

129 5404 219 5458 natale
237 5412 392 5461 sanctorum
410 5413 561 5478 martyrum
587 5405 698 5460 Arrroris
710 5412 740 5459 et
758 5405 888 5464 Victoris.
905 5434 914 5457 »
978 5408 1126 5464 Valeriani.
1143 5410 1221 5476 lteris,
1236 5418 1335 5466 sanctae
1351 5411 1492 5467 rnenroriae
1508 5413 1670 5484 Erici‚regis
1686 5413 1780 5470 Dacia

129 5472 179 5528 Est
198 5472 271 5529 haud
289 5475 373 5531 dubie
387 5478 487 5533 testum
504 5476 646 5548 proprium
667 5476 732 5532 loci.
766 5518 769 5524 .
976 5487 1002 5535 el
1018 5480 1180 5552 martyris.»
1203 5481 1247 5536 An
1262 5497 1318 5537 non
1336 5481 1408 5538 idern
1419 5483 1466 5554 qui
1484 5483 1668 5540 coliturxvur
1682 5483 1748 5541 blaii
1765 5484 1779 5541 l

165 5542 342 5602 Brzursrrcns.
367 5546 400 5601 de
430 5547 597 5620 martyribus
619 5547 715 5604 Tuscis
740 5549 822 5606 relert
839 5550 921 5606 rerba
976 5551 1054 5607 Certe
1068 5568 1124 5607 non
1140 5551 1250 5608 uidetur
1265 5552 1287 5608 is
1297 5568 1364 5613 esse.
1380 5552 1413 5609 de
1427 5571 1481 5627 quo
1497 5554 1526 5610 in
1542 5555 1619 5611 Actis
1635 5572 1690 5611 xnr
1706 5556 1778 5626 blar-

130 5617 348 5695 lerinensibus
361 5617 512 5690 subjungit.
537 5646 545 5665 ·
560 5620 603 5675 En
617 5620 717 5693 quibus
731 5619 921 5677 Secundionns
976 5623 1018 5691 lii,
1035 5625 1082 5694 qui
1098 5623 1202 5679 Perusii
1217 5624 1328 5681 colitur.
1341 5624 1423 5693 lllud,
1436 5632 1531 5681 socole
1547 5627 1679 5682 numerica
1694 5627 1780 5684 vidc-

130 5691 224 5814 liostea
234 5700 263 5740 ιιι
278 5686 380 5743 Gallias
395 5690 422 5743 in
437 5690 577 5745 territorio
590 5691 757 5762 Lingoneusi
771 5699 811 5746 est
827 5698 920 5746 trans-
977 5702 1021 5749 tur
1048 5693 1153 5766 aliquid
1168 5694 1244 5750 aliud
1257 5695 1390 5764 indicare,
1402 5704 1432 5752 ut
1457 5696 1530 5769 apud
1545 5697 1671 5754 Gnei'sn.
1685 5706 1778 5756 sonat.

142 5765 211 5827 atus,
227 5763 255 5813 et
277 5757 306 5813 in
320 5758 446 5816 cenobio
459 5762 548 5819 saneti
561 5761 719 5836 leodegarii
734 5762 851 5837 gloriose
865 5762 921 5820 bc·
1010 5765 1119 5823 Molis.
1131 5765 1160 5822 in
1181 5765 1235 5824 fine
1252 5785 1257 5825 :
1282 5765 1405 5825 «liudem
1420 5767 1475 5837 die,
1490 5777 1649 5827 sanctoruni
1665 5779 1781 5844 rnsrty-
