3834 6136
622 165 938 279 unenlnotoutunl.
958 246 994 262 -
1011 219 1117 280 MENS.
1136 222 1207 280 titt.

823 377 1015 439 AUCTARIA.

115 524 390 608 tenereminoipn
399 542 405 581 :
424 525 525 598 «Apud
533 524 730 610 Thebaidem·
747 533 815 596 elc.;
827 529 924 589 tainh
975 536 1135 596 Aouicmcr.
1154 536 1298 609 subiungit
1312 538 1341 594 iii
1361 537 1417 596 linc
1432 539 1575 613 proprium
1591 541 1667 612 loci;
1688 543 1744 604 hoc

78 599 116 656 de
141 597 282 671 Epaphra‚
321 613 438 654 rescisso
470 597 617 671 utrobique
647 597 746 670 elogio.
783 601 886 659 Caetera
940 605 1040 661 modo:
1057 606 1248 679 «aquicincti,
1263 609 1404 666 translatio
1414 621 1514 669 sancta
1524 608 1673 671 Sambariae
1682 616 1738 675 ιιι·
1793 672 1796 678 ,

79 687 176 744 purus.
412 740 418 752 ι
549 741 555 752 ι
655 741 661 751 Ι
940 675 1012 756 ginis
1024 683 1052 731 et
1061 679 1200 750 martyris.
1218 704 1227 727 »
1245 679 1296 736 Sed
1313 680 1371 738 hac
1384 684 1632 742 suntarccentiori
1642 702 1727 745 mauu

114 743 266 799 Roswsru.
283 748 400 812 angetur
410 757 440 796 iii
450 740 515 809 fine,
528 740 571 798 his
583 741 677 799 verbis
692 762 698 800 :
717 743 883 817 «toguano,
938 755 970 801 ut
983 763 1012 802 iii
1026 750 1183 822 apographo
1198 759 1319 808 notatur.
1728 738 1737 766 '

78 813 187 871 Rustici
203 812 371 895 presbyteri.
391 837 400 860 ι
623 886 629 896 ι
975 818 1120 876 Vicronm.
1138 830 1166 877 et
1183 822 1252 878 ltro.
1268 822 1388 892 Surciin,
1403 825 1455 883 snb
1479 835 1544 884 nota
1566 845 1644 885 rium.
1671 827 1740 887 130:

114 886 331 966 Puisissrs.,·in
349 882 478 955 Epaphra
490 889 517 938 et
532 883 649 942 hrseuio
662 902 757 959 purus,
772 886 836 943 silet
850 887 884 945 de
945 913 955 937 ι
969 890 1128 959 Mediolani,
1147 893 1272 950 inventio
1286 903 1444 952 sanctorum
1463 897 1589 955 Cervarii
1603 908 1632 956 et
1646 901 1739 957 Prota·

78 957 188 1014 duabus
201 957 312 1012 ultimis
330 955 407 1011 Justa
421 963 448 1010 et
465 953 574 1012 Rufina.
938 961 982 1016 sii.
997 985 1006 1008 ι
1029 960 1100 1018 Vide
1114 962 1148 1018 de
1162 963 1206 1019 his
1228 965 1383 1024 Usuardum
1404 984 1455 1023 ιιιιι
1469 960 1601 1038 lunii,'et
1615 972 1685 1030 hele
1706 988 1739 1030 eo

98 1029 282 1110 ‚Lovm1m.‚
296 1026 326 1083 in
339 1024 446 1083 duabus
459 1025 557 1097 primis
569 1044 664 1100 purus,
680 1031 814 1088 rescindit
828 1033 883 1088 elo·
937 1031 993 1099 die,
1009 1031 1038 1087 iii
1052 1033 1153 1106 quibus
1166 1033 1199 1091 de
1215 1035 1259 1093 his
1273 1036 1363 1094 fusius
1376 1038 1478 1110 agitur.

79 1117 155 1172 qiuin
168 1100 255 1156 tostas
273 1106 303 1155 et
315 1096 433 1181 Mutinae.
529 1169 535 1180 ⁶
972 1102 1409 1167 Minnio-Census.Menenium.
1428 1129 1434 1166 :
1458 1111 1565 1170 «tuate
1580 1118 1607 1168 et
1621 1113 1739 1174 noune.

114 1171 289 1238 emesan,
314 1186 344 1226 in
372 1185 460 1242 prima
484 1178 551 1227 satis
579 1187 674 1242 purus,
698 1173 738 1230 sic
762 1175 880 1247 pergit:
937 1173 1048 1231 Arsenii
1075 1177 1239 1236 contessoris
1268 1178 1296 1236 et
1322 1180 1450 1249 solitarii,
1475 1181 1580 1241 dudum
1608 1186 1743 1244 senatoris

84 1269 94 1292 ι
112 1239 221 1325 Eodem
235 1241 292 1310 die,
307 1240 395 1298 sancti
417 1241 503 1324 patris
526 1243 615 1298 nostri
639 1242 760 1308 Arsenii,
776 1246 833 1302 vita
855 1256 884 1303 et
937 1245 1040 1302 Rome.
1057 1246 1191 1320 Epaphras
1202 1249 1323 1324 episcopi
1339 1251 1742 1328 Colossensis,discipnliheati

77 1313 206 1371 moribus
224 1313 336 1372 Christo
351 1313 463 1368 Domini
479 1329 526 1384 per
540 1314 635 1371 omnia
650 1315 738 1387 digni.
762 1319 793 1374 ln
813 1318 882 1374 His·
937 1316 1014 1372 Pauli
1028 1320 1182 1389 apostoli.»

77 1385 182 1459 pauiis,
195 1386 310 1444 civitate
324 1382 440 1466 llispali,
452 1391 609 1441 sanctarum
624 1386 708 1442 iusta
722 1396 749 1444 et
763 1387 879 1458 llufinaa,
971 1388 1003 1443 ln
1018 1388 1164 1460 Variam,
1178 1406 1255 1448 num.
1267 1393 1348 1464 5949,
1359 1394 1435 1452 deest
1448 1395 1567 1455 Arrenii.
1579 1397 1737 1471 Adjicitur:

77 1473 172 1530 quara
191 1458 313 1538 Diogene
336 1453 452 1528 praeside
474 1456 690 1529 comprehense,
712 1460 789 1530 gravi
811 1476 882 1517 cru·
942 1458 1127 1531 ‹Assumptio
1141 1463 1230 1520 sancti
1244 1464 1314 1521 Elias
1333 1465 1511 1538 propbeta.»

77 1528 158 1585 ciatu
172 1528 309 1585 dilaniata
323 1534 399 1582 sunt.
416 1551 425 1574 ι
971 1529 1139 1589 Fnonrnrin.
1156 1550 1164 1590 :
1188 1556 1197 1582 ‹
1210 1535 1234 1590 A
1255 1535 1292 1593 ud
1307 1535 1461 1609 Spolatum,
1474 1539 1564 1611 passio
1578 1547 1738 1601 sanctorum

117 1600 298 1682 Decumum.
317 1599 411 1680 denuo
424 1597 578 1681 anticipat:
603 1601 768 1671 «intebea,
788 1605 880 1661 natale
935 1610 1089 1673 martyrum
1103 1604 1217 1674 Euticii,
1233 1550 1327 1675 hreni,
1345 1608 1471 1678 loannis,
1486 1609 1617 1681 Teudilii,
1631 1610 1738 1683 isaach,

79 1670 157 1727 beati
179 1671 286 1743 loseph,
303 1686 351 1743 qni
369 1679 579 1741 cognominatus
594 1681 635 1729 est
652 1672 756 1742 Iustus,
773 1682 879 1732 etcum
935 1672 1087 1741 Laurentii,
1102 1674 1249 1733 Herculani
1274 1685 1302 1733 et
1325 1679 1479 1737 Parietalis.
1502 1680 1626 1750 Quorum
1646 1683 1738 1756 capite

76 1742 161 1798 heato
175 1741 279 1823 Mathia
291 1741 342 1799 sub
354 1741 505 1823 apostolica
519 1753 591 1800 sorte
616 1750 735 1801 statimne
747 1765 753 1813 ;
776 1746 823 1820 qui
846 1763 879 1804 ae
933 1743 1087 1800 Martianus
1102 1753 1236 1816 tyrannus
1247 1745 1331 1818 jussit
1345 1751 1468 1808 truncari
1482 1759 1510 1808 et
1520 1753 1665 1811 inhumata
1678 1771 1739 1812 cor·

77 1813 285 1943 praedicationis
298 1812 389 1871 officio
402 1813 567 1883 inserviens,
580 1817 749 1889 multamque
761 1834 810 1891 pro
826 1764 879 1874 hdo
934 1831 999 1887 pora
1011 1831 1106 1872 eorum
1122 1815 1288 1889 derelinqui.
1304 1818 1357 1878 Sed
1368 1820 1492 1894 quadam
1503 1822 1600 1883 inclita
1614 1833 1741 1884 matrona

99 1884 182 1941 bristi
211 1884 426 1957 persecutionem
452 1887 604 1956 sustinens,
630 1904 767 1946 venenum
793 1889 880 1946 fertur
894 1887 917 1946 Β
933 1885 1027 1954 vidua,
1045 1887 1093 1942 illa
1107 1887 1232 1946 condidit
1245 1888 1275 1945 in
1288 1892 1391 1963 predio
1402 1909 1452 1950 suo
1463 1893 1492 1949 in
1504 1896 1656 1954 coemiterio
1668 1898 1739 1955 Pou-

77 1956 191 2025 bibisse,
207 1972 243 2013 er
256 1955 392 2030 quonihil
408 1957 487 2012 triste
502 1959 656 2029 pertulerit,
667 1959 714 2015 sed
730 1960 879 2018 victorioso
933 1957 1020 2025 tiano,
1042 1975 1099 2014 nou
1122 1961 1201 2030 longe
1221 1960 1254 2019 ah
1277 1960 1345 2019 urbe
1363 1963 1504 2036 predicta,
1521 1974 1552 2022 ut
1574 1966 1692 2024 habetur
1709 1969 1740 2027 iu

77 2029 132 2084 line
147 2029 178 2092 in
193 2044 259 2100 pace
293 2028 390 2085 uievit.
414 2026 531 2096 Colosis,
549 2028 638 2087 natale
657 2032 743 2089 saneti
764 2031 877 2103 Ephiie.
935 2028 1017 2101 gestis
1032 2031 1119 2087 sancti
1135 2031 1245 2088 Proculi
1261 2031 1302 2107 [in
1316 2051 1411 2091 excuso
1424 2035 1561 2112 cstPauli]
1577 2037 1699 2110 episcopi
1713 2045 1741 2097 et

77 2100 129 2168 Qui
144 2099 255 2157 abeato
273 2045 359 2182 {anilo
383 2099 579 2182 Colossensibus
604 2101 748 2160 ordinatus
769 2103 880 2174 episco-
935 2110 1005 2156 mart
1028 2101 1075 2182 ris.
1091 2100 1210 2160 Nomina
1223 2120 1290 2161 vero
1305 2122 1399 2163 eorum
1413 2113 1479 2164 sunt
1493 2107 1552 2166 haec
1566 2109 1739 2168 Delicium...

77 2189 138 2244 pus,
151 2172 245 2228 clarus
259 2171 418 2239 virtutihus,
429 2171 531 2227 ibidem
545 2180 614 2228 niart
635 2173 707 2229 rium
720 2191 768 2245 pro
779 2175 880 2232 ovibus
934 2118 1103 2229 Theuhila...
1119 2173 1256 2243 Treveris,
1273 2185 1375 2234 sancte
1391 2177 1497 2235 Severa
1509 2177 1640 2252 'virginis
1656 2207 1666 2231 ι

78 2243 130 2299 sibi
140 2242 263 2324 creditis,
277 2243 351 2299 virili
361 2242 457 2314 agonio
485 2259 545 2300 erce
566 2190 879 2316 ishpudtyliunlnam
970 2243 1069 2325 Enirio
1084 2243 1273 2304 huneco-Con.
1289 2247 1405 2321 incipit:
1424 2249 1739 2325 ‹Colosis,sanctiEpa·

80 2315 188 2382 ltalia,
216 2316 306 2371 natale
332 2322 433 2371 sanctae
477 2260 652 2388 ymphorosae
678 2333 741 2373 cum
774 2326 878 2390 septem
934 2315 991 2395 irae⁸
1002 2316 1122 2387 episcopi
1144 2323 1171 2372 et
1186 2318 1325 2390 martyris,
1341 2318 1390 2392 qui
1411 2317 1520 2378 abacto
1540 2320 1662 2392 Panl0,·
1683 2331 1737 2383 stc.

79 2386 154 2442 filiis.
171 2385 236 2452 Qua
249 2402 382 2459 consponsa
394 2386 527 2454 crinibus,
549 2397 576 2443 et
592 2396 652 2458 post
671 2387 783 2460 alligata
798 2406 877 2459 saxo,
935 2386 1049 2459 Reliqua
1066 2387 1149 2444 totius
1164 2391 1331 2446 teutussatis
1343 2406 1410 2463 pura
1420 2399 1493 2448 suut.
1504 2394 1536 2449 In
1546 2392 1736 2452 lineadditur:

79 2457 105 2512 in
129 2456 248 2514 fluvium
274 2457 444 2530 praecipitata
463 2466 513 2514 est.
535 2458 641 2514 Deinde
660 2458 711 2514 lilii
735 2475 782 2532 per
803 2461 880 2516 varia
941 2457 1100 2526 «Treveris,
1117 2458 1189 2515 beati
1206 2460 1318 2516 Martini
1332 2461 1454 2535 episcopi
1469 2471 1496 2519 et
1509 2463 1649 2536 martyris.
1667 2465 1737 2524 Con·

79 2537 215 2585 tormenta
231 2529 399 2602 martyrizati
414 2537 479 2585 sunt
492 2546 597 2586 omnes.
614 2555 624 2579 ι
646 2530 709 2586 Maec
731 2530 813 2587 etiam
829 2531 880 2590 hac
934 2527 1154 2599 slantinopolim,
1166 2538 1266 2587 miletae
1281 2532 1370 2589 Dariae
1384 2532 1510 2605 virginis.
1526 2534 1661 2607 Lugduno
1676 2535 1737 2593 Gal·

79 2599 121 2656 die
143 2617 200 2657 non
221 2601 287 2658 satis
305 2610 368 2673 apta
395 2599 562 2658 referuntur,
590 2602 720 2674 Sequitur
735 2620 741 2659 ;
767 2627 776 2650 0
799 2603 879 2672 Apud
935 2601 988 2667 liae,
1003 2599 1139 2671 depositio
1154 2600 1227 2658 deaii
1242 2602 1349 2660 Rustici
1363 2603 1484 2676 episcopi
1496 2606 1732 2677 etoonittssoris.r

79 2671 257 2739 Thebaidem,
271 2672 360 2729 sancti
375 2672 460 2745 patris
474 2672 617 2730 hrcbenii.
641 2672 693 2741 Qui
718 2690 752 2728 ex
777 2672 878 2745 insigni
969 2671 1114 2727 Gauron:
1138 2695 1147 2718 ι
1163 2673 1297 2740 Treveris,
1308 2673 1380 2729 beati
1392 2673 1737 2749 Martini,primiejusdem

79 2752 212 2812 senatore,
229 2745 259 2800 in
284 2745 395 2801 heremo
419 2743 506 2801 factus
529 2754 570 2800 est
594 2743 754 2801 monachus.
770 2743 809 2802 De
824 2763 879 2818 quo
933 2742 1011 2797 urbis
1023 2742 1144 2815 episcopi
1158 2750 1184 2798 ot
1195 2744 1335 2816 martyris.
1346 2745 1498 2802 Simmachi
1511 2761 1596 2819 papas.
1609 2747 1737 2820 Lugduni

79 2815 105 2870 in
120 2815 214 2872 verbis
228 2816 368 2873 seniorum
384 2815 512 2883 retertur,
531 2816 730 2888 quiapropter,
748 2842 757 2863 ι
778 2826 830 2874 etc.
847 2818 878 2873 ln
933 2813 1039 2878 Gallice,
1055 2815 1143 2870 saneti
1160 2815 1265 2872 Rustici
1280 2816 1400 2889 episcopi
1424 2823 1451 2872 et
1471 2816 1647 2881 confessoris·
1668 2820 1736 2876 Item

80 2885 154 2943 hue:
179 2887 285 2958 «Apud
304 2885 459 2970 Traiectum
484 2887 609 2955 inferius,
632 2887 768 2960 depositio
791 2889 878 2946 sancti
932 2884 1019 2942 sancti
1033 2884 1114 2941 lusti.
1127 2884 1366 2959 Constantinopoli
1388 2895 1490 2945 sancta
1505 2888 1594 2946 Daric
1606 2886 1735 2962 virginis.

78 2958 233 3030 Daiuulphi
246 2959 365 3031 episcopi
380 2966 407 3016 et
418 2955 594 3017 confessoris.
610 2983 619 3007 ι
641 2957 673 3015 ln
688 2958 815 3016 Graves.
831 2977 878 3015 vo-
933 2957 1002 3039 Item
1016 2955 1100 3037 beatae
1115 2957 1265 3039 memoriae,
1278 2931 1409 3015 Bernohdi
1423 2958 1545 3033 episcopi
1560 2956 1680 3033 'trajecti
1695 2960 1736 3017 in·

78 3039 155 3086 catur
178 3053 188 3077 ι
203 3029 389 3086 ansooldus..
933 3028 1042 3084 ferioris
1056 3037 1084 3085 et
1096 3028 1271 3087 contessoris.
1287 3056 1296 3078 ι

112 3101 299 3157 Miconosrn.
320 3101 352 3157 lii
373 3101 460 3174 prima
483 3101 549 3159 satis
567 3117 653 3174 purus
676 3111 727 3160 est.
747 3099 875 3159 Deinde:
968 3099 1076 3156 Moeris.
1091 3099 1120 3156 in
1155 3101 1224 3157 rima
1244 3100 1365 3158 editione
1379 3101 1457 3157 nulla
1477 3102 1560 3160 babet
1574 3101 1734 3160 Auctnaria.

84 3172 191 3253 «Apud
215 3171 549 3254 Thebaidemdepositio
573 3173 661 3231 sancti
680 3174 766 3255 patris
789 3172 877 3230 nostri
933 3172 963 3227 In
991 3117 1188 3253 posteriorihus
1206 3172 1268 3254 ¹haec
1286 3188 1378 3253 pauca
1404 3169 1553 3300 adpingit:
1577 3172 1735 3242 «Treviris,

79 3249 201 3311 ilrseuii,
216 3243 310 3300 fratris
321 3253 407 3300 sancti
424 3245 591 3312 Eusemiani,
617 3255 703 3318 patris
726 3244 813 3303 sancti
833 3246 879 3302 At·
895 3248 916 3308 G
932 3242 1003 3298 beati
1018 3243 1141 3304 Martini.
1156 3241 1257 3299 decimi
1268 3242 1392 3314 ejusdem
1407 3259 1441 3300 nr
1460 3261 1485 3299 is
1495 3244 1616 3326 episcopi
1626 3253 1653 3302 et
1666 3261 1736 3300 mar·

80 3315 154 3371 terii.
169 3314 223 3382 Qui
235 3315 345 3387 quando
356 3316 384 3372 in
397 3318 489 3373 seculo
502 3326 570 3385 erat,
581 3315 771 3389 imperialibus
780 3318 878 3373 saltem
933 3313 1013 3384 tyris.
1026 3310 1129 3369 Eodem
1141 3312 1196 3380 die,
1207 3314 1366 3383 Symmachi
1379 3329 1463 3384 pape.
1476 3315 1526 3371 Die
1536 3313 1734 3383 decimanona,

79 3386 201 3443 restibus
224 3394 283 3442 erat
307 3386 431 3455 indutus,
454 3396 481 3443 et
507 3387 590 3443 nimis
608 3397 666 3445 erat
684 3386 828 3456 delicatus,
851 3396 879 3444 et
932 3385 1019 3440 sancti
1037 3383 1122 3456 patris
1136 3384 1193 3450 Dii,
1209 3392 1236 3439 el
1252 3392 1352 3440 sanctae
1367 3383 1506 3451 Macrine,
1521 3384 1624 3442 sororis
1644 3384 1736 3455 magni

80 3456 232 3515 Theodosio
245 3459 404 3530 imperatori
420 3466 479 3514 erat
499 3459 668 3526 carissimus,
693 3460 731 3515 ita
755 3467 786 3515 ut
809 3458 879 3516 duos
932 3455 1056 3510 Basilii.»
1074 3453 1242 3522 Notandum,
1254 3453 1327 3527 quod
1340 3454 1368 3510 in
1380 3453 1476 3509 haruin
1490 3453 1646 3513 editionum
1658 3461 1737 3512 textu

79 3527 135 3600 ejus
149 3528 223 3586 filios
236 3528 271 3584 de
285 3545 362 3602 sacro
376 3530 451 3588 tonte
467 3530 579 3586 levaret.
605 3532 641 3587 Et
656 3529 702 3587 hic
724 3537 786 3601 post
806 3546 879 3586 con·
934 3524 1152 3582 litteris‘ltalicis
1162 3521 1228 3652 post
1251 3525 1357 3582 «laste
1372 3532 1400 3582 et
1417 3524 1524 3584 Rufiuae
1538 3541 1609 3608 quse,
1625 3550 1635 3574 r
1657 3525 1736 3608 inse-

80 3599 232 3658 versionem
244 3600 573 3671 eratabstineiitlssimus,
584 3601 878 3658 elvestibusomnium
934 3604 1029 3652 rantur
1041 3596 1099 3654 baec
1113 3612 1161 3653 ver
1181 3614 1211 3663 a;
1235 3621 1245 3644 ι
1260 3595 1409 3656 vendentes
1419 3612 1484 3654 vasa
1498 3595 1595 3656 fictilia
1619 3619 1629 3645 ι
1650 3605 1736 3657 citato

80 3671 241 3728 vilissimus.
256 3674 295 3728 Et
310 3672 372 3729 ideo
394 3673 466 3730 sicut
487 3673 584 3730 Daniel
610 3671 753 3745 propheta,
778 3671 878 3744 spirito
933 3667 967 3725 ad
981 3666 1131 3749 marginem
1145 3666 1191 3726 obi
1201 3668 1236 3725 :io
1250 3676 1408 3727 sanctorum
1420 3638 1735 3742 Hispanlae.hialdoneto

80 3743 231 3814 prophetiae
244 3743 353 3801 claruit.
369 3748 408 3801 De
426 3761 480 3817 qno
502 3744 620 3800 refertur
632 3745 662 3799 in
677 3743 768 3800 verbis
783 3743 880 3799 senio-
933 3747 960 3794 et
974 3739 1073 3805 Surio;
1099 3754 1134 3795 cx
1148 3739 1248 3813 quibus
1262 3739 1393 3798 videlicet
1412 3739 1458 3796 illa
1478 3748 1590 3814 accepts
1611 3747 1686 3799 sunt.
1703 3742 1734 3797 lu

81 3829 155 3881 rum,
171 3814 235 3885 quia
256 3824 376 3889 propter,
393 3842 402 3866 ι
424 3824 476 3873 etc.
502 3817 532 3872 lu
556 3816 633 3871 lusta
656 3823 683 3870 et
702 3814 800 3872 Rufina
814 3814 880 3871 satis
934 3810 1019 3882 priori
1032 3811 1156 3883 signatur
1170 3812 1253 3869 lectio
1267 3810 1284 3867 2
1299 3812 1446 3885 Burgensis
1463 3812 1594 3870 ecclesie.

80 3898 168 3956 purus
184 3891 233 3940 est.

800 4053 1011 4071 ———

81 4105 142 4163 Xlll
157 4107 226 4163 Kal.
1628 4104 1679 4170 m,
1691 4109 1738 4169 20,

112 4195 218 4253 h'atalis
235 4195 308 4253 beati
323 4198 435 4273 loseph,
454 4198 501 4273 qni
517 4197 728 4272 cognominatus
747 4204 789 4255 eet
809 4197 913 4254 iustus.
935 4194 986 4252 Mic
1007 4194 1215 4268 predicationis
1234 4201 1261 4252 et
1282 4195 1446 4254 sanctitatis
1471 4197 1561 4256 officio
1584 4197 1738 4262 inserviens

80 4287 247 4360 multamque
263 4304 312 4360 pro
327 4288 381 4345 fide
396 4287 500 4346 Christi
522 4287 742 4363 persecutionem
759 4285 892 4343 aludaeis
904 4283 1054 4358 sustinens,
1074 4282 1304 4340 victoriosissimo
1318 4281 1375 4339 fine
1393 4284 1423 4340 iu
1445 4283 1540 4341 indua
1563 4286 1681 4357 quievit.
1697 4288 1737 4343 De

80 4387 130 4445 quo
144 4375 277 4444 refertur,
292 4378 366 4451 qnod
380 4394 517 4436 venenum
532 4378 644 4445 biberit,
663 4384 691 4433 el
705 4376 775 4432 nihil
791 4392 826 4431 ex
841 4372 895 4430 hoc
905 4371 982 4429 triste
1002 4372 1157 4445 pertulerit,
1176 4379 1288 4445 propter
1302 4371 1415 4428 Dominl
1430 4370 1524 4429 fldem.
1540 4371 1623 4444 Apud
1636 4374 1736 4428 Dama·

80 4475 333 4534 scum,sanctoriim
347 4467 453 4539 Sabini,
464 4468 589 4538 Maximi,
599 4466 713 4532 tuliani,
727 4462 872 4531 Macrobii,
883 4461 981 4529 Cassii,
991 4462 1163 4528 Paulae‚oum
1172 4460 1235 4517 aliis
1247 4461 1353 4517 decem.
1366 4460 1486 4521 Civitate
1495 4458 1633 4529 Corduba,
1644 4458 1735 4517 sancti

80 4558 153 4617 Pauli
168 4560 281 4619 diaconi
295 4571 322 4619 et
337 4563 477 4635 martyris.
493 4561 653 4636 [Bouillcrt.
749 4573 813 4615 cum
828 4555 891 4613 aliis
907 4554 1013 4612 docem.
1027 4563 1039 4591 ¹
1054 4553 1167 4625 lapago
1182 4551 1362 4620 Bononiensi,
1378 4550 1467 4608 sancti
1483 4550 1611 4610 Vulmeri
1621 4546 1736 4609 coufes-

80 4649 155 4707 soris.
169 4652 209 4707 Et
220 4651 250 4706 io
262 4653 381 4724 morqine
395 4669 404 4708 :
419 4651 525 4709 Eodem
540 4651 585 4708 die
599 4657 699 4708 sanctae
715 4648 868 4722 Margarita
884 4645 1000 4717 virginis
1015 4654 1042 4703 et
1059 4643 1215 4718 martyris]

846 4807 964 4865 NOTAE.

114 4937 200 4993 Purus
215 4953 359 4994 censemus
374 4939 524 5004 Hermion,
538 4937 742 5014 llam-telier,
752 4933 974 5006 dulcem-Moe.
991 4938 1019 4988 el
1032 4929 1233 4989 machetem.

114 5083 205 5139 ·Post
228 5083 411 5140 Damascenos
432 5091 567 5157 martyres
589 5082 619 5138 in
642 5081 771 5140 Carolino
796 5084 917 5142 auto-D
935 5080 1032 5139 Carolo
1047 5080 1103 5152 regi
1117 5080 1227 5136 oblatus
1240 5077 1303 5135 fuit.
1319 5077 1399 5146 Quod
1422 5075 1458 5133 ad
1475 5081 1601 5133 sanctum
1620 5071 1735 5130 Paulum

82 5154 182 5226 grapho
191 5154 252 5212 sic:
270 5155 383 5212 Cioitote
398 5156 524 5213 Corduba
538 5154 622 5211 sancti
641 5153 724 5210 Pauli
734 5153 839 5209 diaconi
856 5158 881 5209 el
936 5153 1044 5217 attinet,
1053 5150 1166 5207 difficile
1180 5150 1257 5207 dictu
1271 5164 1322 5206 cur
1337 5149 1417 5204 illum
1427 5145 1560 5229 deluserit
1574 5136 1734 5226 Usuardus:

82 5228 219 5298 martyris.
230 5229 291 5299 Ipso
300 5228 341 5282 dic
353 5234 449 5284 sciictc
462 5226 619 5299 Mcrqoriloe
630 5225 751 5297 oirqinis.
764 5225 882 5296 Utraque
938 5238 1000 5279 nam
1016 5221 1025 5276 i
1045 5221 1067 5277 si
1082 5220 1213 5277 ridentur
1221 5219 1298 5277 cordi
1313 5219 1398 5276 luisse
1412 5222 1499 5274 sancti
1514 5230 1548 5298 ⁰3¹
1559 5215 1700 5296 Hispanis,
1709 5222 1737 5272 et

82 5296 128 5354 illa
141 5299 369 5355 commemoratio
383 5294 523 5372 nunqnam
541 5297 575 5354 ab
595 5295 717 5354 Usuardo
732 5297 804 5352 lacta
816 5295 882 5352 scri·
937 5309 1017 5349 sunm
1028 5238 1080 5348 hic
1094 5292 1194 5374 Paulus
1208 5296 1367 5371 occupasset
1379 5289 1471 5369 locum
1483 5305 1490 5354 ;
1504 5285 1654 5415 cipridem
1668 5292 1737 5370 teste

82 5379 127 5440 pto
141 5376 193 5425 est.
210 5371 288 5426 Unus
308 5370 444 5426 duntaxat
466 5385 561 5425 versus
582 5369 637 5425 scal
658 5369 713 5424 ello
735 5383 811 5424 rasus
825 5373 881 5433 csl;
937 5363 1120 5445 domnoEnlo
1149 5370 1306 5433 omartyre,
1314 5360 1414 5418 obierit
1422 5358 1471 5440 ‚¹¹¹⁰
1481 5372 1533 5414 ιιιιι
1564 5356 1736 5440 shhuqusli,

82 5440 153 5522 qnod
169 5441 290 5513 spatium
305 5458 446 5514 nunqnam
462 5441 577 5497 Paulum
592 5448 619 5496 et
632 5385 806 5511 hamatilem
819 5453 883 5494 con·
937 5437 1006 5491 lena
1019 5435 1046 5501 2,
1061 5448 1106 5489 en.
1163 5434 1188 5489 l.
1204 5433 1344 5515 Quantum
1366 5434 1525 5557 conpactam
1547 5443 1654 5503 assequi
1669 5445 1739 5502 pos·

83 5518 169 5567 tinere
184 5512 286 5585 potnit.
302 5513 357 5570 Cnr
372 5529 436 5585 ergo
451 5511 565 5569 Codices
578 5527 684 5579 ornnes,
704 5518 801 5583 praeter
814 5509 885 5565 Pra-
939 5523 1010 5575 sum,
1037 5502 1265 5585 concurrentibus
1291 5501 1387 5583 mdeip
1423 5516 1460 5582 ¹ie
1485 5500 1604 5583 duobus·
1624 5501 1737 5569 sanctis,

80 5588 198 5651 tensem,
215 5592 362 5656 utrumqne
376 5583 618 5640 commemorant?
633 5583 704 5639 forte
729 5580 886 5637 memoriter
958 5593 1056 5633 norum
1073 5575 1143 5657 alter
1156 5575 1311 5654 longinquae
1326 5584 1456 5644 regionis,
1468 5572 1537 5631 alter
1550 5570 1736 5656 vicinuserat,

81 5654 255 5728 Margaritam
279 5653 394 5712 dictavit
418 5654 580 5712 Usuardus:
602 5653 673 5711 forte
696 5653 779 5709 etiam
822 5651 885 5708 aulo
939 5594 1014 5731 hunc
1038 5648 1117 5703 alteri
1145 5651 1294 5718 praeposuit
1310 5642 1468 5727 'Druardps
1491 5644 1584 5702 Sancti
1612 5643 1738 5701 anmarr

116 5735 143 5782 st
172 5725 328 5784 Usuardum
354 5726 449 5783 addita
474 5734 524 5783 est.
551 5725 645 5782 Nodus
672 5669 885 5805 inextricehilis,
941 5727 1026 5776 vitam
1041 5717 1125 5774 habes
1139 5724 1214 5789 parte
1229 5731 1239 5772 ι
1252 5723 1329 5773 tertii
1343 5715 1437 5773 saculi
1452 5715 1565 5785 bened,
1580 5728 1609 5789 p.
1622 5713 1686 5771 2³⁸.

102 5813 172 5858 onec
181 5815 217 5858 ex
232 5798 327 5872 aliqua
337 5796 510 5860 bibliotheca
522 5795 636 5872 prodeat
648 5795 743 5856 Codex
757 5795 825 5870 ipse,
837 5810 886 5869 qai
