3834 6136
125 200 173 257 831

780 188 934 245 listlaiilii
951 186 1112 245 abbaciri

123 321 209 387 hiem,
231 334 313 402 quam
339 316 373 373 ad
397 315 480 371 aliam
505 312 659 386 quamlibet
673 311 796 383 ejusdem
808 311 922 383 tyranni
937 314 963 373 Α
978 309 1143 378 Victoriam,
1172 309 1239 365 satis
1263 308 1358 364 innuit
1379 305 1555 364 Viennensis.
1571 305 1612 360 De
1627 302 1780 374 sepultura

125 389 315 449 carnificinam
325 386 449 443 alludere
460 384 598 442 videatur.
610 382 743 455 Adiuncti
754 383 782 438 iri
798 384 921 439 Romano

125 461 277 533 lligdoiiius
290 466 319 515 et
332 457 501 523 Mardonius,
518 456 552 511 ab
564 454 685 510 Eusebio
700 455 863 510 nominatim
875 471 921 509 ex·

125 532 211 605 pressi
236 545 292 587 non
315 536 389 585 sunt.
414 529 454 583 De
472 534 570 583 caemro
584 525 630 581 hic
645 525 748 581 iontem
776 525 922 596 pandimus

164 619 180 657 o
191 618 228 656 xx
237 599 324 657 nostri
335 606 470 671 martyres
479 604 687 669 promanarunt.
699 597 753 652 Nec
762 595 849 651 Lubet
858 612 921 650 cum

125 619 265 745 ffiquibus
280 670 470 749 divinare,pro
480 685 518 722 xx
530 674 692 737 martyrum,
703 667 836 737 scriptum
851 666 922 721 forte

125 744 194 800 olim
207 743 304 811 fuisse,
313 757 352 796 xx
360 741 486 795 millium.
501 739 547 795 Sic
557 737 661 794 alicubi
672 737 922 808 prostitisseosten·

125 814 168 870 dit
178 813 333 885 appositum
351 811 381 866 in
398 810 606 883 posterioribus.
619 808 721 864 hlolarii
736 806 920 888 editionibus:

127 892 154 940 et
169 884 209 940 sic
223 892 296 940 certe
306 898 397 938 xxviii
415 880 574 938 Decembris
589 879 712 935 referunt
726 876 924 959 Ephemerides

127 955 223 1011 Graeco
236 955 334 1010 blcscae
353 962 416 1008 ante
435 961 542 1008 tomum
562 951 575 1006 i
591 949 668 1015 hlaii,
682 965 743 1021 pag.
754 949 798 1005 57.
809 948 894 1005 Nobis
908 964 925 1003 a

126 1025 254 1082 codicum
270 1034 427 1080 nostrorum
443 1021 661 1079 Usuardinorum
677 1019 863 1091 simplicitate,
876 1035 925 1074 seu

128 1096 187 1152 haio
198 1112 274 1162 vera,
284 1111 331 1149 seii
342 1109 456 1148 erronea
465 1093 640 1159 sit,recedere
656 1091 790 1161 integrum
805 1106 861 1145 non
872 1096 922 1146 est.

163 1167 207 1221 Ad
218 1182 288 1220 xviii
300 1164 460 1221 Decembris
471 1179 527 1217 non
535 1163 618 1218 semel
632 1162 662 1217 iii
672 1160 840 1217 Auctariissi
861 1169 924 1216 nata

128 1246 169 1291 est
182 1236 323 1303 Anatolio,
337 1251 400 1290 cuin
411 1251 461 1289 sua
473 1234 623 1304 conmrqiiie
641 1232 767 1290 Victoria.
782 1233 821 1287 De
836 1177 884 1287 tha
897 1239 926 1287 et

128 1307 263 1362 Audaces
283 1309 353 1361 imus
363 1322 397 1360 ex
409 1305 526 1361 Usuardi
542 1311 641 1371 ments,
656 1303 690 1359 ad
705 1320 735 1358 rx
745 1302 827 1369 lulii;
844 1303 925 1358 istam

128 1375 184 1432 huc
206 1323 322 1432 retuffere
348 1376 539 1449 martyrologi,
560 1384 619 1432 tnui
634 1375 664 1429 in
678 1375 747 1430 serie
760 1373 850 1455 Bedai,
866 1381 925 1429 tum

128 1447 158 1502 iri
175 1456 280 1503 nostra.
296 1447 513 1519 Hieronymiana
528 1445 683 1528 apographa
697 1462 716 1500 x
730 1445 796 1500 lolii
812 1446 924 1525 legunt:

128 1521 160 1574 ln
176 1520 293 1586 Sabinis,
313 1519 475 1586 Anotholio,
496 1517 618 1575 Victoriae
632 1534 641 1582 ;
656 1516 704 1572 ubi
721 1532 816 1571 rursus
838 1515 927 1570 videri

128 1589 326 1661 possuntapud
337 1588 551 1653 Florentinium,
564 1605 625 1660 quae
640 1587 751 1658 praefata
765 1603 793 1642 ix
808 1586 873 1641 iulii
887 1587 925 1641 iii·

977 383 1038 438 loco
1053 383 1165 438 consule
1189 378 1325 436 Holstanii
1338 377 1536 433 Animadversa
1550 375 1584 431 ad
1604 373 1781 454 martyrolo-

977 453 1053 525 gium
1080 453 1266 509 Romannma
1288 465 1348 522 pag.
1366 448 1426 514 ios,
1451 446 1499 503 ubi
1523 449 1678 526 Dextrinas
1694 460 1780 515 nugis

976 524 1151 595 aliorumque
1179 537 1286 580 errores
1311 525 1437 576 amuiale
1460 517 1574 574 refellit.
1598 514 1673 571 Audi
1698 515 1780 572 modo

977 593 1219 663 wandalbertum,
1239 593 1279 649 sic
1305 606 1363 648 uno
1390 605 1439 646 sno
1465 587 1607 645 versiculo
1622 585 1780 643 Victoriam

976 672 1142 722 canentem:

1040 770 1156 820 Victoria
1173 768 1269 820 Christi
1285 768 1403 819 decimus
1419 766 1451 817 de
1462 766 1563 830 virgine
1576 763 1672 826 lulget.

1015 879 1142 935 Seruatus
1164 877 1192 932 in
1209 877 1269 934 sola
1291 876 1361 932 serie
1390 880 1484 931 nostia
1512 878 1596 927 notua
1624 878 1680 939 eat,
1705 870 1780 928 sica

977 952 1101 1007 Romano
1123 965 1209 1021 parvo
1239 947 1359 1016 primum
1381 946 1505 1018 signatus
1522 961 1528 999 :
1545 945 1647 1008 Roma,
1665 942 1780 1010 amaa,

978 1019 1322 1092 camliaciacinse
1350 1016 1455 1073 ecclesia
1483 1015 1553 1069 beati
1577 1013 1722 1095 Gbmeatis
1738 1031 1780 1070 se-

997 1091 1068 1157 ulti;
1084 1091 1129 1146 ubi
1144 1091 1274 1146 Dominus
1286 1106 1335 1160 per
1344 1089 1421 1144 illam
1436 1086 1508 1141 mira
1519 1085 1629 1156 operari
1642 1084 1777 1156 dignatur.

977 1108 1075 1218 Rrevis
1089 1161 1209 1217 encomii
1221 1162 1336 1228 fontem,
1348 1174 1447 1230 nempe
1459 1171 1588 1238 magnum
1605 1153 1777 1233 Gregorium,

979 1234 1126 1289 consuleris
1139 1232 1315 1297 Viennensis,
1333 1229 1487 1299 longiorem
1512 1226 1778 1306 inde'narrationem

980 1320 1056 1360 suam
1082 1302 1245 1373 desumpsit,
1269 1303 1335 1357 satis
1356 1309 1523 1366 accuratam,
1548 1313 1654 1377 culus-e
1674 1297 1778 1355 itomen

980 1374 1094 1430 exhibet
1108 1381 1201 1429 textus
1218 1381 1320 1428 noster.
1337 1370 1464 1427 Videnda
1480 1370 1526 1425 hic
1580 1384 1651 1439 regia
1703 1369 1776 1424 ronii

980 1444 1133 1511 annotinis,
1144 1460 1204 1524 que
1220 1444 1249 1498 iri
1264 1442 1412 1499 hlelchiore
1426 1440 1502 1523 Cario
1518 1385 1701 1521 hggiernoeh
1753 1456 1777 1495 r·

980 1516 1091 1573 criticos
1102 1515 1210 1570 fortiter
1225 1512 1364 1580 retundit;
1380 1513 1442 1567 illos
1458 1527 1604 1577 nimirum,
1618 1508 1704 1582 quiS.
1741 1526 1778 1565 re·

981 1587 1050 1658 gorii
1065 1586 1241 1658 Dialogorum
1257 1584 1352 1652 libros,
1375 1583 1512 1655 quaejam
1533 1582 1618 1650 mille,
1646 1587 1675 1634 et
1696 1580 1779 1637 multo

128 1660 294 1716 dicavimus.
318 1661 407 1717 Breve
425 1670 452 1717 et
475 1659 596 1715 nitidum
619 1658 766 1725 estDedai,
796 1666 822 1712 et
845 1657 1106 1729 exeoBamplius,
1136 1660 1226 1722 oncis,
1258 1663 1310 1711 tom
1342 1655 1515 1711 Occidentalis
1534 1669 1618 1723 quam
1638 1650 1779 1708 orientalis

129 1732 235 1787 Rabaiii
251 1731 371 1803 elogium
385 1750 392 1798 ;
408 1738 533 1786 nostrum
558 1739 615 1785 tam
632 1729 697 1785 huic
710 1729 812 1793 simile,
833 1735 864 1783 ut
877 1744 926 1798 pro

128 1802 228 1873 majori
249 1812 326 1873 parte
343 1818 378 1856 ex
402 1801 488 1881 priori
516 1800 686 1871 descriptum
712 1815 768 1853 non
791 1797 927 1854 dubitem.

129 1872 251 1942 Longior
261 1880 302 1927 est
317 1871 423 1927 Adonis
434 1871 561 1938 historia,
570 1886 653 1996 ipram
669 1869 811 1925 hincinde
825 1868 930 1925 arrodit

129 1942 327 1999 Tillemontius
336 1949 410 1997 tomo
419 1943 456 1997 lll
465 1957 549 2066 apag.
563 1942 577 1996 7
599 1941 614 1995 3
626 1941 655 1994 iri
666 1941 751 2006 notis,
760 1955 823 1995 cum
837 1947 929 1994 tamen

129 2012 159 2066 iii
176 2013 236 2082 ipso
252 2027 333 2083 opere
346 2028 361 2066 a
395 2028 436 2083 ag.
447 2011 480 2066 32
513 2027 568 2067 ncii
583 2009 650 2065 adeo
662 2010 696 2065 ab
712 2010 769 2080 ipsa
783 2009 930 2065 abhorrere

129 2080 269 2136 videatur.
288 2082 342 2137 Nos
357 2028 393 2136 ,E
407 2098 435 2136 ix
450 2081 517 2136 iulii
533 2081 561 2136 iri
578 2080 654 2136 Actis
671 2089 791 2135 mentem
807 2087 929 2135 nostram

129 2150 465 2208 declarabimuslnterim
480 2159 617 2207 vetustam
632 2167 691 2206 esse
707 2151 862 2222 passionem
877 2167 931 2206 ne-

130 2238 193 2293 gare
208 2238 290 2277 nemo
307 2222 389 2290 ausit,
415 2239 477 2277 cum
488 2239 524 2277 ex
536 2239 567 2277 ea
581 2221 713 2277 Adelmus
728 2237 838 2277 carnem
849 2238 930 2277 suum

130 2293 328 2364 composuerit,
341 2293 414 2366 quod
430 2309 492 2349 cum
507 2293 614 2348 ildonis
628 2293 719 2364 elogio
733 2291 804 2363 apud
819 2293 931 2348 Surium

132 2365 276 2436 vulgatum
291 2372 342 2420 est.
370 2365 401 2419 ln
417 2364 475 2436 ipsa
489 2364 556 2420 urbe
571 2364 657 2420 licina
673 2380 779 2435 passam
804 2380 859 2418 iiori
874 2380 931 2419 csse

983 1729 1101 1785 Ecclesia
1122 1744 1225 1784 sumina
1239 1728 1298 1796 fide,
1319 1727 1393 1797 dique
1407 1726 1585 1791 veneratione,
1599 1723 1778 1793 immensisque

984 1806 1021 1855 est
1035 1799 1158 1855 laudibus
1171 1805 1318 1870 prosecuto,
1334 1797 1473 1852 credentia
1487 1794 1700 1851 controuersiam
1712 1811 1778 1849 reco-

984 1888 1045 1927 care
1057 1888 1087 1925 oc
1099 1870 1150 1942 lide
1159 1870 1284 1926 minuere.
1301 1871 1332 1924 lii
1342 1868 1403 1925 aliis
1419 1866 1446 1923 id
1456 1868 1515 1922 ausi
1526 1866 1646 1922 inerunt
1660 1864 1778 1921 homines

984 1941 1041 1996 illi:
1073 1948 1101 1996 at
1128 1941 1175 2022 qni
1197 1940 1306 1995 Servuli
1322 1938 1466 1995 historiam
1482 1937 1649 1994 indubium
1666 1944 1777 2017 revocet,

985 2010 1117 2067 haetenus
1133 2011 1227 2067 inveni
1243 2011 1392 2067 neminem.
1407 2011 1445 2065 De
1460 2008 1647 2065 Dedicatione
1663 2007 1778 2063 basilica

984 2083 1019 2138 ad
1033 2082 1060 2137 S.
1084 2081 1213 2138 Germani
1236 2082 1362 2152 aprelis,
1379 2080 1450 2136 nihil
1466 2079 1554 2135 haheo
1582 2077 1665 2159 quod·
1676 2078 1722 2159 hic
1733 2094 1778 2133 su-

985 2152 1149 2225 peraddam;
1170 2155 1203 2210 ab
1218 2153 1343 2209 Usuardo
1360 2151 1488 2223 positam,
1501 2150 1627 2222 probarit
1641 2157 1719 2205 citati
1735 2165 1777 2220 pio

986 2231 1064 2279 textu
1078 2222 1195 2280 codices.
1214 2223 1374 2279 childeberti
1388 2222 1458 2294 regis
1476 2221 1629 2292 depositio.
1647 2219 1777 2293 potiusail

986 2294 1184 2366 necrologium,
1213 2310 1295 2367 quam
1323 2294 1357 2350 ad
1382 2293 1618 2366 Martyrologium
1645 2290 1777 2364 spectabat

863 2498 1053 2558 sacratim.

168 2609 326 2663 Toiisiceii.
338 2609 407 2664 bene
422 2609 451 2662 iii
463 2614 542 2662 texta
553 2607 677 2679 procedit
693 2608 824 2681 usquead
838 2615 932 2680 rogatu

132 2680 175 2734 sui
189 2680 288 2748 spousi.
310 2680 415 2735 Caetera
427 2678 520 2734 omma
532 2679 713 2749 pretermissa
725 2688 798 2735 sunt.

170 2751 319 2805 lioswiciii.
349 2751 438 2829 pergil
463 2749 600 2819 usquead
620 2750 776 2804 creberrime
796 2752 881 2822 finnt:
906 2757 933 2805 el

134 2819 244 2874 omissis
259 2818 374 2889 reliquis
389 2819 542 2873 substituit.
566 2821 657 2875 «item
673 2821 777 2887 Romu,
798 2821 931 2877 Eleulerii

135 2899 161 2944 et
170 2889 289 2943 aliorum
300 2904 456 2943 nccexxxv.
470 2915 478 2937 ι
499 2889 568 2943 Vide
598 2891 717 2945 uoinodo
728 2891 786 2946 bico
796 2909 830 2946 ex
839 2893 931 2947 Hiero·

134 2958 448 3032 nymianiscompcnere
461 2966 576 3014 conetur
603 2960 788 3016 'terentiolus

988 2608 1037 2663 lice
1065 2607 1095 2663 iii
1122 2603 1205 2662 corde
1224 2606 1315 2678 gladio
1330 2623 1458 2679 percussa
1473 2615 1524 2663 est.
1542 2605 1709 2663 Taliarchns
1723 2619 1776 2661 reio

987 2693 1130 2751 percussor
1144 2677 1213 2749 ejus,
1232 2680 1354 2750 leprosus
1371 2677 1547 2745 lactus‚intrn
1563 2685 1622 2734 tres
1645 2676 1706 2733 dies
1719 2693 1776 2733 ocii·

986 2757 1112 2821 sumptus
1127 2765 1144 2804 a
1159 2748 1313 2816 vermibus,
1328 2749 1475 2820 expiravit.
1492 2774 1501 2796 ι
1519 2748 1607 2805 Tum:
1630 2772 1639 2796 ι
1655 2747 1775 2804 Etnatale

986 2821 1073 2876 sancti
1089 2818 1223 2875 lobannis
1238 2819 1400 2892 presbyteri,
1410 2818 1492 2892 positi
1512 2819 1546 2875 ad
1571 2829 1703 2876 sanctum
1716 2819 1774 2874 llar-

987 2908 1059 2946 iiien.
1074 2916 1083 2937 »
1105 2891 1137 2946 lii
1150 2890 1417 2956 Nicomediensibus,
1432 2890 1561 2945 nonnihil
1575 2891 1722 2947 mutilatus
1735 2898 1773 2954 eit,

985 2970 1012 3017 et
1023 2979 1071 3033 pro
1085 2979 1133 3029 xx,
1149 2962 1228 3034 ponit
1238 2978 1306 3017 xxv.
1322 2961 1444 3018 Deinde:
1464 2987 1473 3008 ι
1488 2963 1557 3019 item
1575 2963 1685 3028 Rome,
1699 2961 1774 3016 natale

171 3030 326 3085 Paasanniv.
343 3029 469 3100 incipit:
505 3054 514 3075 «
539 3027 620 3100 Apud
648 3029 801 3100 Spolelum,
834 3032 1143 3106 nalalisflsanctoriim
1170 3033 1297 3105 Eugenii,
1322 3033 1486 3100 Eleutherii,
1510 3033 1628 3106 Urbani,
1652 3031 1772 3096 Cornelii,

135 3101 222 3156 sancti
238 3100 361 3181 Gregorii
386 3099 537 3172 presbiteri
563 3108 591 3154 et
606 3102 745 3171 martyris,
762 3102 932 3174 temporibus
985 3102 1106 3173 Trajani,
1122 3103 1254 3171 Victoris,
1271 3103 1399 3170 Gaetula,
1413 3114 1439 3158 et
1465 3104 1586 3158 aliorum
1603 3103 1773 3176 octogintaet

135 3171 300 3228 Diocletiani
317 3179 344 3226 et
358 3159 519 3227 Maximiani
543 3170 751 3241 imperatorum,
775 3172 826 3228 sub
842 3172 932 3229 'edice

135 3243 266 3298 Flacco·
288 3242 338 3299 Est
347 3242 430 3298 hodie
444 3242 473 3296 in
489 3241 600 3298 llabaiio
612 3258 676 3298 cnm
693 3243 810 3315 longiori
822 3190 930 3315 efogim

138 3313 277 3369 Usuardus
295 3329 358 3370 euni
376 3314 466 3385 signat
492 3312 537 3368 die
564 3313 699 3394 sequenti.
716 3315 787 3373 Vide
801 3315 933 3371 hectaria

137 3382 197 3440 heri
216 3391 243 3439 et
254 3383 347 3441 hodie.
363 3383 494 3458 Sequitur
508 3383 538 3438 iii
552 3384 660 3450 codice,
675 3385 834 3443 devictoris
848 3401 933 3512 usqne

136 3455 170 3510 ad
185 3455 370 3526 imperatoiis:
387 3456 421 3513 de
435 3455 563 3520 Servulo,
590 3471 675 3527 usque
698 3456 733 3513 ad
746 3474 817 3529 popo
831 3458 884 3512 scri
901 3456 930 3513 it.

137 3527 243 3582 Desunt
256 3527 362 3599 reliqua
377 3527 480 3582 omnia.

173 3597 327 3663 Aaronem,
342 3598 552 3665 hiim-liaeus,
576 3599 673 3653 Baeiiv.
693 3606 720 3652 et
736 3601 844 3654 Moris.
860 3598 933 3654 deii-

138 3665 217 3719 ciunt
232 3667 259 3719 iii
274 3666 399 3721 articulis
413 3668 520 3722 duobus
541 3668 659 3734 ultimis,
680 3683 748 3738 quos
762 3669 834 3724 haud
850 3669 933 3724 dubie

139 3734 262 3789 Usuardo
274 3735 449 3790 ascribendos
464 3753 518 3792 iioii
531 3745 708 3807 pnmverunt.

175 3804 322 3860 Marianis.
337 3805 471 3860 minorem
485 3807 622 3862 delectum
636 3806 726 3873 habet,
738 3807 933 3864 cuniultimam

139 3873 173 3929 de
186 3873 363 3931 Childeberto
375 3877 534 3946 signaverit.

175 3945 427 4010 miceam-biii„
441 3946 622 4013 Uirniiiicr,
635 3947 769 4015 ancem,
781 3948 935 4006 debusset

117 4053 120 4058 -
140 4016 238 4070 Diiiic.
251 4016 281 4069 iii
295 4016 383 4072 tribus
398 4016 495 4087 primis
507 4018 778 4086 annuntiationibus,
793 4035 856 4074 cum
887 4036 933 4076 ire·

141 4084 307 4166 cedentibus,
321 4094 423 4167 etloum
440 4097 517 4144 lextii
536 4089 602 4144 salis
617 4090 799 4157 conveniunt,
814 4037 934 4148 excrusis

141 4163 224 4211 etiam
245 4155 417 4213 dedicatione
439 4166 466 4214 et
489 4159 678 4229 Childeberto,
701 4161 748 4216 sed
763 4178 858 4218 eorum
874 4163 934 4219 loco

910 4304 935 4359 ie

141 4226 292 4297 adjiciunt:
322 4254 331 4274 ι
356 4229 460 4285 Eadem
488 4229 543 4294 die,
571 4232 660 4288 sancti
688 4233 835 4304 Dagoberti
864 4233 935 4360 repis

140 4298 337 4379 Francorum.»
358 4300 428 4356 Puto
442 4316 596 4357 sermonem
612 4318 670 4358 esse
684 4303 717 4359 de
731 4319 774 4372 eo,
790 4304 838 4376 qui
852 4304 889 4359 bo

141 4384 170 4424 iii
181 4368 376 4442 Martyrologio
391 4372 569 4428 universalia
582 4372 737 4430 Castellano
752 4375 880 4430 refertur.

177 4439 330 4498 Lavinium.
352 4443 381 4496 in
394 4451 541 4515 augmento
553 4445 679 4515 proxime
691 4446 880 4518 superioribus
894 4445 938 4500 si-

142 4510 216 4566 limis
241 4521 291 4579 est,
313 4512 519 4585 sedexpunxlit
543 4523 632 4571 totum
657 4517 788 4574 Victoriae
803 4516 934 4588 elogium.

142 4581 206 4636 Hac
215 4597 296 4638 causa
309 4592 360 4651 est,
376 4592 407 4639 ut
420 4583 647 4657 supradiximus,
658 4588 750 4643 curab
761 4588 824 4643 aliis
840 4587 936 4644 medie

141 4659 215 4706 note
229 4653 371 4710 codicibus
386 4671 456 4725 saepe
470 4656 644 4712 excludatur.

161 4721 346 4800 ¹Cicerones:
371 4727 495 4792 «licina,
512 4725 643 4781 Victoriis
667 4727 794 4799 virginis,
812 4729 862 4785 sub
879 4730 937 4784 De·

142 4808 185 4847 oio
209 4800 383 4862 imperatore.
413 4796 494 4866 Apud
508 4796 886 4865 Niohomediam,sanctorum
898 4816 937 4854 xx

143 4869 306 4943 martyrum.
319 4864 387 4919 ltem
398 4866 500 4933 Romae,
512 4866 584 4921 beati
595 4866 714 4935 Servuli,
730 4868 764 4924 de
773 4884 827 4948 quo
841 4869 938 4925 beatus

96 4995 104 5006 ,
143 4933 290 5003 Gregorius
315 4934 422 5002 scribit,
450 4936 541 4992 llcbus
567 4952 689 5008 pauper,
718 4939 823 4994 iiieiilis
848 4941 935 4996 dives.

143 5005 211 5060 ltem
236 5004 296 5076 ipso
321 5004 377 5071 die,
393 5007 481 5062 sancti
496 5007 617 5063 Evaristi
632 5024 666 5079 pa
685 5027 706 5064 ae
720 5017 747 5064 et
759 5010 900 5081 martyris.
920 5036 929 5058 ι

143 5075 252 5132 Colitur
273 5093 343 5132 xxvi
362 5077 499 5133 Octobris.
517 5077 566 5134 Est
579 5078 650 5135 alius
667 5025 722 5135 hoc
736 5079 781 5137 die
795 5081 937 5138 Evaristus

142 5146 172 5201 iii
188 5146 421 5220 Hieronymianis.

179 5218 357 5276 Biiaxiiauiiiv.
373 5219 488 5290 incipit:
508 5221 620 5276 «Roma
635 5222 722 5279 sancti
733 5223 937 5295 Evaristipape

143 5295 171 5343 et
199 5291 338 5363 martyris.
368 5290 454 5362 Cujus
479 5291 615 5347 celebrior
641 5294 741 5348 natalis
760 5294 819 5350 dies
836 5295 938 5351 colitur

144 5376 184 5413 vii
198 5361 333 5418 Kaleiidas
348 5361 521 5418 Novembris.
539 5388 547 5409 ι
564 5363 595 5418 lii
608 5363 740 5432 Victoria,
752 5381 808 5420 non
823 5367 937 5421 cirininc

144 5444 229 5550 purus
243 5440 292 5499 est,
308 5435 348 5489 sic
362 5434 485 5489 scriberis
502 5452 508 5489 :
533 5435 593 5489 «El
610 5436 709 5503 Romae,
728 5437 817 5492 natale
837 5444 937 5493 sanctie

173 5501 275 5554 ictoriae
300 5503 416 5574 virginis
426 5512 453 5559 et
468 5506 608 5577 martyris.
627 5506 693 5573 Qua
716 5507 781 5562 durii
801 5515 871 5562 esset
886 5508 938 5562 de-

146 5577 272 5636 sponsata
289 5574 398 5628 cuidam
416 5586 561 5646 pagano,et
574 5592 624 5632 nec
647 5577 750 5632 nubere
763 5594 814 5633 ricc
827 5577 937 5634 sacrifi-

145 5652 206 5692 care
221 5640 314 5718 vellet,
330 5652 390 5712 post
413 5648 500 5702 inulta
516 5647 659 5714 miracula,
670 5648 705 5703 ad
719 5648 880 5704 instantiam
894 5650 938 5705 siii

145 5722 249 5778 sponsi,
261 5709 311 5764 sub
320 5717 510 5781 peisecetioiie
524 5717 600 5774 Decii
614 5719 825 5791 imperatoriae
842 5721 936 5776 caini-

985 3174 1100 3245 triginta
1114 3172 1304 3247 [ocluitilicere
1317 3174 1538 3245 octingentorum
1549 3181 1578 3230 et
1595 3172 1774 3247 triginta].·li

985 3245 1112 3312 Servulo,
1130 3244 1237 3301 modice
1252 3245 1445 3317 interpolatus,
1456 3243 1486 3299 iu
1503 3245 1559 3300 line
1574 3261 1641 3302 cum
1661 3262 1693 3301 sii
1728 3245 1775 3300 rio·

986 3317 1080 3372 ribus:
1115 3340 1130 3362 -ι
1153 3314 1258 3372 Eodem
1273 3315 1329 3384 die,
1347 3316 1435 3372 sancti
1449 3316 1599 3387 Dagoberti
1616 3316 1690 3388 regis
1722 3330 1770 3371 rau·

985 3403 1122 3443 corum·

1023 3459 1203 3514 Hieronica.
1220 3457 1249 3512 iii
1265 3459 1354 3531 prima
1366 3458 1448 3514 habet
1458 3457 1491 3513 de
1505 3458 1646 3527 Victoria,
1662 3475 1717 3514 non
1729 3472 1774 3513 om·

987 3529 1054 3584 nino
1095 3546 1153 3585 ure.
1178 3528 1262 3584 Paulo
1286 3530 1384 3586 melius
1408 3529 1438 3583 iii
1460 3529 1732 3586 Nicomediensibus.
1746 3527 1776 3582 De

986 3546 1113 3668 Servare,
1131 3607 1190 3671 post
1200 3599 1314 3667 jacebat,
1331 3600 1481 3667 interserit,
1504 3624 1513 3647 ι
1531 3600 1561 3655 iii
1578 3616 1681 3672 magna
1700 3597 1777 3657 cordis

986 3677 1014 3724 el
1026 3672 1149 3741 corporis
1160 3671 1313 3741 paciencia;
1323 3679 1350 3726 et
1365 3671 1494 3727 similiter
1509 3670 1593 3727 rebus
1609 3686 1714 3744 pauper
1722 3676 1775 3726 aral.

988 3741 1029 3796 Ad
1053 3740 1135 3810 jucus
1163 3741 1271 3795 obitum
1293 3758 1373 3798 voces
1396 3741 1497 3797 auditae
1511 3749 1577 3797 sunt
1596 3743 1732 3799 coelestes.
1745 3737 1778 3795 ii

987 3810 1067 3866 cii'us
1081 3811 1163 3866 etiam
1184 3813 1309 3867 tumbam
1328 3812 1461 3868 miracula
1480 3811 1654 3869 creberrime
1676 3812 1774 3869 finnt·

987 3828 1063 3936 Nihil
1080 3890 1211 3963 praeterea
1227 3883 1388 3954 adiunctum
1404 3883 1526 3938 invenio.
1758 3952 1763 3962 Ι

1024 3949 1780 4026 luniciacumcommemorationedeVictoriaaliquid

987 4023 1103 4089 turbat;
1133 4023 1200 4079 dum
1227 4032 1288 4095 post
1310 4041 1436 4095 percussa
1457 4032 1496 4080 est
1518 4025 1624 4095 plodio,
1641 4023 1778 4099 adjungit:

995 4117 1004 4141 ι
1020 4095 1111 4150 iudea
1126 4094 1255 4151 carnifice
1274 4102 1370 4165 rogatu
1384 4096 1427 4152 sui
1442 4095 1535 4168 sponsi
1550 4096 1698 4168 sepelitur.
1711 4121 1720 4145 ι

987 4166 1019 4221 lii
1043 4167 1225 4221 Divsiioueii.
1247 4174 1274 4221 et
1289 4166 1463 4223 Cinniicaii.
1479 4166 1581 4223 ad'ecti
1596 4177 1667 4224 suut
1679 4162 1781 4224 artisdi

987 4235 1043 4291 duo
1056 4237 1090 4292 de
1104 4235 1277 4316 dedicatione
1290 4237 1414 4294 Basilica
1428 4239 1457 4293 iii
1472 4235 1500 4293 S.
1512 4184 1648 4294 hermani
1662 4254 1679 4295 ii
1691 4235 1783 4301 Pratii,

988 4315 1015 4362 et
1037 4306 1071 4362 de
1099 4306 1271 4378 depositione
1306 4307 1488 4377 childeberti,
1517 4307 1592 4364 sicut
1617 4307 1783 4366 babeturiu

951 4401 975 4459 D
990 4384 1078 4433 textu.

1026 4446 1509 4507 Mareia-Cieros.‹Uiriiiiiicr.:1
1538 4450 1674 4508 Victorias
1699 4448 1785 4521 virgi-

991 4519 1043 4575 nis.
1060 4519 1223 4575 Sanctorum
1250 4522 1351 4592 viginti
1368 4530 1438 4577 mart
1459 4536 1530 4577 rum.
1553 4520 1664 4578 Servuli
1683 4522 1785 4592 paraly-

991 4589 1050 4656 tici,
1067 4591 1100 4645 de
1133 4607 1168 4645 iio
1192 4592 1290 4647 scribit
1316 4593 1412 4649 beatus
1452 4592 1576 4663 regorius
1591 4591 1622 4647 iii
1636 4589 1779 4647 homilia.-

1026 4661 1094 4717 linc.
1114 4605 1208 4729 gaso,
1221 4678 1298 4718 iiuiii.
1310 4663 1374 4731 iae,
1390 4663 1490 4719 similis
1503 4671 1554 4718 est.
1571 4662 1720 4719 Memmi.
1734 4659 1785 4731 agit

991 4731 1025 4791 de
1038 4733 1097 4786 sola
1113 4730 1286 4803 depositione
1296 4734 1476 4791 Childeberti.

1029 4802 1176 4870 vitricam,
1204 4804 1327 4874 signatus
1346 4820 1423 4860 num.
1445 4803 1663 4875 selandicis:
1686 4803 1733 4858 «Α
1752 4800 1784 4857 ud

991 4872 1145 4943 Spalatum,
1174 4875 1265 4929 natale
1285 4877 1374 4932 sancti
1388 4874 1513 4946 Gregorii
1529 4875 1700 4947 martyria·
1742 4888 1784 4928 uui

992 4944 1091 5013 elogio,
1103 4943 1195 5014 inquit
1204 4944 1418 5015 Papebrocbiiis,
1433 4945 1481 5001 sed
1491 4945 1566 5002 istud
1580 4961 1638 5001 iioii
1648 4942 1783 5009 describit:

991 5013 1063 5070 forle
1087 5014 1152 5086 quia
1174 5014 1247 5070 idem
1262 5025 1303 5072 est
1317 5033 1380 5072 oum
1399 5015 1554 5073 Usuardino
1568 5015 1628 5073 diei
1641 5014 1783 5090 meantis

1027 5086 1177 5140 hirenis:
1189 5086 1230 5141 ‹ln
1245 5087 1507 5154 Nicomedia,natale
1519 5103 1597 5142 xxxv
1609 5094 1680 5144 mart
1703 5101 1778 5142 rum.-

992 5155 1062 5211 Vide
1076 5172 1137 5228 quai
1152 5155 1275 5213 diximus
1292 5158 1320 5213 iii
1339 5157 1548 5215 observatione.
1575 5158 1671 5214 «Item
1710 5171 1782 5222 ome,

991 5243 1147 5282 ccccxxxv.
1165 5228 1201 5282 Et
1215 5227 1351 5298 depositio
1361 5231 1392 5284 D.
1404 5227 1577 5285 childeberti
1591 5228 1690 5301 regis.»
1699 5225 1783 5284 iiiiii

992 5312 1047 5353 nori
1061 5313 1110 5368 pro
1123 5298 1189 5364 dici,
1202 5297 1248 5354 sed
1265 5315 1314 5424 pro
1324 5299 1433 5354 Domini
1445 5299 1571 5380 ponitur.

1027 5369 1207 5424 Februariis:
1241 5393 1250 5415 ι
1283 5377 1349 5437 lein,
1365 5377 1452 5426 sancti
1468 5369 1527 5427 itui
1539 5371 1658 5438 Zosimi,
1674 5370 1723 5445 qui
1737 5365 1781 5427 lui:

991 5438 1026 5495 dc
1052 5439 1173 5510 antiquis
1201 5438 1304 5496 Christi
1334 5440 1513 5511 discipulis·
1544 5441 1662 5498 Sicdno
1678 5440 1783 5497 nemim

991 5513 1284 5575 coniiectniitnr‚nulla
1293 5510 1386 5567 addita
1401 5511 1673 5582 interpunctionem
1683 5512 1707 5569 si
1720 5510 1782 5591 ejus·

992 5581 1053 5635 dem
1074 5596 1195 5651 personae
1209 5591 1307 5637 essent.
1321 5582 1390 5639 Vide
1406 5580 1559 5638 Usuardiim
1568 5599 1655 5655 snpra
1666 5583 1702 5641 ad
1718 5581 1782 5638 meni

993 5668 1059 5706 xviii
1077 5652 1244 5706 Decembris.

1026 5721 1121 5778 Editio
1146 5722 1343 5781 busaeo-(lon.
1368 5723 1397 5778 iii
1420 5722 1635 5781 annuntiatione
1657 5720 1781 5783 Victoria
