3834 6136
126 225 175 292 iil

811 218 964 286 USUARDl
982 217 1143 284 mousom

1731 213 1785 278 sia

130 353 271 430 martyris.
289 355 320 412 Iii
344 350 508 411 monasterio
522 352 673 423 Argenton,
688 351 747 424 ipso
760 350 816 420 die,
837 362 924 409 sancti
939 355 965 414 Α
983 351 1027 424 gio
1036 348 1189 406 universali
1205 363 1268 403 eum
1284 344 1401 404 collocat
1410 344 1439 402 in
1448 341 1548 413 Darne,
1559 344 1653 416 potius
1665 344 1785 413 Deurne,

130 427 300 500 Fredegandi
313 426 487 485 contessoris.
504 449 513 475 2
535 423 705 483 Castellanus
719 423 749 480 in
763 424 924 497 Martyrolo·

982 439 1065 495 prope
1079 420 1272 492 antuerpiam.

129 619 182 678 XV
196 619 262 676 rat.

1673 614 1725 671 ote
1740 613 1785 670 ts.

163 709 245 784 Apud
259 708 445 781 Cartaginem,
461 714 563 766 sanctae
580 705 727 765 Giddenes
740 708 880 781 martyris,
896 723 956 783 qne
967 705 1047 779 jussu
1062 708 1157 766 Rnlini
1176 705 1361 780 proconsulis,
1380 705 1415 763 ob
1438 704 1545 764 Christi
1569 703 1785 775 confessionem,

127 808 223 875 quater
237 797 356 856 diversis
372 796 543 870 temporibus
558 797 669 870 equulei
684 797 846 854 extensione
860 802 969 866 vexata,
984 803 1012 853 et
1026 797 1191 867 ungulamm
1210 795 1346 852 horrenda
1364 793 1532 852 laceratione
1548 793 1680 862 cmciata,
1696 810 1786 851 carce·

126 892 165 948 ris
179 891 262 946 etiam
288 885 417 963 squalore
436 885 596 944 diutissime
610 887 721 957 afflicta,
741 887 891 945 novissime
910 888 1000 962 gladio
1024 905 1092 946 cassa
1116 898 1166 946 est.
1195 888 1314 947 Ciuitate
1336 889 1497 953 Dorostoro,
1519 883 1607 941 sancti
1635 884 1782 945 Emiliani.

127 980 224 1056 [Addit
241 979 401 1048 Bouiitart„
417 977 524 1035 cursioo
538 977 691 1035 charactere
706 995 712 1034 :
729 979 759 1035 ln
774 994 843 1052 pago
859 978 1010 1048 castrense,
1025 979 1160 1054 depositio
1175 977 1203 1037 S.
1219 977 1340 1048 Arnolli,
1358 975 1490 1050 martyris
1504 983 1531 1033 et
1545 973 1695 1050 episcopi]

881 1103 999 1164 NOTAE.

164 1213 223 1274 Soli
236 1230 272 1273 ox
283 1213 361 1272 omni
375 1221 454 1287 parte
470 1212 534 1288 puri
547 1221 612 1272 sunt
625 1213 797 1271 Pulsoneusis
811 1222 839 1272 st
851 1215 986 1274 nonum.

741 1343 943 1402 veniamus
961 1342 1167 1402 LECTIONES.

161 1450 234 1523 bego
248 1447 366 1505 sudeus
380 1460 444 1503 com
459 1443 582 1500 Romano
597 1458 692 1514 parvo,
704 1441 802 1499 Adoiie
812 1450 840 1499 et
849 1442 924 1499 oodi-

125 1519 314 1579 cibusnostris
327 1516 451 1574 melioris
461 1522 543 1572 notae.
552 1516 582 1571 lii
596 1517 704 1570 Antuer
725 1513 848 1586 :Maiore
855 1514 924 1570 male

125 1592 242 1650 babetur
258 1590 396 1648 Guildenc.
407 1586 555 1658 Rosveyd.
577 1585 670 1657 posuit
711 1587 824 1640 uudeues
834 1603 844 1650 ;
858 1586 924 1641 llu-

125 1671 214 1720 nerat.
228 1662 374 1719 chmnes.
389 1659 542 1715 Romanum
557 1672 671 1727 parvum
686 1655 760 1711 binis
769 1672 828 1712 eain
844 1656 925 1712 sertis

125 1734 245 1800 ornavit,
270 1731 394 1802 uirginis,
422 1734 561 1798 ntartprts.
591 1727 651 1782 Ado
673 1727 786 1797 scripsit
800 1727 923 1797 virginis,

124 1805 199 1877 qood
213 1811 240 1861 et
254 1801 347 1876 posuit
361 1799 495 1858 biolanns.
516 1800 553 1855 At
568 1796 714 1854 Pulsanen.
732 1814 796 1854 cnm
819 1798 924 1855 ceteris

978 1442 1130 1509 codicibus,
1138 1441 1226 1497 solum
1236 1439 1337 1495 tribuit
1347 1437 1465 1495 titulum
1475 1442 1547 1493 mort
1585 1435 1591 1446 ”
1607 1434 1787 1564 ,ῐοηθέἒοά

978 1512 1118 1571 Usuardus
1132 1513 1166 1568 de
1181 1510 1353 1583 virginitatis
1371 1510 1494 1566 laureola
1508 1507 1545 1563 du
1566 1507 1690 1588 itaverit.
1744 1508 1788 1563 lus

978 1586 1103 1641 Melanos
1118 1592 1191 1641 recte
1206 1583 1318 1654 scripsit
1335 1581 1453 1650 AEmilii,
1469 1596 1504 1636 eii
1517 1596 1577 1647 sua,
1593 1595 1705 1651 opinor,
1720 1595 1788 1636 cor-

979 1658 1112 1723 rectione,
1128 1671 1191 1710 nam
1208 1653 1307 1726 reliqui
1322 1653 1430 1711 codices
1445 1667 1541 1708 omnes
1555 1649 1725 1723 simpliciter
1738 1651 1784 1707 le-

978 1736 1055 1801 gunt,
1071 1734 1102 1784 ut
1115 1735 1155 1784 est
1169 1726 1199 1782 iii
1213 1732 1303 1781 textu.

320 1982 328 1997 ,
796 1926 1098 1986 osssnuvitriorttss

159 2032 313 2089 Romanum
332 2042 447 2101 parvum
470 2024 522 2082 hac
535 2024 580 2081 die
598 2023 690 2081 Adoiii
704 2024 817 2098 ejusque
829 2042 923 2108 sequa·
936 2029 959 2089 Β
973 2036 1108 2085 atterens.
1137 2024 1248 2099 Reliqui
1275 2032 1322 2080 ant
1347 2024 1457 2082 diversa
1475 2023 1568 2096 phrasi
1587 2028 1716 2091 utuntur,
1743 2039 1776 2080 ex

124 2103 203 2162 cibus
231 2102 270 2157 ita
294 2098 436 2156 materiam
464 2095 687 2153 subministravit
713 2115 718 2152 :
751 2097 920 2169 Cortbcqmc,

124 2180 220 2232 sancta
236 2171 371 2230 Guddeues
383 2168 507 2240 cirpinis,
521 2174 591 2224 mart
611 2169 670 2232 ris;
692 2184 753 2240 quae
776 2185 826 2224 neo
849 2169 922 2240 apud

124 2247 324 2318 Hieronymum
340 2240 434 2308 lindie,
449 2256 499 2296 nec
512 2239 584 2321 apud
593 2184 698 2295 dieram
714 2247 780 2295 nota
795 2247 844 2321 est.
862 2241 923 2296 Ado

124 2327 152 2374 et
167 2314 295 2387 martyrii
311 2321 418 2385 tempus
433 2320 460 2368 et
476 2317 573 2366 mortis
593 2327 678 2382 genus
702 2319 873 2383 exsequitur,
888 2328 923 2367 eii

124 2406 178 2462 quo
199 2387 285 2443 solam
306 2392 472 2456 postremam
500 2389 604 2453 partem
628 2382 725 2438 Noster
739 2381 868 2438 adscivit.
884 2386 924 2439 De

123 2459 175 2517 bac
189 2456 400 2523 annuntiatione
412 2454 479 2510 satis
512 2455 573 2509 lana
589 2460 653 2508 sunt
670 2458 777 2519 omnla;
794 2454 847 2509 nisi
863 2454 925 2526 quis

123 2548 187 2588 cum
202 2527 380 2585 Tillemontio
395 2534 470 2581 tomo
486 2469 531 2588 dl,
550 2540 610 2596 pag.
624 2525 684 2605 lili,
699 2525 865 2581 Gaudentum
880 2527 923 2581 vel

127 2599 304 2658 Gaudentium
319 2596 612 2667 Hieronymianorum,
630 2611 652 2649 si
673 2603 767 2651 natum
783 2596 811 2650 iu
828 2595 925 2666 Africa

124 2668 287 2750 xxvilunii,
304 2684 352 2748 pro
367 2667 419 2722 bac
436 2666 569 2731 audoene,
587 2681 634 2720 sen
651 2611 784 2734 dedentis,
800 2683 848 2723 seu
866 2668 926 2724 Gu-

125 2744 209 2810 carte,
227 2755 313 2811 accipi
327 2753 405 2810 posse
419 2736 576 2802 existimet;
593 2751 678 2808 eoque
693 2737 811 2793 adducat
826 2741 925 2810 Augu-

126 2813 192 2869 stini
210 2825 363 2868 sermonem
379 2807 442 2874 294,
460 2823 538 2863 oovae
551 2806 630 2875 edit,
647 2807 771 2864 habitum
797 2810 825 2865 in
841 2809 926 2866 natali

126 2883 257 2954 martyris
271 2880 416 2937 Gaudentis
424 2895 502 2934 xxvii
515 2878 601 2945 lunii,
617 2878 651 2934 de
666 2895 720 2952 quo
733 2881 815 2936 etiam
831 2882 926 2936 memi-

128 2958 171 3009 nit
196 2951 357 3010 Ruinartius
382 2951 455 3005 inter
476 2951 586 3018 selecta,
602 2966 662 3021 pag.
687 2951 747 3006 iat.
764 2953 813 3007 Est
835 2962 926 3008 autem

127 3026 208 3152 plane
222 3022 390 3086 verosimile,
400 3021 473 3094 quod
486 3022 546 3077 loco
561 3019 645 3075 citato
660 3020 772 3092 conjicit
789 3023 860 3078 idem
872 3024 926 3078 Til·

139 3096 287 3162 emontius,
304 3109 402 3164 nempe
417 3093 485 3148 Acta
500 3091 592 3173 aliqua
606 3092 713 3149 sincera
726 3094 793 3148 olim
808 3095 927 3150 exstitis-

128 3185 167 3236 se,
184 3165 336 3240 exquibus
361 3163 422 3220 Ado
446 3179 603 3219 encomium
629 3180 710 3220 snum
734 3165 926 3238 desumpserit,

128 3239 203 3295 notis
225 3236 419 3296 consularibus
445 3245 500 3291 tam
527 3251 654 3306 expresse
673 3235 850 3303 distinctum;
867 3254 928 3310 quse

127 3311 234 3368 utinam
251 3307 400 3382 aliquando
413 3307 441 3361 in
451 3307 538 3362 lucem
551 3306 748 3378 producantur!
763 3310 927 3377 Emilianas,

127 3383 172 3439 vel
186 3381 279 3455 potius
293 3379 469 3447 AEmt'lianus,
481 3394 537 3433 noii
552 3377 664 3434 aliunde
682 3395 764 3452 quam
777 3397 811 3436 ex
825 3380 962 3450 Hiero-(1

128 3453 269 3526 nymianis
283 3467 346 3508 acce
366 3458 411 3507 tus
425 3449 514 3505 videri
530 3457 628 3521 potest,
645 3452 757 3508 avulsus
771 3468 787 3507 a
801 3453 927 3524 pluribus

128 3523 229 3591 sociis;
245 3520 318 3595 quod
357 3520 487 3576 suardnm
501 3521 600 3592 sepius
613 3521 701 3578 facere
716 3524 839 3590 solitum,
860 3523 924 3579 alibi

129 3596 196 3651 satis
207 3608 343 3666 superque
357 3590 540 3648 ostendimus.
557 3591 711 3647 videantur
722 3603 853 3650 annotata
869 3595 927 3650 Bn-

130 3664 214 3730 ronii,
229 3673 256 3719 et
270 3679 330 3745 quae
344 3661 378 3717 de
393 3661 446 3716 insi
466 3661 495 3715 ni
505 3669 625 3732 martyre
634 3679 669 3716 ex
682 3665 804 3736 antiquis
818 3665 928 3737 collegit

130 3734 326 3792 Tillemontius
338 3739 414 3787 tomo
429 3732 451 3788 V
482 3775 489 3798 ,
506 3747 567 3803 pag.
583 3731 636 3788 ast
650 3741 677 3788 et
689 3734 752 3791 355.
767 3736 803 3790 Et
817 3745 929 3792 eatenus

130 3805 242 3881 quidem
257 3802 409 3863 concinunt
420 3802 625 3859 codicesoostri
636 3820 720 3878 prope
730 3823 839 3875 omnes;
856 3806 929 3864 unde

131 3876 287 4006 indqibitata
310 3874 436 3931 redditur
458 3873 574 3930 Usuardi
601 3874 694 3945 lectio,
718 3885 830 3949 prouta
849 3879 929 3935 nobis

130 3959 173 4007 tra
194 3949 233 4003 ita
246 3956 296 4004 est.

167 4020 246 4076 Nunc
260 4017 470 4085 advertendum,
481 4016 582 4089 signari
598 4016 649 4074 liac
662 4017 707 4074 die
721 4017 750 4074 in
762 4020 867 4090 Adone,
879 4023 929 4078 lla-

132 4092 205 4149 bano
223 4096 251 4146 et
272 4089 394 4145 Notliero
418 4088 567 4159 Amulsum
581 4090 718 4148 Metensem
741 4093 930 4164 episcopam,a

132 4162 245 4220 llabano
259 4176 322 4217 cuni
339 4161 431 4232 longo,
457 4159 492 4216 ab
520 4160 616 4216 Adone
643 4178 706 4218 cuni
732 4161 808 4218 brevi
829 4166 927 4245 elogio,

134 4232 209 4361 quod
229 4231 369 4289 Usuardus
393 4232 505 4289 distulit
523 4232 556 4289 ad
572 4248 621 4290 xvi
643 4232 772 4305 Augusti,
792 4235 930 4307 ipsissima

134 4305 203 4361 iluo
226 4303 332 4361 Adonis
355 4303 438 4360 verba
456 4302 586 4374 referens,
603 4314 634 4361 ut
648 4304 764 4377 proinde
776 4315 880 4363 certum
894 4308 930 4365 sit

133 4373 242 4434 codices
256 4389 352 4431 omnes
385 4375 413 4431 oi
430 4374 464 4432 de
475 4375 591 4432 blesensi
603 4376 722 4432 Amulio
737 4376 819 4434 bodie
832 4387 927 4450 agunt,

134 4447 164 4502 iii
179 4446 230 4503 bac
243 4454 321 4518 parte
334 4392 413 4503 nidlo
427 4446 510 4502 modo
524 4463 581 4503 esse
596 4448 774 4505 Usuardinos.
797 4450 931 4522 Singulo-

134 4533 195 4574 rum
210 4518 293 4575 verba
306 4517 336 4573 iri
357 4517 487 4575 auctariis
501 4517 638 4575 dabimus.
655 4519 716 4576 Non
743 4520 781 4576 ita
804 4522 929 4594 pervium

134 4598 175 4646 est
184 4588 338 4645 discernere
345 4599 438 4648 utrum
448 4590 589 4646 Usuardus
600 4592 796 4665 martyrologio
810 4610 859 4649 suo
874 4611 930 4650 noii

134 4658 290 4730 ascripserit
304 4659 452 4730 ernulfum
470 4662 618 4732 episcopum
641 4669 665 4716 et
683 4670 836 4734 martyrem,
851 4663 931 4735 cujus

135 4729 237 4787 diserte
259 4731 407 4787 meminere
433 4732 554 4800 Praten.‚
585 4733 738 4802 Hermian,
768 4735 930 4806 Tornacen„

136 4800 368 4872 antuerp-bisi,
390 4802 525 4858 Munerat.
541 4810 569 4857 et
591 4803 708 4859 Greven.
724 4804 841 4874 codices,
864 4807 931 4864 alias

136 4878 209 4929 notai
223 4871 344 4944 optimae.
360 4873 397 4928 Et
412 4872 555 4930 vincerent
569 4874 680 4946 quidem
698 4874 727 4930 bi
742 4875 859 4944 codices,
876 4879 931 4935 nisi

42 5000 44 5005 ⁴
136 4959 168 5001 ea
190 4943 339 5013 obstarent,
362 4942 463 5017 quibus
477 4959 524 5000 eos
537 4944 660 5001 deserere
672 4946 812 5018 cogimnr;
828 4950 931 5006 existi-

136 5023 243 5072 mantes
252 5014 499 5087 Aruulsumillum,
509 5032 560 5072 nec
573 5016 638 5072 satis
652 5017 762 5091 proprie
776 5027 930 5092 martyrem,

136 5102 188 5144 nec
202 5087 260 5144 ullo
275 5087 357 5144 modo
375 5087 535 5160 episcopum,
550 5088 585 5144 ab
600 5088 659 5159 ipso
673 5089 796 5147 Usuardo
811 5094 931 5165 positum

138 5174 194 5214 noii
213 5157 306 5226 fuisse,
321 5157 368 5216 sed
389 5159 424 5215 ab
448 5159 510 5216 aliis
535 5159 750 5232 superadditum.
768 5165 858 5236 Atque
872 5172 931 5220 uta

138 5230 260 5286 Pratensi
279 5229 421 5304 incipiam,
434 5231 542 5288 monuit
557 5247 601 5288 me
615 5233 643 5288 iii
658 5249 728 5305 srepe
742 5233 860 5292 adducta
875 5235 930 5309 epi·

138 5301 208 5356 stola
222 5303 289 5358 clar.
301 5301 482 5372 Castellanus,
496 5303 733 5360 annuntiationem
750 5305 837 5376 illam,
847 5307 876 5362 in
882 5325 931 5378 pa·

139 5385 180 5450 90Ι
189 5371 332 5453 castrisue,
347 5375 432 5431 sancti
444 5376 554 5447 Arnulfi
569 5376 697 5446 martyris
717 5382 741 5431 et
753 5378 877 5449 episcopi,
897 5378 931 5433 ad

140 5455 332 5523 primigenium
347 5454 454 5503 textum
476 5447 592 5503 minime
607 5446 753 5519 pertinere,
770 5457 863 5520 utpote
883 5465 931 5504 re-

139 5516 255 5590 centiori
276 5512 430 5574 charactere
445 5518 533 5576 codici
549 5517 590 5574 illi
612 5518 693 5590 plane
715 5530 844 5576 assumor.
864 5519 930 5586 Qus

140 5579 309 5664 Heriniensis
323 5584 404 5643 babet
417 5590 451 5646 de
464 5591 614 5663 episcopatu
633 5592 779 5647 Turonensi
793 5594 836 5664 (ut
858 5591 931 5648 inter

139 5660 261 5710 auctaria
286 5656 402 5715 referam
439 5662 628 5719 commentitia
646 5663 747 5735 passim
766 5670 927 5731 censentur;

143 5738 212 5808 sque
228 5733 359 5809 praterea
373 5745 404 5784 so
416 5746 449 5787 ns
462 5746 497 5787 ex
511 5749 594 5790 sensu
603 5750 652 5791 suo
667 5735 801 5809 loquitur,
815 5735 930 5793 Remen-

141 5809 165 5861 ts
180 5811 335 5880 provinciae
347 5800 501 5877 proprium,
515 5805 545 5860 ni
560 5803 652 5877 fallor,
667 5804 758 5863 textui
773 5805 929 5863 Usuardino

977 2115 1031 2172 quo
1047 2097 1270 2153 manifestissime
1286 2105 1359 2168 patet
1374 2095 1514 2168 negotium
1528 2094 1714 2166 adjectitium,
1734 2104 1780 2151 ant

978 2187 1012 2225 ox
1027 2169 1161 2236 Piatensi,
1178 2169 1220 2224 vel
1240 2168 1267 2224 id
1291 2185 1376 2240 genus
1401 2167 1589 2238 manuscripto
1609 2166 1705 2239 aliquo
1732 2183 1793 2222 suar

978 2242 1030 2312 ipsi
1044 2258 1106 2297 acce
1127 2256 1181 2308 ere,
1193 2248 1274 2311 atque
1289 2240 1356 2295 adeo
1372 2239 1447 2295 ionte
1461 2255 1511 2293 suo
1525 2239 1638 2309 puriora
1650 2253 1705 2292 non
1721 2255 1779 2310 pro·

978 2313 1082 2368 icrunt.
1099 2257 1183 2367 ldorro
1198 2312 1306 2367 codices
1320 2311 1407 2365 nostri
1429 2309 1477 2364 alii
1492 2325 1555 2365 curii
1570 2309 1736 2390 Pulsanensi
1755 2317 1781 2364 et

978 2384 1120 2439 Molanoo
1141 2383 1208 2438 time
1223 2383 1404 2449 conveniunt,
1421 2389 1566 2453 essentque
1599 2397 1655 2449 nri,
1672 2382 1738 2436 nisi'
1754 2381 1780 2436 in

979 2454 1099 2524 Aretissa
1114 2400 1232 2520 distensi,
1246 2463 1294 2509 aut
1308 2454 1363 2508 alio
1383 2452 1556 2508 excederent.
1580 2396 1694 2507 dotavit
1720 2452 1782 2524 pri-

979 2526 1042 2582 dem
1057 2526 1192 2581 Baronius
1204 2524 1238 2580 ad
1253 2525 1305 2580 liaii
1339 2524 1429 2592 diem,
1454 2539 1508 2604 qua
1523 2526 1660 2578 Memrsscm
1675 2525 1782 2580 lloma-

980 2614 1016 2653 no
1031 2597 1207 2664 inseruit,·ab
1223 2541 1355 2663 Usuardo,
1385 2603 1415 2650 ut
1442 2594 1566 2650 diximus
1590 2611 1639 2649 iivi
1664 2597 1781 2667 Augusti

980 2670 1164 2733 collocatum;
1184 2666 1299 2734 notavit,
1316 2668 1441 2738 inquam,
1458 2666 1620 2721 nonnullam
1638 2666 1712 2722 inter
1727 2669 1782 2721 ilr-

981 2740 1073 2794 nulfos
1087 2739 1277 2794 confusionem
1293 2752 1456 2805 occuri·ere;
1482 2736 1555 2809 quod
1580 2737 1693 2805 mirum,
1723 2738 1780 2793 sieri

1000 2811 1101 2866 otuissc
1117 2810 1189 2865 inter
1203 2812 1341 2868 Meteusem
1358 2819 1385 2865 et
1401 2810 1620 2876 Suessioneusem,
1637 2816 1679 2866 tot
1692 2825 1782 2865 sacu-

980 2828 1016 2937 dis
1030 2881 1193 2952 disjunctos.
1225 2881 1418 2937 Verosiiiiilius
1441 2888 1482 2935 est
1504 2880 1633 2936 confusos
1657 2880 1742 2937 fuisse
1757 2889 1783 2936 et

981 2953 1145 3010 confundis
1165 2953 1306 3009 modernis
1333 2952 1483 3007 Aruulium
1512 2953 1712 3022 Aqititinertsem
1737 2968 1783 3008 seu

981 3026 1184 3093 Arelliiiensem,
1210 3024 1320 3096 dequo
1344 3025 1390 3080 bic
1409 3025 1593 3095 disputamus,
1609 3039 1672 3079 cum
1698 3024 1783 3080 altero

982 3096 1100 3150 Ariiulio
1126 3097 1326 3166 Mussipoutano
1355 3111 1403 3150 seu
1425 3095 1619 3165 Mussipontum
1635 3097 1783 3151 translatos

983 3183 1099 3239 quorum
1123 3166 1238 3222 fortasse
1260 3167 1340 3222 etiam
1366 3171 1445 3234 Acta,
1470 3182 1531 3238 quai
1545 3175 1572 3222 et
1585 3166 1665 3223 varia
1678 3174 1706 3222 et
1721 3167 1783 3233 sati,

983 3238 1110 3293 miranda
1123 3239 1368 3306 circiiiiifernntur,
1383 3237 1463 3293 lacile
1478 3237 1623 3293 commista
1632 3238 1784 3305 fuerint,et

981 3309 1096 3365 alterius
1110 3309 1188 3366 alteri
1203 3309 1334 3381 ascripta;
1362 3309 1395 3365 de
1410 3325 1464 3390 quo
1479 3309 1526 3364 bic
1539 3307 1612 3363 nihil
1627 3318 1709 3366 vacat
1722 3310 1785 3365 dis-

980 3397 1091 3438 cernere
1108 3399 1113 3436 :
1145 3380 1231 3437 nodos
1245 3381 1395 3453 tangimus,
1412 3395 1441 3434 iu
1456 3395 1538 3450 opere
1553 3397 1653 3451 magno
1668 3383 1784 3437 solven-

980 3452 1040 3509 dos.
1051 3452 1093 3509 Ad
1109 3468 1227 3524 praesciis
1244 3453 1316 3525 qood
1332 3452 1440 3519 attinet,
1456 3450 1597 3522 problema
1611 3467 1671 3507 esse
1686 3453 1784 3524 possit,

982 3540 1063 3596 quoni
1090 3524 1240 3594 arnulfum
1264 3524 1337 3580 Beda
1366 3522 1487 3579 indicare
1514 3523 1645 3592 voluerit,
1661 3521 1731 3580 duni
1747 3524 1785 3580 ita

983 3595 1034 3650 bac
1049 3594 1094 3651 die
1108 3596 1219 3666 scripsit
1236 3613 1241 3650 :
1258 3596 1355 3651 Notata
1375 3595 1458 3649 sancti
1481 3595 1591 3665 ernulfi
1613 3594 1784 3665 confessoris.

983 3666 1026 3722 ed
1041 3682 1101 3738 quin
1117 3667 1215 3721 Florus
1229 3666 1285 3722 ibi:
1301 3666 1387 3734 Cujus
1400 3666 1456 3721 uita
1474 3665 1598 3721 mamma
1609 3667 1712 3722 restitit
1725 3685 1786 3723 san-

983 3737 1090 3793 ctitatis.
1108 3737 1254 3792 lietensem
1271 3737 1317 3792 bic
1336 3754 1369 3808 ap
1407 3737 1466 3792 llari
1482 3753 1537 3792 noii
1554 3737 1666 3794 videtur
1700 3739 1786 3794 roba-

983 3808 1050 3876 bile,
1067 3824 1129 3864 cum
1146 3808 1255 3863 Amulli
1270 3808 1347 3863 illius
1381 3809 1522 3878 ignitatem
1534 3809 1607 3865 Beda
1618 3755 1786 3867 hauddubie

984 3896 1039 3935 nori
1054 3878 1301 3950 ignoraveritNon
1312 3879 1432 3935 diffiteor
1442 3887 1534 3936 tamen
1548 3880 1657 3936 etiams
1679 3882 1786 3954 iscopos

984 3967 1000 4006 a
1016 3950 1097 4018 Beda,
1114 3953 1174 4007 solo
1194 3951 1359 4024 quandoque
1378 3951 1536 4020 confessoris
1550 3952 1633 4008 titulo
1668 3954 1784 4021 ecorari,

983 4030 1014 4078 nt
1028 4022 1122 4078 videre
1135 4030 1176 4078 est
1186 4039 1277 4077 xxvm
1288 4023 1352 4079 Maii
1363 4023 1397 4078 ile
1410 4030 1505 4079 sancto
1518 4023 1666 4088 Germano,
1678 4041 1731 4080 viii
1741 4026 1786 4080 Ju-

984 4093 1024 4148 nii
1047 4093 1081 4149 de
1106 4103 1201 4149 sancto
1221 4094 1361 4161 Medardo,
1377 4101 1429 4149 otc.
1445 4094 1505 4150 Jam
1528 4110 1595 4151 vero
1610 4095 1787 4166 confessorem

983 4164 1146 4236 simpliciter
1160 4164 1227 4230 dici,
1241 4165 1410 4236 Aquilinenss'
1430 4174 1523 4222 nostro
1539 4182 1594 4222 non
1610 4167 1699 4240 magis
1752 4184 1787 4223 a·

984 4235 1063 4292 drare
1084 4237 1243 4293 contendes.
1271 4237 1308 4292 At
1330 4246 1402 4293 certe
1427 4237 1563 4311 quidquid
1579 4237 1625 4295 liic
1640 4240 1693 4294 aB
1730 4248 1786 4295 aet

985 4309 1066 4363 Floro
1080 4315 1220 4376 asseritur,
1238 4308 1272 4365 dc
1290 4324 1321 4365 eo
1346 4308 1488 4379 predicari
1516 4308 1588 4364 nibil
1619 4326 1786 4392 magnopere

984 4386 1068 4449 vetat,
1086 4380 1207 4436 rescissis
1222 4389 1249 4437 ct
1267 4381 1396 4450 martyris
1418 4388 1445 4435 et
1467 4381 1581 4462 episcopi
1603 4382 1704 4451 titulis,
1728 4383 1785 4455 qui,

984 4466 1018 4505 an
1030 4451 1128 4506 merito
1139 4451 1191 4533 ipsi
1202 4451 1368 4518 tribuantur,
1380 4460 1411 4507 ut
1421 4451 1568 4507 minimum
1582 4453 1680 4509 saltem
1695 4453 1786 4509 inrer-

984 4528 1043 4577 tum
1058 4530 1108 4577 est.
1125 4522 1184 4579 Nisi
1200 4523 1285 4596 magis
1300 4523 1404 4595 placeat
1428 4523 1609 4579 Arnuliorum
1629 4524 1785 4592 distinctio,

984 4593 1024 4648 sio
1039 4602 1070 4649 nt
1085 4595 1233 4650 Castrensis
1247 4594 1289 4649 vel
1301 4595 1323 4649 il
1345 4594 1482 4648 uilineust's
1496 4603 1615 4651 nostera
1630 4597 1787 4652 latronibus

984 4681 1081 4732 caesus,
1106 4681 1155 4736 pro
1182 4673 1300 4736 martyre
1326 4611 1470 4734 dabeatur,
1487 4667 1557 4722 alius
1577 4668 1622 4723 vel
1646 4667 1708 4736 alii,
1727 4667 1786 4723 solo

946 4742 970 4802 Ι)
985 4735 1142 4805 confessoris
1163 4736 1245 4792 titulo
1270 4735 1414 4808 gaudeant,
1431 4737 1504 4793 unde
1518 4745 1579 4793 orta
1594 4738 1631 4793 sit
1647 4745 1726 4793 tauta
1739 4754 1787 4793 sa-

986 4822 1094 4861 crarum
1110 4807 1288 4880 reliquiarum
1302 4808 1352 4864 sub
1365 4809 1461 4864 eodem
1481 4809 1593 4865 nomine
1609 4808 1787 4881 multiplica-

986 4878 1035 4945 tio,
1048 4893 1107 4958 quae
1122 4879 1204 4934 etiam
1215 4895 1249 4935 ex
1259 4881 1377 4936 diversis
1387 4879 1581 4952 positionibus,
1596 4897 1645 4937 sen
1660 4882 1786 4937 locorum

985 4949 1155 5019 noiiiioibus,
1171 4967 1323 5008 accrescere
1336 4952 1435 5024 potuit.
1457 4951 1509 5008 Sed
1525 4951 1583 5008 baec
1597 4953 1700 5010 iteruin
1711 4953 1787 5008 Actis

986 5021 1149 5078 reservanda
1163 5031 1237 5080 sunt.

1022 5092 1082 5150 Huc
1096 5094 1178 5150 etiam
1194 5102 1316 5166 spectare
1329 5104 1440 5167 possent
1450 5095 1621 5152 celeberrimi
1632 5095 1735 5165 [ratres
1748 5111 1787 5152 vii

991 5164 1134 5233 libertini,
1154 5167 1218 5223 aliis
1258 5169 1319 5223 lane
1337 5167 1497 5223 nominibus
1510 5166 1545 5223 ab
1561 5167 1788 5240 Hieronymianis

986 5243 1013 5290 et
1027 5236 1148 5293 Notkero
1165 5185 1274 5293 haedde
1289 5238 1399 5310 signati,
1415 5255 1496 5311 quam
1512 5255 1563 5294 iios
1578 5254 1640 5294 xxii
1654 5240 1733 5296 iunii
1747 5255 1786 5295 re·

986 5306 1140 5364 tulerimus.
1159 5309 1260 5364 Verum
1278 5327 1341 5365 cneii
1357 5310 1414 5365 limo
1429 5310 1463 5365 ad
1479 5310 1633 5366 Usuardiim
1647 5310 1703 5368 boc
1728 5313 1787 5367 loco

986 5377 1057 5434 niliil
1071 5379 1182 5446 iaciant,
1198 5380 1300 5436 frustra
1323 5381 1357 5436 iis
1377 5382 1575 5453 componendis
1589 5382 1635 5438 bio
1650 5386 1788 5439 immora-

986 5464 1097 5530 remur3
1123 5460 1302 5533 preterquam
1327 5452 1400 5527 quod
1415 5452 1480 5508 satis
1495 5460 1522 5508 et
1538 5453 1648 5509 abunde
1662 5454 1698 5510 ad
1713 5470 1788 5527 prm-

985 5520 1089 5578 diotam
1104 5522 1177 5579 diem
1192 5524 1227 5580 de
1241 5541 1272 5579 ea
1293 5525 1481 5581 controversia
1500 5534 1593 5580 notum
1614 5541 1787 5593 censeamus,

984 5593 1064 5662 plura
1080 5592 1108 5648 in
1124 5594 1200 5651 Actis
1214 5596 1328 5654 dicturi.
1347 5595 1539 5652 Wandalberti
1555 5596 1721 5664 versiculos,
1736 5612 1789 5653 su-

983 5678 1032 5733 pra
1048 5663 1193 5736 indicatos,
1209 5668 1272 5725 vide
1286 5667 1359 5740 apud
1371 5668 1522 5723 Molauum.
1535 5668 1652 5740 Reliqua
1659 5669 1696 5725 ad
1705 5668 1789 5726 hosce

984 5741 1118 5808 martyres
1125 5738 1300 5810 pertinentia,
1315 5742 1343 5795 iii
1358 5738 1497 5797 ancariis
1511 5739 1697 5813 reperientur.
