3834 6136
124 198 193 261 1243
616 193 735 255 buntur
768 193 929 254 nonnulli
952 193 1283 254 ANTISSIODORENSIS
1721 197 1788 257 lttt

122 351 219 418 scitur,
246 356 358 405 evocato
386 347 555 420 presbytero,
585 362 619 402 ne
647 345 778 418 sacrilego
808 344 915 401 bomini
934 352 958 411 Α
977 344 1079 403 deesse.
1102 347 1157 403 lter
1181 353 1293 419 agentes
1318 359 1450 418 quosque,
1473 360 1544 418 quos
1567 345 1664 403 noctis
1690 347 1787 410 horror

124 440 214 496 missae
228 438 349 495 cilicium
373 436 554 510 impenderet,
580 433 735 492 interdixit.
757 433 813 492 Nec
834 434 923 490 multo
979 435 1096 505 irruens,
1112 444 1159 492 aut
1183 435 1355 509 fatigationis
1374 433 1528 491 difficultas
1548 434 1721 509 impediens,
1742 452 1787 501 aut

124 541 187 605 post
200 532 248 589 ille
264 530 471 604 superveniens,
488 526 611 585 consueti
632 527 715 584 officii
733 527 922 584 celebritatem
980 525 1150 582 infirmitatis
1164 527 1270 582 sarcina
1284 540 1468 598 praegravans,
1478 523 1530 580 sub
1543 532 1650 582 tectum
1666 530 1787 590 ecclesia

124 621 314 694 apresbytero
338 617 481 689 exigebam
504 614 577 690 quod
596 625 737 688 postquam
754 632 770 672 a
793 614 923 688 pontifice
980 616 1096 672 transire
1106 616 1257 688 compellit,
1270 615 1417 671 sanitatum
1428 613 1468 670 ibi
1478 612 1552 671 dona
1561 616 1718 689 percipere,
1731 619 1786 681 lues

125 709 259 782 comperit
270 707 460 774 interdictum,
473 705 594 777 ejusdem
606 705 659 763 loci
670 705 766 762 villico
779 703 923 771 advocato,
980 703 1082 761 clarius
1096 703 1161 760 inde
1175 704 1325 777 colligitur,
1342 703 1417 776 quod
1432 703 1576 777 presbyter
1591 703 1629 760 ad
1643 706 1726 780 quus
1738 729 1786 768 cn.

125 800 332 875 quodeeelesia
345 797 704 866 abstractumfuerat,datis
719 796 837 854 vadibus
848 795 926 853 reddi
980 810 1038 850 ram
1064 796 1141 851 locus
1159 796 1287 868 pertinet,
1303 794 1332 850 in
1348 801 1454 851 remota
1478 795 1596 865 planitie
1616 796 1786 871 frequentius

123 892 215 965 jussit.
231 893 273 949 lta
290 891 380 948 missae
400 891 504 963 potitus
519 891 621 958 allicio,
637 890 756 946 sinistrae
770 886 924 945 voluntatis
981 883 1117 953 habitans,
1130 883 1274 956 siquando
1290 883 1375 940 sacris
1390 898 1495 938 morem
1506 892 1648 955 gesturus,
1661 896 1786 947 montane

126 984 240 1040 stimulo
253 989 428 1056 perurgente,
444 980 518 1055 quod
533 980 616 1053 paulo
630 988 692 1036 ante
707 979 783 1036 reddi
795 979 925 1051 jusserat,
981 974 1152 1043 conscendit,
1183 974 1271 1030 multa
1297 973 1336 1028 ibi
1364 973 1598 1030 revalescentium
1630 990 1786 1049 argumenta

127 1074 230 1130 violata
240 1071 304 1127 fidei
319 1071 540 1143 interpositione,
551 1069 643 1126 denvvo
653 1068 777 1141 praecipit
790 1065 923 1123 abdicari.
981 1064 1116 1136 conspicit
1143 1063 1337 1130 infirmorum,
1361 1078 1426 1118 nam
1450 1069 1478 1119 et
1501 1072 1648 1120 mutorum
1674 1067 1786 1140 tabella,

126 1165 181 1222 Nec
191 1164 303 1234 longum
320 1161 427 1216 laetatus
441 1168 490 1229 est,
506 1159 573 1233 quin
589 1156 763 1230 sacrilegium
778 1171 855 1228 poena
866 1171 925 1210 cor·
982 1170 1098 1226 quarum
1112 1169 1248 1210 concussu
1262 1153 1360 1225 stipem
1376 1153 1535 1225 postulant;
1551 1154 1715 1226 repentium
1727 1174 1786 1232 quo

127 1260 247 1332 riperet:
263 1259 312 1314 vix
322 1273 439 1329 namque
449 1256 561 1312 domum
572 1261 754 1322 remeaverat3
769 1261 797 1309 et
806 1253 927 1325 maligno
982 1259 1034 1316 que
1047 1243 1199 1316 gestamina
1207 1248 1411 1299 contractorum
1427 1241 1466 1297 ibi
1479 1241 1645 1316 frequenter
1655 1244 1782 1313 inventa;

128 1364 257 1422 pervasus
268 1345 377 1419 spiritu,
390 1345 539 1403 infeliciter
549 1344 738 1416 torquebatur.
758 1343 926 1400 Uxorteme·
983 1331 1121 1390 interdum
1138 1341 1164 1388 et
1180 1332 1312 1405 sauguine
1328 1332 1518 1404 pavimentum
1541 1332 1683 1402 madens;
1699 1338 1745 1393 sed
1763 1346 1787 1396 er

128 1436 218 1493 ritatis
232 1435 351 1503 conscia,
368 1452 417 1507 pro
433 1436 520 1492 salute
541 1433 595 1488 viri
618 1432 652 1488 ad
674 1429 817 1488 ecelesiam
834 1444 927 1486 cereos
982 1422 1076 1480 votiva
1091 1422 1119 1478 in
1135 1421 1251 1478 diversis
1265 1421 1439 1478 munusculis
1453 1422 1553 1478 relicta
1574 1420 1696 1480 bellaria
1711 1439 1787 1484 noctu

128 1535 155 1584 et
166 1532 229 1581 vota
240 1523 358 1592 direxit;
378 1524 502 1598 equibus
512 1540 546 1579 ne
557 1520 746 1595 unusquidem
759 1518 870 1576 accendi
881 1534 926 1591 po·
983 1515 1096 1588 patratis
1110 1513 1137 1568 in
1153 1513 1214 1570 loco
1230 1512 1313 1569 sudem
1329 1519 1476 1569 astruxere
1491 1511 1649 1569 miraculis.

129 1616 192 1685 tuit,
209 1621 400 1689 perseverante
413 1632 474 1687 erga
485 1615 624 1671 infelicem
635 1612 739 1668 divine
754 1608 928 1683 indignatio·
1019 1612 1061 1667 tu.
1078 1608 1224 1667 Familiare
1240 1609 1379 1682 quondam
1396 1617 1493 1665 sancto
1509 1609 1573 1664 viro
1589 1610 1684 1665 fuerat
1701 1626 1787 1668 secre-

129 1704 173 1761 nis
188 1704 302 1774 iudicio,
318 1722 399 1779 quam
414 1704 497 1761 semel
514 1703 544 1759 in
558 1720 587 1759 se
599 1719 748 1776 provocare
762 1716 817 1756 non
830 1699 928 1754 timue·
946 1733 968 1791 B
983 1707 1084 1755 tumet
1101 1698 1286 1770 abjectionem
1310 1698 1384 1756 oculi
1401 1714 1534 1771 quaerere,
1552 1715 1599 1755 res
1616 1714 1633 1754 a
1659 1715 1689 1756 se
1710 1708 1788 1772 gestas

129 1802 172 1850 rat
182 1796 320 1866 sacrilega
330 1794 490 1866 cupiditatis
500 1793 639 1864 exemplo.
658 1791 707 1849 Cui
721 1787 928 1846 immanissima
985 1788 1148 1845 mirabiliter
1158 1789 1336 1845 secretalibus
1349 1787 1455 1844 umbris
1467 1790 1591 1857 tradere,
1604 1797 1787 1864 quantumque

129 1883 278 1940 calamitati
294 1891 353 1938 tum
369 1882 479 1939 demum
495 1898 612 1955 superna
628 1878 768 1936 miseratio
781 1878 863 1933 finem
875 1874 929 1931 de·
984 1881 1012 1936 in
1028 1881 1087 1952 ipso
1104 1881 1170 1949 fuit,
1185 1897 1282 1936 ovrrvres
1295 1881 1413 1936 virtutes
1428 1897 1491 1936 suas
1505 1880 1643 1952 perennis
1662 1881 1787 1954 ignorau-

129 1972 181 2037 dit,
198 1989 261 2027 eum
276 1971 403 2042 conjugis
421 1980 448 2027 et
472 1978 616 2042 parentum
640 1968 757 2024 consilio
773 1981 927 2038 persuasus,
984 1970 1028 2025 tiae
1052 1970 1163 2026 latebris
1188 1969 1356 2027 obscurare:
1373 1969 1438 2027 hine
1458 1979 1534 2028 certe
1561 1980 1614 2041 est,
1636 1972 1707 2045 qnod
1728 1989 1785 2028 cum

129 2070 156 2117 et
171 2061 243 2132 quod
258 2061 336 2132 prius
350 2061 500 2116 abstulerat
513 2060 634 2116 ecclesiae
649 2058 779 2124 reddidit,
796 2064 822 2111 et
837 2073 871 2112 ex
882 2057 927 2111 le-
984 2060 1071 2114 multa
1094 2059 1172 2114 illius
1198 2059 1333 2115 miracula
1348 2060 1451 2115 mundo
1468 2060 1662 2131 innotuerint,
1677 2079 1725 2119 nec
1737 2081 1787 2137 po-

130 2149 226 2222 gitirno
255 2147 420 2220 patrimonio
442 2148 613 2204 tantumdem
643 2145 719 2204 aliud
747 2143 926 2201 condonavit.
983 2148 1087 2203 tuerint
1109 2148 1233 2203 locorum
1256 2147 1424 2204 obscuritate
1438 2150 1535 2218 celari,
1553 2167 1621 2207 cum
1647 2152 1787 2209 virtutibus

129 2238 261 2295 Eanrdem
281 2238 422 2294 basilicam
448 2239 493 2293 fur
515 2245 667 2293 nocturnus
691 2234 848 2307 ingrediens
862 2233 928 2289 uni·
983 2233 1162 2306 proderetur3
1181 2234 1327 2288 innumera
1351 2240 1442 2289 taruen
1468 2243 1547 2303 sunt,
1566 2252 1630 2308 quae
1657 2234 1785 2306 jactantia

129 2343 208 2383 versa
223 2327 256 2384 ad
273 2328 367 2383 altaris
384 2336 510 2383 ornatum
531 2325 697 2399 pertinentia
718 2324 857 2396 sacrilegis
873 2338 927 2378 ma·
983 2328 1094 2399 refugus
1104 2328 1132 2382 in
1145 2325 1291 2382 borninum
1303 2344 1357 2383 non
1370 2343 1464 2400 passus
1475 2334 1517 2383 est
1531 2327 1632 2383 venire
1643 2329 1783 2395 notitiam,

130 2415 212 2472 nibus
226 2417 392 2488 exportavit.
412 2416 536 2489 Cumque
550 2431 578 2470 se
594 2415 621 2470 in
638 2414 719 2486 pedes
733 2413 815 2470 solito
829 2410 927 2483 conje-
983 2416 1083 2488 quippe
1098 2416 1145 2489 qui
1161 2416 1288 2472 humanae
1304 2416 1499 2488 possibilitatis
1523 2416 1678 2473 modulum
1702 2435 1784 2490 super·

129 2507 222 2574 sisset,
237 2508 276 2564 ita
288 2525 349 2563 euvvr
365 2508 409 2563 vis
422 2508 519 2565 divina
535 2505 692 2578 implicuit;
714 2514 745 2561 ut
759 2505 794 2561 ab
807 2505 927 2561 atrioec·
983 2522 1099 2578 gressus,
1125 2506 1230 2578 angelis
1253 2506 1372 2562 consciis
1396 2515 1423 2562 et
1447 2506 1520 2563 coelo
1545 2514 1619 2563 teste
1644 2508 1786 2564 fruebatur.

129 2598 219 2655 clasiae
236 2597 314 2652 nullo
333 2605 412 2669 pacto
434 2596 540 2669 digredi
563 2596 702 2668 potuerit:
729 2595 822 2667 itaque
841 2602 927 2650 totam
984 2597 1061 2651 llune
1084 2594 1220 2666 hodieque
1245 2610 1348 2649 morem
1369 2595 1449 2650 Pater
1473 2602 1569 2650 servat
1593 2595 1730 2669 egregius,
1745 2595 1786 2668 qui

129 2696 237 2743 noctem
250 2685 402 2753 ambulans,
419 2685 560 2759 sequentis
571 2702 675 2742 auroroe
694 2685 818 2742 diluculo
829 2685 855 2739 in
867 2702 927 2758 por·
982 2700 1043 2741 eum
1060 2683 1285 2755 incomparabilis
1300 2683 1401 2739 existat
1410 2683 1483 2756 apud
1495 2685 1586 2740 Deum
1600 2685 1706 2752 meriti,
1717 2686 1787 2756 plura

129 2774 186 2830 tien
199 2774 318 2830 basilicae
334 2783 456 2846 repertus
470 2783 510 2830 est
526 2785 552 2831 et
567 2775 735 2831 conscientia
751 2774 885 2845 trepidus,
900 2782 927 2829 et
982 2773 1120 2829 interdum
1137 2773 1166 2827 in
1181 2772 1287 2828 locellis
1302 2772 1521 2842 obscurioribus,
1538 2790 1588 2829 suo
1604 2781 1715 2830 tantum
1728 2775 1784 2829 titu·

130 2861 204 2914 furto
217 2869 342 2914 onustus.
363 2863 404 2915 lta
417 2863 508 2932 praedo
528 2863 728 2930 serviundum,
747 2862 837 2934 prada
853 2861 928 2918 reci·
983 2864 1030 2918 lati
1054 2863 1177 2931 norrrine,
1194 2862 1352 2918 visibilium
1372 2862 1475 2934 praebet
1498 2871 1612 2920 ostenta
1637 2865 1782 2936 signorum,

130 2946 223 3020 pitur;
248 2947 342 3003 beatus
353 2947 504 3004 Germanus
515 2966 564 3006 sue
576 2952 604 3005 in
616 2952 676 3006 loco
689 2952 840 3007 liberaliter
850 2969 928 3024 agere
982 2968 1063 3024 (param
1078 2967 1131 3025 qvvo
1150 2968 1256 3024 semper
1272 2951 1404 3008 adorandi
1417 2951 1477 3024 ejus
1490 2953 1621 3025 corporis
1631 2971 1734 3010 sacram
1746 2972 1784 3009 ve·

129 3038 298 3109 argumentis
312 3038 486 3095 evidentibus
501 3039 664 3098 declaratur.
944 3089 966 3148 C
981 3056 1110 3096 ueremur
1124 3041 1307 3112 praesentiam.
1325 3042 1438 3110 Verum,
1456 3042 1523 3115 quia
1543 3041 1708 3099 infidelibus
1722 3044 1786 3118 qui·

163 3131 203 3185 lle
227 3128 294 3185 locis
308 3129 398 3200 planis
421 3137 448 3186 et
463 3129 661 3186 habitabilibus
681 3131 759 3186 nulla
774 3137 848 3199 sunt,
867 3146 926 3203 quan
982 3128 1097 3199 busque,
1111 3138 1138 3184 ct
1150 3129 1196 3199 qui
1213 3146 1248 3185 eu
1264 3129 1422 3187 visibilibus
1435 3138 1545 3187 tantum
1560 3132 1719 3190 invisibilia
1733 3148 1782 3188 mo·

130 3217 262 3284 dicimus;
287 3218 309 3273 si
326 3235 380 3274 non
397 3226 527 3274 montana
546 3236 660 3292 quaeque
680 3226 707 3275 ct
721 3219 816 3282 ardua.
833 3234 864 3275 ac
879 3234 927 3290 per
983 3217 1099 3285 liuntur,
1116 3217 1251 3272 familiare
1266 3228 1307 3276 est
1323 3219 1400 3290 signa
1414 3237 1475 3276 cunr
1491 3221 1599 3278 iudaeis
1624 3240 1751 3297 querere,
1762 3234 1786 3283 et

129 3306 182 3362 boc
196 3305 325 3363 humanis
336 3324 404 3380 pene
414 3308 551 3365 inaccessa
564 3309 714 3380 gressibus,
727 3307 857 3364 Germani
872 3307 925 3362 vir·
982 3300 1162 3378 praesentibus
1177 3307 1267 3362 solum
1281 3310 1433 3366 commodis
1447 3310 1604 3380 oblectari;
1623 3313 1692 3369 mihi
1705 3322 1783 3392 certe,

128 3395 235 3453 tutibus
248 3412 305 3452 esse
320 3398 423 3470 pervia,
439 3398 610 3454 declaremus
628 3415 647 3454 r.
981 3393 1060 3466 cnjus
1070 3395 1126 3466 jam
1142 3395 1210 3451 fides
1223 3396 1252 3452 in
1267 3397 1351 3453 robur
1365 3400 1518 3470 convaluit,
1531 3401 1579 3459 cui
1597 3403 1635 3460 ad
1650 3403 1731 3460 vitem
1745 3404 1783 3458 in·

982 3485 1058 3556 gredi
1075 3486 1246 3558 propositum
1262 3494 1313 3555 est,
1329 3488 1376 3560 qui
1398 3487 1518 3562 denique
1538 3493 1702 3566 corporibus
1719 3491 1781 3548 ani·

430 3545 545 3602 CAPUT
561 3546 634 3601 vm·
982 3593 1040 3632 mas
1050 3587 1183 3650 quantum
1198 3579 1366 3636 immortalia
1381 3582 1559 3652 mortalibus,
1570 3585 1704 3657 perituris
1715 3601 1782 3641 man·

164 3651 294 3709 tlfirocula
310 3652 366 3722 ejus
376 3671 434 3724 quoe
448 3655 475 3708 in
486 3655 598 3727 Alpibus
612 3662 636 3709 et
648 3655 677 3709 iu
687 3657 832 3713 Britomu'e
845 3658 924 3711 conti·
981 3683 1054 3736 sura,
1067 3667 1321 3742 incomparabiliter
1331 3678 1460 3742 prestare
1474 3688 1531 3729 nen
1543 3675 1669 3748 ambigo,
1682 3675 1784 3732 eburius

472 3733 575 3798 ww·
981 3755 1040 3812 baec
1059 3759 1225 3816 constabunt
1244 3776 1351 3833 semper
1373 3760 1518 3832 beneficia,
1537 3780 1603 3837 quaa
1629 3767 1786 3822 interiorem

163 3846 475 3920 78.JugaPenninarum
483 3849 606 3921 Alpium,
620 3866 675 3904 non
685 3849 747 3920 plus
757 3847 873 3903 candore
884 3848 924 3902 ni·
980 3845 1121 3904 hominem
1139 3851 1302 3923 spiritaliter
1317 3859 1343 3907 ct
1363 3860 1494 3925 perpetuo
1511 3854 1609 3924 beant,
1628 3873 1711 3930 quam
1731 3872 1785 3930 qna

126 3939 371 4010 vinm,quamejus
381 3940 514 3995 illustrari
527 3940 642 4007 meritis,
654 3955 686 3994 eo
692 3941 807 4011 certius,
817 3956 870 4014 quo
878 3957 923 3997 ex·
980 3938 1143 3993 exteriorem
1158 3940 1338 4013 corporaliter
1352 3951 1379 3998 et
1391 3941 1550 3998 transitorie
1568 3945 1697 4000 relevant
1711 3963 1717 4000 :
1733 3945 1785 4003 huc

127 4027 231 4096 portius
241 4036 297 4082 est:
311 4044 373 4082 nem
383 4029 411 4082 in
422 4035 525 4096 monte,
534 4029 780 4101 quillinorisiovis
810 4031 921 4101 dicitur,
980 4028 1085 4097 dicbus,
1098 4030 1155 4086 baec
1169 4030 1297 4087 noctibus
1308 4049 1322 4088 e
1333 4030 1461 4087 Germani
1476 4035 1588 4090 tumulo
1600 4035 1726 4092 ubertim
1736 4052 1784 4092 nra⁴

126 4113 186 4184 ejus
200 4115 315 4172 ecclesia
329 4125 368 4172 est
383 4116 489 4173 ambitu
504 4118 622 4188 modica,
638 4120 791 4176 virtutibus
806 4138 920 4193 magna:
980 4130 1053 4183 bare,
1069 4133 1150 4173 nemo
1164 4118 1223 4173 sani
1238 4118 1408 4191 capilisjure
1422 4119 1610 4177 dubitaverit.

126 4208 187 4274 quae
202 4203 236 4260 ob
249 4203 319 4260 sacri
334 4206 551 4277 repausationem
565 4209 699 4280 corporis,
714 4226 778 4265 cum
794 4212 923 4268 llavenna
1014 4214 1057 4271 80.
1074 4217 1145 4272 Duru
1158 4232 1206 4288 per
1227 4217 1424 4273 mediterranea
1439 4217 1624 4276 circumvecti
1641 4221 1715 4289 loca,
1728 4221 1782 4277 sin·

126 4292 282 4361 referretur,
309 4310 340 4350 eo
361 4294 422 4350 loco
445 4303 605 4353 constructa
629 4299 713 4354 fuisse
737 4301 920 4371 cognoscitur.
978 4306 1041 4377 gula
1064 4306 1170 4362 curiose
1187 4306 1378 4378 disquirimus,
1394 4323 1462 4378 pene
1483 4307 1548 4374 fuit,
1572 4316 1605 4365 ut
1629 4310 1776 4379 Oceanum,

124 4382 187 4439 llaec
202 4383 316 4440 llomam
331 4384 516 4455 pergentibus,
533 4385 651 4459 indeque
667 4389 853 4445 remeantibus
865 4389 921 4446 ine·
978 4395 1080 4450 extima
1096 4395 1192 4451 mundi
1208 4396 1373 4453 mirabiliter
1381 4397 1549 4471 cingentem,
1562 4400 1599 4456 ab
1611 4403 1781 4460 excellentis·

125 4471 277 4528 vitabiliter
292 4474 386 4545 pervia
400 4481 461 4542 est,
488 4476 561 4549 quod
577 4477 703 4547 publicus
717 4494 808 4552 agger,
823 4480 852 4535 in
868 4498 922 4554 quo
937 4452 960 4510 D
976 4482 1038 4539 simi
1061 4483 1148 4539 Patris
1174 4484 1262 4540 nostri
1279 4485 1434 4558 privilegiis
1453 4487 1669 4561 exciperemus;
1687 4491 1781 4566 quibus

123 4561 259 4629 consistit,
275 4571 386 4634 propter
409 4563 517 4619 itineris
537 4567 678 4638 angustias
695 4584 806 4624 omnem
821 4568 919 4624 diver·
976 4589 1038 4630 cunr
1056 4581 1130 4629 totus
1145 4575 1279 4630 redundet
1295 4575 1380 4645 orbis,
1397 4577 1512 4634 uberius
1533 4584 1629 4635 tamen
1654 4579 1700 4636 his
1721 4579 1781 4636 Bri-

124 4649 200 4705 tendi
216 4650 249 4705 ab
262 4666 292 4706 ea
304 4650 420 4723 denegat
434 4652 602 4710 facultatem.
623 4656 692 4712 llluo
709 4656 853 4713 innumera
871 4657 919 4713 di·
975 4661 1070 4717 tannia
1084 4662 1228 4734 gloriatur,
1245 4663 1336 4718 insula
1351 4663 1424 4720 inter
1440 4681 1535 4721 omnes
1558 4668 1605 4723 vel
1626 4669 1729 4740 prima,
1743 4672 1782 4726 vel

123 4738 195 4794 vinae
211 4740 345 4812 largitatis
369 4740 486 4798 subinde
505 4742 609 4800 clarent
631 4745 773 4814 beneficia,
790 4763 850 4819 qna
866 4747 918 4804 loci
976 4749 1114 4817 vvravima3
1134 4749 1167 4806 de
1182 4765 1236 4823 qua
1252 4758 1283 4806 ut
1299 4751 1342 4821 lut
1362 4752 1506 4826 redundat)
1525 4755 1582 4810 fert
1604 4757 1778 4814 auctoritas:

123 4827 297 4900 asperitatem
326 4844 357 4884 ac
390 4829 569 4887 solitudinem
596 4833 707 4905 copiosa
734 4834 918 4892 remediorum
975 4839 1051 4895 Finis
1066 4847 1124 4894 erat
1138 4839 1213 4895 orbis
1227 4856 1274 4895 ora
1294 4841 1392 4897 Gallici
1417 4841 1538 4911 littoris;
1558 4843 1615 4901 nisi
1639 4845 1781 4901 Britannia

123 4917 265 4974 fertilitate
290 4927 486 4988 compensant;
512 4927 544 4975 ut
563 4918 626 4991 jure
654 4921 775 4991 fatearis,
801 4926 918 4982 caelestis
977 4927 1066 4983 insula
1083 4928 1215 5000 singulari
1230 4929 1414 5002 amplitudine
1434 4947 1534 4988 nomen
1546 4949 1617 5005 pene
1629 4935 1709 4991 orbis
1720 4936 1781 4993 alte·

123 5007 320 5065 rrrnnifreentiae
342 5008 512 5080 majestatem
528 5009 608 5067 siccis
622 5011 705 5066 ctiam
728 5014 842 5086 rupibus
863 5032 917 5072 non
975 5017 1033 5073 rius
1049 5025 1199 5074 mereretur
1214 5028 1233 5074 ⁰.
1254 5020 1316 5075 llaee
1334 5018 1414 5076 beato
1429 5021 1567 5079 Germano
1584 5024 1724 5097 peculiari
1741 5025 1780 5080 de·

158 5162 166 5185 e
183 5144 245 5201 llaec
254 5143 382 5199 transitio
392 5143 425 5199 ad
436 5151 593 5217 sequentem
606 5147 804 5215 narrationem,
819 5151 919 5222 legitur·
975 5151 1086 5205 missoria
1099 5151 1172 5206 Joeis
1189 5151 1236 5208 ille
1252 5161 1404 5220 censeatur,
1421 5169 1502 5227 quem
1517 5154 1552 5211 ab
1566 5156 1624 5212 alio
1642 5172 1702 5213 non
1719 5157 1780 5213 adeo

124 5215 152 5269 in
167 5216 225 5270 solo
240 5216 335 5271 codice
350 5215 538 5287 tegernsensi.
975 5222 1103 5279 dissitum
1119 5223 1242 5279 vocitant
1260 5226 1373 5279 dientem
1388 5226 1422 5281 D.
1440 5227 1578 5282 Bernerdt'
1600 5229 1731 5284 minorem
1749 5230 1781 5300 (le

159 5293 169 5321 s
184 5287 326 5342 Sunrnrum
352 5287 517 5359 Penninum,
535 5306 582 5346 seu
605 5291 718 5348 lfovrlem
737 5292 809 5347 loais
824 5293 918 5367 (vulgo
973 5295 1078 5366 petits.
1093 5295 1214 5350 Beroerd
1225 5297 1251 5365 l)
1264 5296 1315 5351 Per
1333 5296 1382 5353 bos
1393 5296 1445 5352 iter
1459 5306 1500 5353 est
1516 5298 1639 5356 eGallia
1657 5301 1687 5356 in
1702 5300 1779 5356 ditio·

124 5357 259 5413 Miseram
268 5358 384 5427 Gallice,
395 5360 489 5417 italice
504 5363 695 5430 floreteGiooe)
711 5363 840 5419 eumdum
853 5365 918 5420 facit
975 5382 1036 5420 nem
1050 5365 1280 5422 Mediolanensem
1293 5385 1299 5422 :
1313 5375 1426 5440 uterquc
1436 5384 1502 5424 vero
1515 5376 1630 5426 notatur
1641 5371 1674 5427 in
1685 5372 1779 5428 Saban-

125 5428 267 5506 tluverius
289 5431 374 5486 ltaliae
394 5431 479 5514 antiq.
498 5433 546 5489 lib.
564 5451 584 5501 r,
600 5450 659 5507 cap.
674 5435 718 5502 32,
735 5452 796 5491 cunr
812 5451 854 5502 eo,
870 5436 917 5508 qui
974 5437 1021 5492 dia
1038 5437 1071 5491 azl
1088 5437 1191 5492 limites
1206 5437 1323 5493 ducatus
1337 5440 1504 5510 Augustani.

125 5496 153 5551 in
170 5512 274 5568 mappis
298 5502 486 5573 geographicis
506 5507 659 5577 appellatur
682 5508 757 5561 Mons
775 5507 829 5560 diei
845 5507 918 5561 Ber·
1012 5507 1124 5570 ⁰l'erba
1137 5516 1201 5564 sunt
1217 5508 1305 5565 Solini
1320 5509 1349 5564 in
1365 5511 1550 5583 Polyhistore,
1571 5529 1634 5586 cap.
1652 5514 1698 5572 22.

124 5568 206 5622 nendi
214 5569 302 5641 major
312 5574 348 5641 (le
356 5574 442 5642 grand
454 5577 481 5634 S.
493 5577 640 5649 eernere).
659 5577 761 5647 Quidni
772 5578 919 5650 ergorlfona
