3834 6136
139 187 190 251 ias
797 185 1130 247 usuinniiionieiii
1739 168 1790 239 tit

137 314 176 373 Ν
188 312 265 371 ides.
1687 302 1741 363 Die
1755 297 1790 362 tt

172 401 275 469 Roma,
288 398 334 455 via
344 399 468 467 Aurelia,
479 397 580 457 natalis
592 407 751 457 sanctarum
766 398 907 473 Basilidis,
922 398 1064 472 Tripodis,
1078 407 1105 457 et
1117 397 1234 457 Madalis
1248 396 1300 455 sab
1313 396 1465 461 noredano
1478 395 1654 469 imperatore,
1669 390 1788 466 praeside

137 491 259 558 Platone,
275 498 302 545 et
315 488 434 545 iliorum
448 488 546 561 viginti
564 497 730 562 martyrum.
744 490 848 548 Eodem
863 490 920 560 die,
933 488 980 546 vis
990 488 1104 555 Salaria,
1119 487 1211 561 passio
1223 486 1296 544 besti
1311 484 1415 554 detuli,
1426 483 1575 543 clarissimi
1589 490 1616 538 et
1629 480 1790 541 doctissimi

137 581 191 638 viri
203 580 397 653 sociorumque
411 577 479 651 ejus,
497 577 626 647 Cerealis,
642 579 766 637 Amantii
781 587 808 636 et
821 579 972 648 Primitivi,
988 579 1036 651 qui
1048 577 1128 651 jussu
1141 575 1258 634 Adriani
1270 575 1445 651 imperatoris
1459 574 1549 649 prime
1558 571 1632 641 cessi,
1643 569 1747 628 deinde
1760 569 1791 628 in

137 686 273 729 narsetem
287 668 400 737 reclusi,
415 675 553 740 postremo
568 668 697 726 incendio
711 675 777 726 suut
790 668 896 727 traditi.
912 665 995 743 Apud
1008 663 1209 735 Nicomediam,
1229 663 1317 722 sancti
1337 662 1486 723 Zacharia.
1508 659 1700 731 Autisiedoro,
1719 672 1792 716 sau-

136 761 175 818 cti
190 759 318 820 Censurii
332 757 453 832 episcopi
467 766 495 815 et
509 759 685 818 mutassetis.
1785 794 1793 809 .

174 849 270 924 [Addit
285 850 387 906 Bouill.
403 848 558 918 ·Parisias,
571 850 659 906 sancti
674 848 953 924 Landerioi'episcapi
966 856 993 907 et
1009 843 1185 907 cenlemoris.
1198 841 1303 900 &dem
1313 840 1358 899 die
1372 839 1447 914 apud
1464 835 1664 896 monasterium
1680 834 1709 894 S.
1725 836 1792 895 tier·

137 939 212 994 mani
228 937 367 994 dedicatio
381 944 541 1010 cryptarum
557 937 585 994 in
600 937 705 996 honore
719 938 806 997 bestie
816 938 870 997 Dei
885 936 1027 1012 genitricis
1040 937 1132 994 Mariae
1152 944 1180 992 et
1192 935 1265 993 beati
1280 931 1422 991 Michaelis
1436 928 1592 1003 archangeli
1607 927 1794 1001 omniumque

136 1027 289 1084 celestium
306 1025 452 1094 virtutum,
468 1036 495 1082 et
506 1034 663 1085 sanctorum
678 1029 866 1101 apestolorum
880 1025 955 1085 Petri
969 1035 997 1083 et
1011 1026 1100 1095 Pauli,
1112 1025 1292 1098 omniumque
1306 1022 1492 1096 apostolarum
1505 1027 1532 1076 et
1545 1017 1793 1090 evangelistarum,

136 1131 244 1172 necnon
260 1114 386 1171 omnium
401 1123 559 1172 sanctarum
581 1115 733 1189 virginum.
749 1117 800 1173 Est
817 1115 856 1173 ibi
876 1125 904 1173 et
917 1114 1003 1172 altare
1016 1106 1166 1184 Macharii,
1175 1113 1305 1187 Dionysii
1318 1112 1513 1183 sociarumque
1527 1107 1587 1180 ejus
1600 1115 1628 1165 et
1642 1107 1670 1165 S.
1688 1104 1795 1164 Urbani

136 1223 211 1280 pspae
225 1213 253 1264 et
267 1206 398 1280 martyris
411 1214 439 1262 et
452 1206 577 1263 emnium
594 1215 760 1280 martyium.
774 1208 810 1265 Bt
823 1205 900 1264 iliud
914 1205 961 1263 SS.
977 1206 1099 1282 Georgii,
1111 1205 1220 1264 Aurelii
1234 1212 1263 1262 ct
1276 1201 1400 1277 Praejecti
1416 1209 1568 1274 martyrum
1582 1207 1609 1255 et
1623 1198 1672 1256 SS.
1686 1196 1794 1255 conisa

136 1313 230 1354 sorum
242 1297 365 1368 Martini,
380 1295 499 1368 Nicolai,
514 1295 650 1367 Marcelli,
665 1296 808 1370 Ansberti,
822 1306 850 1358 et
863 1304 1020 1358 sanctarum
1037 1294 1164 1366 Caeciliae,
1180 1294 1338 1363 Geneveia,
1356 1292 1491 1351 Natbalia
1505 1297 1532 1348 et
1546 1288 1672 1346 omnium
1688 1285 1795 1347 certia

135 1385 350 1462 confessorum]

888 1521 1007 1581 NOTAE.

171 1632 237 1692 Puri
251 1641 317 1691 sunt
330 1632 479 1701 Meridies,
499 1633 658 1701 lamecen,
681 1629 907 1703 linteam-Mai,
924 1631 1056 1704 Aeteeip.
1079 1636 1104 1687 et
1120 1628 1361 1694 Mea-Leimone,
1383 1625 1533 1697 bomne,
1553 1623 1655 1694 Belia,
1680 1622 1793 1682 orm.

135 1729 160 1779 et
172 1724 274 1781 Molee.

171 1847 331 1906 *Sollerius
355 1844 402 1901 bia
425 1844 531 1918 insigne
555 1844 658 1917 prabet
679 1844 817 1917 aequitatis
837 1860 938 1901 exem·
991 1844 1114 1901 Monitus
1127 1842 1213 1900 dubio
1234 1841 1359 1914 procula
1379 1839 1533 1920 castellano
1547 1838 1646 1908 luerat,
1662 1838 1795 1898 Laudari·

135 1921 223 1994 plum.
243 1920 302 1975 tani
327 1917 472 1973 observavi
498 1933 549 1974 nec
568 1918 652 1972 semel
676 1932 789 1972 suoruiii
809 1917 937 1972 codicum
992 1933 1055 1973 cum
1071 1914 1222 1972 recentiore
1238 1929 1321 1969 manu
1336 1911 1421 1968 tuisse
1436 1911 1584 1983 adiectum.
1607 1911 1652 1968 An
1666 1927 1699 1968 ea
1712 1927 1796 1971 cassa

135 1992 278 2047 sitentium
293 1987 346 2045 sibi
362 2004 420 2044 esse
435 2004 484 2060 pro
502 2003 600 2043 norma
618 2002 673 2114 aaa
686 1987 843 2044 Pratensem
859 1986 938 2059 diju-
992 1989 1084 2060 potuit
1097 1995 1145 2043 aut
1155 1985 1252 2043 debuit
1263 1985 1419 2041 Pratensem
1435 1983 1507 2040 inter
1517 1998 1601 2055 puros
1612 1982 1726 2041 codices
1737 1999 1795 2043 uoti

135 2061 227 2119 dicat:
245 2059 361 2134 proinde
375 2066 484 2115 sanctos
499 2059 564 2117 huic
584 2058 616 2114 ad

134 2150 229 2202 manu,
247 2149 316 2206 ques
340 2131 369 2186 in
393 2131 450 2187 suis
471 2131 586 2187 minime
605 2130 716 2202 reperit.
744 2131 778 2187 Ut
797 2147 863 2186 vere
884 2130 937 2187 sibi
952 2117 975 2176 Α
992 2131 1089 2187 mitius
1107 2140 1234 2187 acturum
1259 2129 1343 2185 tuisse
1362 2143 1424 2183 cum

640 2060 694 2114 ites
712 2074 769 2115 esse
786 2059 938 2115 recentiore
992 2058 1158 2115 recenseret
1173 2057 1260 2115 Credo
1278 2055 1417 2129 equidem,
1434 2063 1543 2182 qpatest
1557 2055 1724 2136 'severitate
1738 2070 1794 2114 neu

134 2212 250 2270 constet,
269 2203 304 2259 ad
320 2219 383 2258 suas
396 2211 486 2284 partes
501 2201 655 2284 trabituilla
671 2202 753 2257 etiam
767 2201 936 2284 addireenta,
991 2202 1055 2258 stris
1070 2201 1117 2258 SS.
1135 2201 1309 2283 Franciscum
1323 2141 1795 2282 Assissiaterdifdqudsdi'ludiiwhdydld:

134 2292 195 2351 quae
221 2275 311 2332 tribus
335 2275 481 2330 minimum
506 2275 615 2330 saeculis
639 2273 763 2354 Usuardo
786 2282 939 2355 posteriora
991 2273 1243 2355 taiu,·Tberes·iain,
1260 2279 1307 2328 aut
1321 2272 1390 2354 alios
1404 2276 1504 2326 nostras
1518 2286 1659 2328 memorias
1671 2279 1792 2340 ιιιιιοιοι,

134 2363 192 2406 esse
215 2364 297 2403 nemo
319 2362 441 2419 unquam
461 2345 601 2403 inficiatus
619 2352 671 2402 est.
692 2345 765 2413 Quid
784 2345 938 2418 iniustius?
991 2362 1088 2402 vacuis
1100 2352 1197 2418 spatiis
1211 2351 1403 2418 impressisset.
1420 2343 1535 2399 Boniti..

740 2468 944 2528 ventidius
963 2469 1169 2529 LECTIONES.

168 2568 255 2641 Sripsi
293 2568 421 2636 Medulis,
456 2567 539 2641 Juxta
575 2567 730 2636 Merinien,
768 2568 933 2639 Tornacen.,
988 2568 1189 2643 temp-Major.
1208 2567 1319 2625 Gelecii.
1335 2568 1415 2624 Solus
1429 2565 1574 2640 ltasweyd.
1611 2582 1643 2624 ro
1660 2567 1792 2639 Germtis,

132 2640 293 2712 liosweyd,
307 2640 396 2695 Belin.
412 2648 440 2695 et
458 2642 588 2707 drevan,
611 2641 668 2696 iino
690 2649 718 2696 et
738 2640 859 2709 Praten,
880 2657 934 2715 qao
988 2641 1133 2697 substituit
1149 2638 1533 2720 Carceris-AntuerpMajor
1547 2584 1739 2722 etldosweyd.
1754 2641 1791 2697 le·

133 2713 218 2768 modo
238 2710 392 2768 Usuarduin
417 2713 441 2766 le
460 2711 513 2767 isse
531 2711 674 2778 existimo,
698 2712 762 2768 ticet
780 2713 934 2769 Romanum
989 2720 1057 2783 gunt
1069 2713 1098 2767 in
1112 2729 1225 2779 cavam,
1243 2711 1342 2784 reliqui
1357 2718 1388 2767 ut
1407 2727 1436 2766 in
1452 2718 1538 2767 teiitu.
1555 2708 1600 2767 Sic
1615 2711 1732 2768 Betiiius
1743 2727 1793 2784 pio

133 2798 250 2855 parvum
277 2790 304 2837 et
325 2781 387 2838 lide
404 2728 530 2862 'baheant
552 2783 698 2852 Mendetis,
718 2800 787 2856 quos
808 2799 935 2866 sequun—
988 2784 1085 2839 reclusi
1106 2784 1198 2864 posuit
1220 2783 1330 2838 retrusi.
1353 2781 1470 2864 Librarii
1494 2798 1571 2864 error
1595 2783 1623 2838 in
1648 2781 1791 2840 Merinieu.

134 2861 180 2911 tur
201 2854 454 2924 Antuerp.-MaJor,
479 2854 582 2923 Melan,
605 2861 633 2909 et
650 2854 709 2910 alii.
735 2855 871 2921 Mapdatis
894 2863 935 2911 est
988 2861 1040 2921 est,
1056 2855 1189 2923 Zaccrioe,
1213 2854 1260 2910 sed
1283 2854 1361 2926 longe
1381 2861 1489 2926 turpior
1513 2869 1542 2908 iu
1559 2853 1708 2927 llosweyd.
1725 2854 1793 2911 dum

133 2924 163 2980 in
178 2924 285 2991 Melino,
301 2925 375 2998 quod
396 2924 521 2996 proxime
536 2925 642 2981 accedit
656 2925 690 2982 ad
704 2926 876 2996 Mapdctetis,
890 2927 934 2982 vel
989 2925 1096 2983 addidit
1120 2926 1260 2982 Zacharia
1278 2927 1422 2996 propbeta,
1443 2924 1616 2982 Aetiiiedere
1635 2925 1793 2982 communis

131 2996 307 3063 Mecidclitis,
329 2996 402 3052 unde
423 2995 510 3078 aliqui
525 2997 647 3053 effictam
669 3005 777 3068 putant.
799 3000 933 3079 hntuerp.
950 3010 972 3069 Β
988 3006 1028 3053 est
1042 3005 1069 3052 et
1083 3013 1154 3069 saepe
1170 3012 1314 3053 recurrens
1328 2997 1421 3066 lectio,
1441 2995 1489 3053 alii
1505 2995 1691 3066 Aetisiodero,
1708 2999 1793 3053 sett-

133 3075 161 3124 et
187 3067 377 3124 Man-bubos
407 3068 436 3123 in
467 3083 527 3139 ipse
551 3068 689 3151 principio
716 3069 861 3136 omittunt,
890 3086 936 3124 eie
988 3068 1091 3123 siedori
1127 3075 1154 3124 et
1190 3068 1386 3125 iletbisicdori.
1419 3067 1627 3137 Nictnemsdiam,
1655 3068 1792 3138 Amaci,

131 3139 256 3195 Aurelia·
272 3137 360 3195 Belin.
377 3155 427 3210 pra
440 3139 562 3222 preside,
579 3147 671 3213 posuit
717 3140 848 3196 ccidente.
863 3139 936 3195 'lor-
991 3140 1113 3210 Caesari,
1129 3146 1156 3196 et
1169 3140 1224 3197 alia
1236 3146 1378 3212 pretereo.

133 3225 230 3268 nacon.
253 3209 319 3283 legit
343 3211 474 3282 dentelii,
497 3211 600 3269 Melan.
628 3213 674 3268 Get
694 3212 754 3280 elii,
775 3210 853 3285 pejus
871 3213 936 3267 itu-

797 3350 1100 3411 assentationes.

166 3471 319 3526 Romanum
335 3485 451 3540 parvum
466 3470 505 3524 ita
518 3467 726 3551 expressissime
745 3468 797 3526 bac
811 3469 857 3526 die
871 3485 931 3551 pro·
988 3466 1191 3540 disquisitionis
1207 3482 1305 3539 scapus
1319 3467 1373 3541 est)
1390 3467 1475 3525 nimis
1488 3482 1571 3540 quam
1588 3483 1702 3527 secum
1715 3485 1789 3539 sum,

129 3539 260 3597 nuntiat:
283 3541 382 3606 Rome,
403 3540 448 3593 cie
467 3539 592 3608 Aurelia,
607 3541 748 3608 Basilidis,
774 3541 891 3611 Tripolis
909 3546 933 3595 et
988 3537 1228 3596 annuntiationem
1243 3555 1291 3596 seu
1314 3556 1346 3597 ea
1364 3539 1475 3597 demum
1492 3555 1557 3596 vera
1571 3539 1618 3610 sit,
1641 3556 1691 3598 seu
1707 3540 1788 3599 libra·

130 3610 268 3670 Mendetis
281 3615 305 3663 et
319 3609 437 3663 alierum
451 3610 554 3679 viginti.
577 3611 708 3682 Sequitur
721 3609 792 3678 Ado,
809 3610 857 3683 qui
872 3612 933 3668 vice
987 3611 1091 3666 riorum
1114 3611 1296 3684 quorumdam
1316 3608 1386 3668 vitio
1402 3610 1518 3679 hctitia;
1536 3612 1788 3683 annuntiationem,

130 3680 212 3752 elogii
228 3678 318 3734 solum
333 3679 492 3750 superaddit
507 3678 666 3736 distantiam
681 3679 716 3736 ab
737 3681 816 3749 urbe,
839 3682 933 3754 iinpe-
987 3680 1111 3753 inquam,
1127 3690 1260 3749 nostram,
1283 3691 1314 3738 ut
1328 3682 1357 3737 in
1380 3683 1511 3740 laterculo
1534 3699 1663 3754 expressa
1677 3693 1729 3754 est,
1748 3700 1788 3742 aa·

130 3758 248 3807 retorem
264 3757 291 3805 et
309 3749 463 3821 presidem,
480 3766 597 3824 qaorum
612 3752 732 3823 primum
749 3760 842 3808 noster
856 3753 932 3811 omi·
987 3752 1101 3809 cundun
1114 3768 1210 3809 omues
1225 3753 1367 3822 termines,
1387 3769 1524 3811 versasse
1543 3755 1739 3823 Usuardinam,
1753 3771 1789 3812 ex

129 3822 176 3889 sit,
199 3828 297 3878 catera
319 3820 474 3894 descripsit.
498 3821 605 3879 Adonis
625 3822 709 3879 verba
732 3823 827 3879 emnia
850 3832 931 3880 tran·
987 3822 1110 3880 Romano
1125 3840 1208 3896 parvo
1224 3840 1271 3895 per
1292 3823 1418 3882 Adonem
1433 3825 1488 3883 huc
1509 3826 1676 3885 traductam.
1695 3826 1787 3885 stum

129 3892 247 3965 sumpsit
269 3892 417 3961 Notharus,
439 3892 473 3949 de
494 3893 709 3964 suoadjicieus;
730 3895 759 3949 in
772 3895 931 3977 quibusdem
986 3896 1071 3963 viam,
1086 3895 1164 3968 quasi
1187 3894 1241 3952 sibi
1262 3897 1401 3970 propriam
1424 3897 1554 3955 stravisse
1575 3897 1688 3957 videtur
1702 3898 1787 3956 Wan-

128 3963 260 4020 codicibes
275 3981 328 4045 pre
353 3963 466 4035 Tripode
485 3971 511 4019 et
530 3966 664 4033 Mandata,
680 3965 709 4020 ie
732 3968 845 4038 Tripoli,
864 3969 930 4026 Ma·
986 3966 1136 4037 dalbertus,
1151 3967 1218 4025 duni
1235 3968 1273 4024 ita
1286 3967 1407 4028 cecinit:

144 4037 241 4091 deletes
262 4041 390 4106 seriptum
410 4037 534 4107 reperiri.
551 4036 612 4104 Quo
631 4046 792 4109 argumento
809 4054 876 4095 usus
889 4047 930 4097 est

128 4053 330 4174 dlenscbenius,
351 4115 382 4162 ιιι
400 4115 552 4179 postremos
574 4109 644 4165 dues
658 4125 693 4165 eii
714 4110 802 4166 Fastis
827 4126 928 4168 reseca-

104 4236 107 4241 ,
128 4184 179 4233 ret.
196 4178 270 4245 Quos
286 4194 352 4235 vero
366 4178 475 4236 cedices
490 4197 539 4251 pro
554 4180 606 4238 hec
620 4179 665 4236 die
679 4181 817 4238 Notherus
831 4181 929 4239 innuat
1019 4182 1064 4238 Ex
1077 4179 1176 4236 iisdem
1195 4180 1311 4238 Romani
1331 4182 1408 4255 parvi
1424 4189 1451 4239 et
1465 4183 1572 4243 Adonis
1585 4184 1711 4243 fontibus
1726 4202 1787 4259 pro·

128 4249 237 4330 nescim
253 4258 327 4305 certe
342 4267 397 4306 nou
412 4252 446 4308 ad
462 4250 547 4320 buna,
562 4252 609 4309 sed
621 4253 656 4310 ad
672 4269 713 4309 xii
727 4252 814 4321 Juiiii,
830 4269 865 4309 ex
877 4271 929 4310 co-
984 4253 1058 4310 cedit
1080 4251 1198 4334 insignis
1221 4263 1327 4336 martyr
1351 4255 1471 4311 Gensties
1493 4274 1556 4314 cuni
1576 4256 1670 4326 sociis,
1691 4273 1743 4317 neo
1757 4256 1787 4317 iii

127 4320 236 4402 ilicibus
259 4321 483 4394 Hieronymiaeis
506 4334 629 4396 spectare
648 4325 740 4396 potius
754 4324 865 4381 deberet
878 4324 927 4381 hu·
984 4323 1208 4397 hieronymianis
1224 4340 1274 4381 iieo
1292 4341 1321 4380 in
1342 4325 1415 4383 Beda
1435 4327 1622 4399 consignatus.
1639 4328 1785 4389 Sociorum

124 4391 250 4464 Jusinodi
268 4393 413 4449 nominum
427 4395 645 4452 transformatio.
664 4397 720 4454 Neo
733 4413 798 4452 sane
812 4397 929 4454 Romani
983 4395 1108 4465 unicum,
1128 4411 1228 4469 nempe
1248 4397 1381 4453 Cerealem
1401 4399 1521 4471 assignat
1544 4400 1697 4456 Romanum
1718 4416 1786 4473 par-

126 4463 205 4536 parvi
220 4471 247 4519 et
260 4464 375 4531 Adonis,
389 4482 421 4521 ac
430 4465 557 4524 codicum
568 4468 694 4524 omnium
710 4466 928 4525 Usuardinorum
983 4484 1060 4536 vam,
1075 4466 1135 4524 biiii
1149 4468 1197 4525 alii
1210 4469 1363 4536 elinantius,
1373 4485 1405 4526 ac
1419 4471 1577 4526 Priiiiitiees
1590 4470 1625 4526 ab
1638 4471 1738 4529 Adone
1750 4487 1786 4528 ex

127 4538 285 4602 auctoritas,
302 4545 357 4592 tani
374 4537 455 4593 facile
469 4540 671 4597 contemnenda
685 4540 804 4596 videtur.
820 4539 928 4597 Nihilo·
982 4539 1060 4597 Actis
1083 4539 1206 4613 adiuncti
1231 4547 1306 4597 sunt.
1331 4540 1495 4614 Longiorem
1519 4541 1626 4598 Adonis
1646 4557 1679 4598 ex
1707 4543 1787 4600 Actis

126 4605 223 4685 niiiius¹
235 4623 282 4676 per
303 4607 444 4664 lexiteteiii
462 4626 586 4681 magnam
601 4629 634 4667 eu
650 4613 735 4668 iuriis
749 4613 811 4667 aliis
826 4612 926 4683 Marty·
982 4609 1126 4668 historiam
1149 4627 1203 4667 nan
1224 4613 1303 4682 plane
1323 4612 1503 4685 transumpsit
1517 4613 1669 4671 Notlieius:
1685 4613 1786 4679 Noster

127 4673 267 4753 relegiise
289 4676 366 4756 eadit
384 4679 509 4758 laudatus
522 4682 766 4748 Menscheiiius,0b
781 4683 926 4738 Basiliden
982 4683 1125 4764 perpaucis
1147 4697 1179 4738 ea
1201 4681 1348 4755 decerpsit,
1373 4700 1433 4757 quie
1452 4685 1550 4740 mortis
1569 4701 1654 4757 genus
1674 4685 1786 4747 abacta

126 4741 182 4810 bio,
207 4752 234 4799 et
252 4745 385 4826 ,duplice-in
398 4750 545 4827 Basiliden
563 4751 608 4807 die
627 4769 668 4809 nii
681 4751 768 4819 lunii,
784 4768 858 4808 nunc
874 4752 929 4821 his,
944 4756 966 4817 c
982 4754 1107 4810 indicant
1128 4761 1154 4809 et
1178 4753 1328 4811 illustrant.
1355 4756 1393 4812 [le
1411 4758 1544 4812 Actorum
1559 4755 1726 4829 antiquitate
1744 4756 1787 4815 sio

48 4856 51 4861 .
126 4830 201 4872 nuuc
222 4813 285 4870 aliis
303 4831 386 4895 sociis
404 4828 544 4889 Junctnm.
574 4824 609 4877 ιιι
631 4838 681 4878 neo
706 4823 753 4878 Tri
772 4824 856 4891 odem,
878 4841 929 4881 nea
983 4824 1080 4881 statuit
1102 4823 1315 4895 papebrochius,
1337 4832 1368 4882 ιιι
1384 4843 1439 4883 nen
1458 4826 1557 4884 audeat
1577 4843 1710 4895 asserere,
1726 4827 1786 4900 ipss

125 4886 408 4969 Mendetempatitur3
427 4906 488 4946 nain
505 4891 574 4948 alies
589 4892 671 4949 bodie
686 4839 801 4950 Basiddi
813 4895 927 4952 comites
980 4912 1016 4952 ex
1031 4895 1108 4951 Actis
1122 4896 1365 4965 proconsularibus
1386 4915 1445 4955 esse
1467 4907 1588 4972 accepta,
1608 4899 1739 4973 quamvis
1750 4899 1785 4957 ds

125 4958 375 5041 addituiiominatos
396 4969 510 5032 septem,
533 4979 686 5036 anonymos
702 4964 801 5037 viginti
819 4966 927 5023 duobus
980 4975 1079 5024 cetero
1102 4967 1168 5023 satis
1183 4967 1295 5039 probata
1309 4969 1460 5027 existimet.
1485 4969 1680 5028 Admittuntur
1699 4969 1785 5029 enam

125 5039 237 5112 nostris·
251 5038 360 5112 penitus
380 5034 511 5114 exclusis,
535 5035 636 5107 quibus
650 5053 701 5094 nec
714 5036 758 5093 die
775 5054 815 5095 iiii
835 5038 926 5095 locem
980 5054 997 5094 a
1010 5038 1219 5106 recentioribus,
1235 5041 1331 5096 saltem
1346 5056 1400 5114 qua
1414 5041 1581 5114 partedctis
1595 5041 1784 5101 celeberrimas

125 5103 263 5172 concedit,
278 5119 318 5160 sic
333 5114 363 5160 ut
378 5120 412 5159 eir
426 5122 485 5177 equs
500 5107 646 5175 sententia,
661 5108 725 5165 licta
738 5109 781 5165 vel
797 5119 926 5183 corrupta
981 5109 1039 5182 ejus
1059 5110 1184 5183 con'ugis
1210 5111 1393 5183 Spmpboreaa
1419 5120 1446 5169 et
1473 5112 1595 5170 filiorum
1619 5128 1676 5169 non
1703 5129 1784 5186 neps-

124 5174 240 5230 nomina
254 5190 316 5258 esse·
327 5184 460 5248 oporteat,
473 5187 503 5234 ut
517 5193 551 5233 ex
567 5178 687 5236 Nethero
702 5181 828 5253 proxime
842 5191 925 5237 uetu-
979 5191 1073 5255 gnarit.
1098 5127 1163 5238 ldaea
1184 5193 1287 5251 autom,
1311 5190 1344 5238 ut
1361 5184 1477 5252 sincera,
1502 5185 1531 5241 in
1550 5185 1717 5242 selectorum
1732 5200 1785 5243 ιιι·

124 5242 352 5327 bainusuMelius
368 5248 481 5306 formose
494 5265 550 5305 rein
566 5251 708 5322 componit
722 5253 757 5309 Pa
779 5253 925 5310 ebrecbius
980 5269 1085 5309 merum
1111 5252 1251 5325 cooptavit
1276 5254 1434 5312 Ruinartius
1452 5272 1542 5339 apag.
1568 5257 1609 5314 tt.
1630 5255 1785 5315 Tillemou·

124 5327 164 5367 xii
179 5314 265 5382 Junii,
281 5333 310 5372 in
325 5319 473 5391 subjuncta
486 5323 664 5379 annotatione
679 5339 738 5404 pag.
761 5269 825 5381 dit.
846 5324 924 5382 Ultro
979 5325 1036 5380 tias
1057 5323 1123 5392 viri,
1148 5324 1252 5392 uxoris,
1277 5324 1400 5382 fitiorum
1419 5335 1446 5384 et
1470 5343 1608 5386 socierum
1633 5327 1781 5387 historiam

19 5427 25 5433 .
124 5382 279 5466 tamennon
290 5393 452 5463 usqueadeo
469 5393 582 5451 obvium
598 5410 666 5462 esse,
683 5394 923 5453 intricatissiinum
979 5395 1083 5452 Gallice
1098 5395 1189 5452 minuit
1211 5403 1286 5452 temo
1307 5397 1332 5453 ll
1350 5413 1366 5452 a
1373 5414 1441 5526 (fag.
1457 5398 1519 5458 ill.
1539 5401 1579 5456 De
1593 5399 1783 5472 Symphoross

124 5462 266 5537 negotium
290 5461 418 5532 enodare,
434 5464 481 5522 sed
504 5465 650 5523 naeviam
672 5468 810 5524 occlusam
830 5465 921 5536 video,
977 5477 1004 5524 et
1020 5467 1086 5523 filiis
1099 5466 1214 5524 seorsim
1229 5483 1264 5524 eii
1286 5468 1373 5526 Usuar
1393 5471 1402 5526 i
1422 5477 1515 5528 mente
1528 5472 1665 5528 nonnulla
1678 5471 1782 5545 dispu-

125 5541 179 5597 qua
215 5535 363 5585 citatorum
399 5535 626 5610 Martyrologium
667 5538 815 5594 aucteritas
851 5546 923 5594 sarta
978 5538 1294 5607 tebimusxxviilunii;
1311 5540 1359 5597 sed
1372 5542 1505 5598 Actorum
1521 5543 1644 5616 ipsorum
1654 5542 1781 5600 recensio

124 5604 197 5655 tecta
212 5598 344 5671 salvetur,
367 5602 438 5659 nibil
453 5622 536 5681 supra
559 5609 702 5683 magistros
725 5625 799 5666 meas
815 5625 924 5692 pressu·
977 5609 1012 5666 ad
1033 5626 1105 5667 xviii
1122 5610 1222 5666 luliia
1243 5610 1395 5685 majeribus
1416 5613 1521 5671 nostris
1539 5614 1653 5671 remissa
1672 5623 1726 5685 est,
1745 5629 1781 5672 cx

124 5668 234 5726 mendo.
257 5671 340 5753 Plura
355 5673 440 5731 lector
458 5677 531 5758 apud
546 5680 619 5752 ipses
632 5689 659 5737 at
674 5680 874 5739 Florentinium
893 5681 923 5738 iu
977 5680 1092 5754 praefixe
1113 5681 1194 5738 nobis
1213 5682 1309 5740 ordine
1330 5684 1462 5758 sequendi
1480 5685 1633 5760 Martyrolo
1652 5687 1711 5744 iem
1728 5688 1781 5744 llo·

124 5738 196 5798 banc
220 5758 277 5799 rem
302 5742 440 5816 disputata
462 5751 596 5817 inveniet,
621 5769 671 5824 ega
691 5754 749 5826 (qai
775 5753 920 5825 premetis
978 5769 1099 5810 manuni.
1129 5754 1291 5812 Zachariam
1320 5755 1542 5814 Nicomedieiiseni
1568 5764 1593 5814 et
1640 5757 1780 5816 emerim

1044 4073 1148 4133 Quartae
1166 4073 1289 4133 Basilide,
1303 4083 1329 4123 et
1343 4075 1384 4123 bis
1396 4074 1464 4126 deno
1481 4086 1593 4142 martyre
1609 4087 1730 4143 vernant,
