3834 6136
199 232 254 289 988

720 221 892 279 HINCMARI
913 217 1157 277 LAUDUNENSIS
1176 215 1332 274 calscop}
1388 263 1391 269 ,

1803 210 1853 266 att

191 382 312 457 quium:
336 377 482 437 Consilium
493 376 588 431 bonam
597 373 760 429 conservabit
771 380 802 440 te,
814 379 837 426 et
848 388 919 426 nens
933 371 999 425 boae
1013 371 1039 430 Α
1053 368 1111 424 diat
1134 369 1235 441 absque
1248 366 1392 439 prasentia
1407 365 1569 421 clericorum
1591 376 1718 427 suorum,
1737 359 1803 431 quia
1815 359 1855 414 ir-

199 470 324 529 eastodiet
337 476 359 523 te
374 469 467 539 (Proo.
481 483 512 533 ιι,
528 466 584 536 ll).
596 461 909 519 Nouenimdefontibus
919 462 998 516 salu·

197 559 288 617 tiferis
312 555 493 629 spiritualiter
514 552 547 608 ad
571 551 782 622 acquisitionem
807 558 913 605 aeternoe
933 549 998 603 vitae

196 649 349 724 procedunt
363 647 430 702 tales
453 644 639 700 accusationes
653 649 680 696 et
695 640 891 704 detractiones,
916 647 998 710 atque

197 738 260 795 ideo
275 742 462 806 competenter
476 749 526 788 nos
547 732 578 787 B.
604 731 705 786 Paulus
731 729 871 802 apostolus
885 743 996 798 praemo-

197 843 266 883 nens
280 825 328 893 ait,
339 823 400 879 Non
410 822 576 892 debereplas
585 837 676 892 sapere
685 836 766 890 quom
779 823 881 889 oportet
895 832 997 886 sapere,

199 916 341 986 sedsepere
350 913 559 967 adsobrietatem
573 912 662 982 (Rom.
675 909 779 975 x11,3l.
792 909 822 962 ln
833 905 999 961 diffinitione

197 1000 504 1077 pietatisperduremus.
516 999 569 1065 Qui
580 998 653 1052 enim
668 997 739 1051 hauc
750 1001 926 1067 praetereunt,
942 1008 998 1047 nou

198 1099 306 1148 tantum
333 1091 384 1162 ipsi
413 1095 476 1143 sieut
499 1085 657 1142 decidentes
671 1101 686 1138 a
700 1083 924 1140 corroboratione
939 1097 997 1148 sua,

199 1178 247 1236 sed
262 1178 428 1249 insipientiae
448 1192 503 1230 suas
518 1174 727 1245 dereliquerunt
742 1171 872 1228 omnibus
889 1186 997 1226 memo-

199 1269 281 1334 riam,
292 1274 323 1321 ut
339 1267 367 1321 in
383 1265 426 1320 his
438 1264 466 1318 iu
478 1263 579 1335 quibus
594 1268 778 1333 peccaverunt
790 1261 905 1315 minine
916 1259 1000 1315 latere

198 1358 386 1432 potuissent·
408 1356 443 1409 Et
458 1370 527 1426 papa
551 1350 842 1408 Damasusmoiversis
865 1351 1000 1421 episcopis

198 1462 248 1520 per
257 1445 365 1500 ltaliam
374 1441 652 1512 constitutisscripsit
663 1439 763 1510 (Epist.
777 1438 806 1508 b)
820 1457 825 1492 :
850 1464 858 1485 ι
873 1439 1000 1494 Relatum

199 1543 241 1591 est
268 1534 342 1590 enim
367 1532 507 1589 adsedem
531 1530 707 1602 apostolicam
735 1544 784 1584 vos
812 1527 1000 1585 accusationes

199 1623 316 1679 fratrum
331 1638 379 1694 per
392 1621 495 1692 scripta
508 1620 646 1691 suscipere
660 1619 762 1690 absque
775 1616 899 1688 legitimo
914 1633 1000 1672 accu-

1052 459 1105 513 rita
1124 458 1176 513 erit
1191 456 1328 512 sententia
1351 453 1481 526 episcopi,
1496 453 1551 507 nisi
1574 449 1724 524 praeseutia
1746 449 1854 506 clerico

1053 567 1113 606 mm
1125 566 1236 606 suorum
1243 547 1431 604 confirmetur.
1443 569 1452 591 ι
1467 542 1657 600 Necoblivisci
1668 541 1856 613 oportetqnod

1053 640 1216 693 etllamasus
1224 652 1291 708 papa
1298 631 1647 701 edocenstesuturtttptu.
1662 630 1712 699 u):
1741 628 1857 684 «Discu-

1053 734 1111 781 tere
1124 740 1189 780 vero
1204 725 1354 797 episcopos,
1372 733 1398 778 et
1417 737 1589 778 summorum
1605 719 1856 777 ecclesiasticorum

1053 829 1148 872 causas
1159 814 1342 884 negotiorum,
1355 810 1576 882 metropolitanis
1586 824 1641 863 uua
1653 824 1719 863 cum
1731 807 1858 863 omnibus

1054 902 1110 957 suis
1123 901 1416 974 comprovincialibus,
1435 899 1474 954 ita
1487 907 1517 953 ut
1535 914 1616 952 nemo
1629 912 1666 951 ex
1679 897 1722 951 eis
1737 895 1819 963 desit,
1835 905 1858 951 et

1053 992 1205 1045 omnes.in
1225 991 1397 1062 singulorum
1418 986 1588 1045 concordent
1616 985 1752 1056 negotiis,
1774 984 1856 1040 licet:

1053 1077 1100 1133 sed
1116 1077 1236 1133 dissiuiro
1251 1094 1346 1133 eorum
1360 1086 1442 1150 atque
1459 1075 1645 1131 Ecclesiarum
1661 1088 1786 1129 summas
1800 1089 1859 1145 que·

1055 1165 1134 1233 relas,
1151 1167 1194 1221 vel
1209 1166 1341 1221 damnare
1358 1167 1513 1237 episcopos,
1528 1163 1632 1235 absque
1653 1161 1746 1232 hujus
1766 1169 1862 1217 sancta

1056 1257 1129 1314 sedis
1143 1258 1306 1314 auctoritate
1321 1256 1435 1311 minime
1449 1256 1524 1322 licet,
1540 1253 1674 1327 quoniam
1694 1269 1795 1308 omnes
1813 1269 1863 1325 ap-

1056 1355 1167 1428 pellare,
1185 1352 1208 1407 si
1239 1367 1347 1407 neccsse
1376 1350 1468 1416 fuerit,
1498 1355 1526 1405 et
1550 1347 1610 1418 eJns
1635 1345 1735 1402 fulciri
1759 1345 1862 1401 auxilio

1055 1454 1173 1521 oportet.
1189 1447 1256 1503 Nam
1273 1453 1304 1501 ut
1324 1444 1410 1500 nostis
1433 1443 1576 1516 Synodum
1592 1443 1655 1497 sine
1671 1440 1734 1511 ejus
1751 1441 1862 1496 auctori.

1054 1544 1110 1594 tate
1132 1536 1191 1591 fieri
1207 1552 1264 1590 uon
1279 1542 1321 1590 est
1335 1542 1434 1600 ratum,
1454 1548 1505 1588 nec
1519 1532 1666 1604 episcopus
1681 1529 1740 1584 nisi
1757 1529 1787 1584 in
1800 1530 1864 1599 legi·

1055 1625 1124 1682 tima
1146 1625 1263 1696 synodo,
1279 1631 1306 1677 ct
1326 1639 1375 1677 suo
1394 1630 1517 1692 tempore
1541 1618 1695 1691 apostolica
1721 1617 1859 1672 vocatione

199 1721 299 1782 satore,
315 1712 388 1785 quod
402 1712 531 1784 deinceps
552 1713 581 1767 iu
606 1710 682 1766 omiti
703 1710 769 1764 orbe
786 1716 919 1764 terrarum
940 1705 999 1762 lieri
1015 1721 1037 1780 B
1055 1723 1228 1787 congregata,
1243 1713 1362 1770 diffinite
1372 1711 1496 1767 damnari
1512 1717 1621 1782 potest;
1638 1725 1731 1782 neque
1745 1708 1802 1763 3112
1815 1725 1859 1762 un.

200 1803 350 1876 apostolica
372 1800 534 1856 auctoritate
558 1798 746 1870 probibemus,
768 1805 795 1852 et
818 1796 892 1869 quod
913 1809 1000 1866 nuper

171 1896 174 1900 ’
200 1893 303 1950 factum
329 1901 380 1957 est,
395 1891 497 1962 absque
523 1890 580 1945 ulla
600 1887 784 1943 retardatione
801 1885 902 1956 corrigi
918 1899 1001 1953 roga-

200 1998 271 2048 mus,
281 1997 332 2036 uec
346 1996 467 2051 unquam
479 1978 554 2047 prius
570 1992 617 2047 per
631 1976 733 2045 scripta
749 1990 845 2028 eorum
863 1972 909 2043 qui
923 1986 1001 2026 accu-

200 2078 296 2125 santur
310 2085 418 2125 causam
434 2067 570 2123 discutere
584 2066 676 2125 liceat.
694 2079 776 2136 quam
792 2078 839 2134 per
854 2062 1000 2133 querulan-

200 2158 271 2213 tium
307 2156 498 2213 institutiones
526 2154 616 2210 vocati
645 2153 776 2208 canonice
804 2152 838 2207 ad
863 2149 1001 2223 synodum

200 2247 324 2315 veniant,
341 2255 367 2301 et
377 2259 495 2318 praeseus
507 2260 555 2316 per
571 2249 732 2315 praesentem
747 2248 877 2312 agnoscat
891 2239 1003 2295 veraci-

201 2345 244 2392 ter
258 2344 285 2391 et
299 2335 435 2405 intelligat
458 2350 518 2406 quae
532 2334 557 2389 ei
573 2331 754 2403 objiciuntur.
782 2330 860 2396 Quod
886 2329 954 2384 berre
975 2335 1001 2383 et

200 2438 250 2495 per
264 2421 427 2494 sapientiam
443 2421 598 2477 Salomonis
618 2418 722 2474 dicitur
739 2436 744 2473 :
762 2419 909 2487 Assequere
923 2433 1003 2470 soru-

203 2513 264 2568 teris
278 2528 331 2565 ooo
344 2511 536 2582 reprobandas:
554 2508 668 2578 intellipe
679 2508 758 2578 prius
771 2513 795 2561 et
811 2512 871 2560 tuac
881 2506 1000 2576 inerepo;

201 2607 342 2668 antequam
362 2598 491 2666 caderis,
515 2614 569 2651 aon
589 2597 745 2666 respondeas
766 2595 862 2667 (Eccli.
888 2595 940 2665 xi).
968 2594 1004 2648 Et

201 2691 267 2747 licet
280 2690 451 2762 apertissima
474 2691 512 2745 sit
525 2690 727 2748 contrariorum
748 2688 935 2759 reprehensio,
952 2703 1004 2741 ve-

174 2780 176 2785 '
202 2787 358 2835 rumtamen
376 2786 483 2851 oportet
495 2779 539 2834 his
549 2781 597 2851 qui
607 2780 663 2835 dati
674 2787 738 2834 suut
750 2778 784 2833 ad
794 2794 888 2833 eorum
900 2777 1003 2832 exanti-

203 2867 483 2936 uatiouem,ordinem
494 2869 597 2923 servari
605 2868 638 2922 ab
648 2868 692 2923 his
699 2868 747 2939 qui
755 2868 907 2924 secuudum
915 2869 1003 2923 Deum

203 2958 368 3032 perscrutari
380 2957 503 3029 deputati
518 2965 583 3013 sunt
598 2976 604 3012 :
625 2964 759 3029 quatenus
775 2958 813 3011 ita
824 2974 887 3013 curn
903 2974 1004 3029 opera-

1055 1820 1136 1876 quam
1156 1804 1274 1860 coucilia
1299 1811 1357 1858 rata
1381 1802 1518 1872 leguntur,
1533 1816 1593 1872 quae
1618 1815 1677 1854 nou
1703 1807 1769 1854 suut
1797 1798 1861 1852 fulta

1055 1892 1204 1963 apostolica
1222 1891 1409 1947 auctoritate:
1437 1914 1445 1935 ‹
1470 1890 1540 1946 Ecce
1569 1894 1645 1959 putet
1667 1886 1719 1960 qui
1748 1903 1860 1951 canones

1055 1980 1217 2051 recipiendi,
1237 1979 1388 2034 venerandi
1425 1996 1457 2034 ac
1493 1975 1659 2033 observandi
1701 1975 1858 2031 habeantur.

1056 2070 1127 2125 Hinc
1154 2077 1246 2124 autem
1277 2067 1311 2124 ad
1340 2067 1480 2138 superiora
1513 2067 1668 2122 redeamus.
1707 2065 1778 2132 Quia
1804 2082 1860 2136 erpo

1056 2159 1109 2213 uisi
1138 2174 1236 2213 nomeu
1264 2159 1376 2224 sciatur,
1395 2163 1595 2229 cousequenter
1618 2157 1747 2226 cognitio
1777 2173 1860 2211 rerum

1057 2248 1138 2320 perit,
1154 2248 1248 2302 eadem
1279 2246 1410 2304 facilitate
1440 2254 1565 2319 poterant
1589 2263 1606 2300 a
1630 2245 1716 2301 vobis
1740 2245 1821 2313 falso,
1834 2254 1857 2300 et

1057 2337 1117 2392 sine
1131 2337 1189 2392 ullo
1199 2336 1369 2409 praecedente
1382 2344 1554 2407 argumento,
1571 2335 1669 2391 audita
1682 2337 1718 2392 de
1734 2352 1779 2391 me
1788 2337 1858 2397 talia,

1058 2427 1101 2481 vel
1115 2424 1171 2496 jam
1193 2442 1268 2480 nuuc
1295 2425 1382 2495 rejici,
1405 2432 1452 2480 aut
1470 2423 1588 2482 discredi
1614 2441 1678 2495 quas
1697 2424 1859 2481 videbantur

1058 2514 1166 2588 probari
1180 2533 1186 2579 3
1203 2522 1234 2569 ut
1248 2512 1319 2568 illud
1333 2513 1462 2585 pracepit
1476 2513 1614 2585 Sapientis
1629 2531 1635 2567 :
1655 2514 1809 2585 Antequam
1821 2515 1860 2567 ia-

1059 2611 1181 2675 tevvopes,
1202 2622 1233 2658 tte
1254 2604 1382 2674 vituperes
1405 2620 1562 2673 quotaque-en
1579 2605 1690 2673 (Eccli.
1713 2622 1745 2671 11,
1763 2603 1801 2675 7)
1818 2613 1860 2671 ;et

1058 2694 1148 2750 item:
1174 2695 1323 2763 Atrapateni
1354 2693 1461 2761 cadiae,
1489 2710 1543 2746 reon
1570 2693 1737 2764 respondeas
1764 2693 1859 2749 verbm

1060 2783 1140 2854 (ibid
1156 2781 1196 2851 8).
1218 2783 1254 2837 Et
1269 2781 1360 2837 illud:
1390 2782 1451 2853 Sepi
1472 2799 1551 2836 aures
1567 2788 1626 2836 tuas
1650 2782 1754 2852 spinis,
1766 2787 1791 2837 et
1812 2783 1858 2837 noli

1057 2872 1151 2926 audire
1173 2871 1290 2940 linquam
1304 2887 1426 2942 alequam.
1454 2873 1491 2926 Et
1505 2871 1549 2926 ori
1572 2877 1615 2926 tao
1640 2870 1727 2941 facito
1753 2873 1857 2937 ostio,et

1058 2977 1130 3015 seros
1144 2961 1255 3014 cambris
1278 2960 1339 3014 tuis.
1355 2962 1461 3016 Aurora
1481 2967 1592 3016 irrumet
1607 2967 1752 3032 aspamam
1770 2963 1853 3031 conto,

204 3049 279 3104 tione
296 3056 460 3119 cooperante
475 3047 649 3102 inveniamus
664 3054 691 3101 et
706 3046 890 3103 confessorem
903 3048 1002 3115 Deum,
1018 3070 1040 3131 c
1058 3056 1081 3104 et
1095 3048 1182 3103 verbis
1200 3048 1251 3101 tois
1264 3047 1345 3117 facito
1368 3055 1545 3124 stoterom,et
1559 3049 1653 3119 frenos
1669 3051 1713 3104 ori
1727 3056 1772 3106 tao
1786 3056 1857 3105 recbs

203 3139 251 3212 qui
266 3137 335 3194 dicit
352 3156 357 3192 :
374 3136 423 3193 Ubi
436 3141 497 3190 sunt
510 3135 562 3190 duo
577 3137 618 3190 vel
633 3141 684 3190 tres
698 3135 847 3206 eonprepoti
859 3136 887 3188 ia
901 3136 1004 3190 etotrtt'tte

201 3244 269 3294 neco,
286 3228 393 3281 ibicum
406 3225 434 3279 in
448 3225 633 3280 actaeonem
646 3225 848 3297 (Mettb.xvu1,
860 3225 919 3295 20).
935 3225 1003 3281 Nam

202 3324 230 3370 et
240 3315 376 3371 Dominus
390 3323 483 3370 noster
497 3314 575 3371 lesus
589 3312 716 3372 Christus
726 3313 825 3369 ludam
836 3314 927 3369 furem
945 3330 1004 3370 esse

202 3408 305 3465 sciebat
322 3425 328 3462 ε
344 3407 390 3462 sed
409 3407 475 3479 quia
493 3422 550 3461 uon
571 3413 611 3462 est
626 3405 828 3478 praesentaliter
848 3415 1003 3474 accusatus,

202 3494 265 3551 ideo
276 3511 332 3551 non
346 3503 387 3551 est
401 3495 524 3565 ejuctus:
541 3511 592 3553 nec
607 3511 656 3551 vos
668 3495 726 3551 ullo
743 3495 825 3551 modo
835 3511 913 3566 agere
924 3511 1004 3567 opor-

201 3590 243 3638 tet
256 3584 330 3656 qnod
345 3584 392 3637 ille
403 3584 493 3638 noluit
507 3583 606 3640 facere.
620 3584 704 3655 Leges
719 3584 793 3638 enim
809 3584 902 3638 saeculi
920 3600 1006 3641 accu-

203 3680 307 3727 satores
317 3677 463 3741 praesentes
479 3669 603 3741 exigunt,
619 3679 647 3725 et
661 3686 716 3726 uon
731 3687 779 3743 per
792 3671 895 3741 scripta
911 3670 1007 3727 absen.

202 3765 254 3812 tes.
280 3755 357 3812 Unde
379 3756 511 3813 canonica
538 3757 649 3813 Patrum
675 3758 826 3814 constituta
853 3774 908 3814 non
923 3758 1006 3816 seiriel

203 3844 252 3901 sed
266 3842 415 3916 sepissime
429 3844 549 3900 clamant
569 3861 619 3902 nec
640 3846 838 3912 accusationes,
856 3862 905 3903 nec
923 3848 1006 3903 testi-

204 3932 298 3988 monia
320 3932 409 3986 ullum
434 3947 483 4001 per
509 3931 611 4002 scripta
634 3947 712 4003 posse
741 3933 872 4003 proferre,
899 3951 950 3993 nec
973 3935 1007 3991 de

203 4019 267 4074 aliis
279 4018 396 4088 negotiis
410 4017 568 4089 quicunque
580 4019 770 4074 testimonium
789 4019 892 4087 dicant,
904 4023 958 4079 nisi
973 4023 1006 4081 de

204 4107 249 4162 his
264 4122 324 4177 qua
345 4106 395 4161 sub
417 4108 561 4179 praesentia
582 4123 677 4163 eorum
693 4117 753 4166 acta
768 4125 826 4166 esse
841 4121 1003 4169 noscuntur.

204 4195 340 4252 Similiter
353 4203 380 4251 et
395 4197 443 4268 qui
458 4212 584 4254 accusare
594 4198 680 4253 alium
691 4200 814 4270 elegerit,
827 4217 949 4272 praseae
958 4219 1006 4275 per

204 4301 233 4341 se
257 4291 283 4339 et
297 4299 353 4338 non
376 4300 425 4357 per
439 4284 523 4340 alium
541 4296 659 4354 accuset,
677 4287 859 4360 inscriptione
875 4289 1006 4348 videlicet

203 4373 363 4445 praemissa;
380 4388 468 4444 neque
480 4374 553 4429 ullus
568 4390 689 4447 unquam
702 4375 844 4446 iudicetur
856 4387 1003 4451 antequam

205 4459 342 4532 legitimos
362 4470 533 4517 accusatores
556 4470 704 4534 presentes
727 4464 834 4533 habeat,
862 4466 1008 4539 locumque

205 4548 370 4604 defendendi
381 4549 498 4621 accipiat
506 4550 540 4605 ad
550 4550 686 4607 abluenda
698 4553 826 4610 crimina.
843 4555 1003 4612 Curandum

204 4651 314 4708 quoque
330 4643 371 4691 est
388 4652 422 4690 ne
445 4637 485 4691 ira
508 4652 673 4709 quemquam
698 4641 844 4713 subripiat,
867 4643 1003 4715 faciatque

203 4724 287 4780 citius
297 4722 520 4795 omnequodnou
531 4724 605 4782 licet.
617 4752 626 4772 ι
645 4729 681 4783 Et
691 4731 916 4802 papaAdrianus,
925 4735 1003 4806 louge

203 4824 265 4888 post
287 4832 383 4888 papam
409 4818 600 4875 Innocentium
622 4820 681 4893 ejus
704 4821 831 4897 Petrique
852 4837 1001 4896 successor,

203 4922 267 4962 cum
291 4905 354 4961 aliis
383 4908 594 4979 quamplurimis
616 4912 673 4967 suis
702 4913 946 4983 praedecessoribus
971 4934 1002 4973 ac

204 4996 417 5066 successoribus,
434 5005 465 5052 ut
478 5013 527 5070 pro
542 4999 670 5056 omnibus
683 5017 764 5058 causa
777 5006 934 5076 compendii
944 5024 1001 5063 uuo

203 5092 274 5152 utar,
291 5086 330 5140 ita
346 5085 504 5142 constitutis
519 5087 610 5160 inquit
629 5089 686 5146 suis
702 5092 784 5161 (Coei.
800 5093 829 5163 b)
847 5112 853 5149 :
877 5095 1001 5153 «Nullus

203 5175 599 5250 metropolitanusepiscopus,
621 5179 722 5252 absque
745 5190 907 5241 caeterorum
934 5203 1000 5242 om-

202 5261 280 5318 nium
293 5266 570 5338 comprovincialium
584 5270 774 5343 episcoporum
789 5273 931 5344 instantia,
950 5278 998 5332 ali·

202 5367 319 5422 quorum
334 5356 428 5412 audiat
440 5374 543 5426 causas,
556 5359 620 5431 quia
633 5360 718 5418 irritae
735 5372 825 5430 crunt,
843 5364 899 5421 imo
914 5366 998 5421 etiam

201 5453 308 5496 cauum
328 5444 357 5498 in
372 5447 478 5517 synodo
493 5464 542 5520 pro
556 5448 627 5505 facto
641 5450 728 5506 dabit.
754 5453 810 5510 Nec
823 5455 995 5526 reliquorum

202 5524 304 5597 aliquis
318 5531 504 5605 episcoporum
520 5553 633 5593 suorum
647 5539 820 5597 sacerdotum
831 5558 926 5600 causas
941 5562 994 5602 au-

1059 3136 1155 3205 (Eceli.
1168 3152 1269 3203 xxviia,
1283 3136 1339 3208 18).
1356 3138 1392 3193 Et
1408 3136 1493 3192 illud:
1512 3138 1563 3205 Qui
1574 3139 1688 3194 libenter
1697 3141 1778 3195 credit
1788 3139 1855 3194 cerba

1057 3224 1197 3292 mendacii,
1227 3243 1315 3280 omnes
1338 3225 1476 3281 enirtistros
1499 3228 1602 3282 babebit
1625 3228 1755 3300 impios;
1777 3237 1857 3302 portas

1058 3316 1127 3370 enim
1140 3315 1233 3371 mortis
1257 3334 1336 3372 aeres
1360 3336 1422 3374 suos
1436 3319 1511 3391 efficit
1534 3321 1628 3388 (Prou.
1653 3336 1737 3386 xxix,
1759 3321 1814 3384 ff).
1828 3322 1857 3375 Et

1059 3404 1148 3460 illud:
1167 3406 1284 3462 Sresarro
1310 3413 1335 3461 et
1354 3408 1478 3479 bilinpais
1499 3411 1666 3480 maledictus,
1686 3413 1785 3467 ittaltot
1800 3412 1857 3466 estin

1061 3495 1177 3550 tarbobit
1193 3512 1285 3567 pacem
1304 3496 1425 3552 babentes
1447 3499 1539 3567 (Eccli.
1562 3516 1668 3569 xxvuv,
1687 3502 1746 3572 itt).
1767 3501 1856 3558 wau

1060 3589 1150 3636 autem
1166 3600 1209 3638 me
1224 3600 1316 3655 sapere
1335 3602 1390 3640 nou
1403 3585 1487 3656 jacto,
1503 3604 1566 3642 curu
1586 3588 1724 3660 scriptum
1741 3590 1796 3646 sit:
1817 3590 1858 3647 l'io

1061 3672 1134 3755 stclti
1149 3678 1218 3726 reeta
1231 3673 1260 3726 in
1273 3674 1357 3728 oculis
1371 3673 1429 3741 qus
1439 3675 1533 3744 (Pron.
1549 3693 1601 3744 su,
1619 3677 1679 3746 15).
1696 3677 1752 3735 Sed
1767 3679 1799 3735 de
1815 3678 1858 3734 boe

1060 3774 1114 3826 me,
1131 3775 1185 3830 quo
1203 3759 1313 3816 avobis
1328 3768 1383 3816 tarn
1405 3779 1576 3836 praepropere
1591 3781 1744 3823 succensor
1758 3766 1858 3841 aliquot

1061 3847 1213 3917 periculum
1226 3857 1273 3904 aut
1288 3851 1484 3908 detrimentum
1499 3853 1650 3923 incurrere,
1663 3856 1704 3912 ita
1720 3858 1791 3913 uribi
1804 3875 1857 3914 cou-

1061 3935 1134 3992 scius
1148 3953 1203 3991 non
1218 3938 1303 3994 timeo
1317 3959 1323 4006 ;
1348 3941 1580 4012 vituperationem
1595 3945 1681 4000 etiam
1702 3947 1857 4005 sacerdotali

1061 4024 1215 4081 ministerio
1225 4026 1259 4082 de
1273 4027 1325 4084 hoc
1336 4029 1422 4100 ingeri
1437 4031 1522 4086 nullis
1537 4031 1660 4089 formido
1673 4035 1798 4093 iudiciis.
1814 4035 1858 4091 Sed

1060 4122 1091 4168 ut
1105 4114 1139 4170 de
1153 4116 1226 4184 aliis,
1242 4119 1299 4173 Deo
1319 4119 1467 4175 miseraute
1482 4137 1512 4177 ao
1528 4130 1701 4194 protegente,
1716 4126 1856 4192 custodiar,

1060 4204 1160 4260 infelix
1172 4205 1256 4261 homo
1268 4207 1391 4278 ejusdem
1406 4210 1457 4264 Dei
1468 4211 1584 4282 gratiam
1597 4228 1649 4283 pro
1666 4215 1741 4271 scire
1752 4225 1778 4271 et
1790 4230 1858 4287 possa

1060 4314 1154 4366 exoro,
1170 4309 1250 4372 atque
1265 4299 1288 4354 si
1303 4300 1433 4356 auderem
1445 4320 1494 4359 vos
1510 4320 1560 4375 pro
1576 4320 1620 4359 rne
1636 4306 1776 4378 idipsum
1795 4307 1859 4363 ebla-

1060 4388 1157 4458 qitare,
1173 4405 1254 4461 quem
1270 4389 1328 4445 scio
1343 4390 1413 4446 illud
1428 4392 1537 4447 facilius
1552 4411 1632 4465 posse
1647 4397 1722 4468 apud
1741 4397 1858 4453 cumdem

1062 4477 1211 4533 Dominum
1236 4479 1371 4546 obtinere,
1387 4480 1489 4536 obnixe
1504 4489 1531 4537 et
1546 4483 1715 4554 suppliciter
1736 4486 1858 4558 deposce·

1059 4582 1125 4622 rem.
1152 4569 1276 4641 Denique
1295 4568 1329 4625 de
1351 4571 1475 4628 Bertrico
1495 4588 1555 4643 quae
1584 4573 1766 4646 subjungitis,
1792 4574 1858 4630 illud

1058 4654 1177 4710 maxime
1196 4656 1314 4714 incausa
1328 4666 1368 4713 cst
1383 4659 1456 4731 quod
1471 4660 1579 4716 finitive
1593 4663 1755 4735 supponitis
1768 4663 1856 4720 discn-

1057 4741 1103 4810 do,
1122 4760 1182 4815 quae
1203 4744 1255 4800 tibi
1278 4745 1350 4802 sicut
1369 4748 1438 4804 sacri
1463 4749 1628 4821 precipiunt
1649 4768 1780 4820 canones,
1801 4760 1861 4807 nota

1057 4831 1145 4887 facere
1162 4835 1317 4904 procuravi.
1336 4836 1387 4892 Ubi
1408 4839 1585 4909 quarendum
1599 4848 1642 4896 est
1656 4842 1691 4897 ad
1707 4843 1775 4914 quid
1794 4829 1859 4896 illud

1057 4920 1127 4975 mibi
1147 4921 1342 4980 innotescitis:
1370 4935 1462 4981 utrum
1488 4934 1519 4982 ut
1548 4945 1597 5000 pro
1621 4932 1860 4988 excommunicato

1055 5024 1117 5065 eum
1144 5017 1237 5066 tenere
1263 5011 1386 5078 debeam,
1402 5032 1483 5087 quem
1509 5033 1558 5072 vos
1572 5025 1603 5072 ut
1617 5018 1725 5081 dicitis,
1740 5023 1806 5094 quia
1829 5036 1860 5076 cs

1055 5107 1146 5156 vestra
1162 5103 1305 5173 provincia
1319 5112 1375 5161 uon
1386 5114 1436 5174 est,
1454 5124 1469 5161 a
1484 5116 1576 5164 vestra
1589 5111 1723 5182 parochia
1735 5112 1859 5183 regulari·

1054 5197 1095 5246 ter
1110 5192 1185 5247 exire
1200 5211 1262 5249 cum
1286 5196 1342 5250 suis
1371 5198 1549 5269 praecepistis,
1564 5207 1592 5254 et
1610 5217 1667 5256 uon
1690 5202 1787 5258 dicitis
1810 5218 1858 5258 ex-

1052 5283 1287 5352 communicastis,
1304 5293 1351 5340 aut
1365 5287 1388 5341 si
1405 5303 1458 5343 nec
1481 5287 1564 5343 etiam
1579 5289 1609 5344 in
1624 5291 1712 5347 ullius
1731 5308 1858 5364 compro-

1052 5369 1180 5426 vincialis
1196 5373 1279 5428 vostri
1304 5375 1458 5448 coepiscopi
1480 5378 1505 5432 ei
1532 5394 1588 5432 non
1617 5378 1699 5436 liceat
1719 5379 1858 5437 immorari

1051 5461 1267 5533 parochia.Na1n
1278 5466 1859 5544 exNicaenodidicimusconcilio(Gon.5),

1049 5547 1149 5620 ejectos
1163 5552 1198 5608 ab
1211 5552 1274 5609 aliis
1289 5554 1372 5626 recipi
1397 5571 1452 5611 non
1474 5555 1583 5614 debere.
1614 5559 1729 5616 bladum
1754 5570 1857 5626 autem,
