3834 6136
126 191 193 279 aie
829 219 1160 279 USUARDIMONACHI
1748 218 1802 276 mo

62 318 69 329 ⁵
140 346 310 406 Theoderico
322 348 357 404 ad
375 347 459 402 verba
478 346 627 401 Hermian.
655 345 746 401 solnm
770 344 815 401 hic
837 344 937 401 addit:
956 345 1075 414 Avino,
1088 344 1176 402 sancti
1195 342 1347 400 ‘theobaldi
1369 342 1543 425 contessoris.
1559 368 1582 424 υ,
1595 344 1634 424 lte
1648 343 1798 426 beonorio,

146 441 156 466 ι
172 419 354 475 Theudorici:
371 417 498 491 idemque
510 432 559 472 reri
570 423 695 473 sanctum
706 416 830 472 defuncti
840 434 888 474 cor
909 434 941 474 us
996 425 1133 489 utsupra.
1147 417 1216 472 Deni
1237 433 1286 471 ue:
1309 439 1320 496 ⁴.
1334 415 1476 497 Arvernis,
1489 414 1625 485 depositio
1637 413 1711 469 beati
1723 413 1800 472 Galli

140 490 259 565 propriis
277 488 399 545 humeris
413 487 447 544 ad
461 488 619 560 sepulcrum
638 489 744 545 evexit.
763 487 866 544 Eodem
882 434 939 556 die,
994 488 1116 570 episcopi
1130 497 1157 545 et
1172 433 1368 545 conlusore·
1391 486 1463 546 Vide
1477 486 1511 544 de
1526 486 1605 543 Gallo
1620 487 1701 559 plura
1713 502 1796 561 supe·

140 560 299 618 solemnitas
312 567 413 617 sanctae
427 560 549 632 Regiam,
566 576 626 632 qua
651 560 769 633 quiescit
791 561 864 631 apud
879 560 940 615 Va·
995 577 1064 617 rius.

140 631 267 693 lencenas
280 632 310 689 iii
326 632 455 689 Douonio
471 631 648 688 monasterio.
669 633 700 688 ln
715 631 858 688 territorio
873 632 940 687 Pru·

862 783 1070 799 ——w-

140 838 276 906 vinos!
1701 848 1754 904 nn
1768 849 1796 908 2.

175 938 279 1005 Romae,
292 936 339 993 via
353 934 477 1004 Aurelia,
494 933 595 990 natalis
609 941 768 991 sanctorum
782 934 905 992 Processi
926 943 953 993 et
972 935 1142 1005 blartiniani‚
1159 935 1208 1009 qni
1224 935 1333 992 abeato
1350 936 1431 992 Petro
1445 933 1570 1007 apostolo
1583 932 1728 1007 baptizati,
1749 938 1801 996 siib

138 1027 246 1084 Nerone
259 1035 350 1083 autem
364 1025 420 1083 oris
434 1023 637 1092 contusionem,
653 1024 812 1098 equuleum,
833 1040 943 1095 nervos,
960 1026 1056 1095 fustes,
1072 1025 1207 1095 dammas,
1220 1025 1378 1098 scorpiones
1392 1023 1524 1098 perpessi,
1540 1025 1693 1083 novissime
1708 1027 1801 1100 gladio

139 1113 202 1170 caesi
224 1114 360 1188 martyrio
380 1121 557 1170 coronantur.
574 1115 636 1186 lpso
659 1113 714 1183 die,
730 1121 887 1171 sanctorum
902 1116 986 1172 trium
1004 1117 1136 1185 militum,
1151 1117 1198 1191 qni
1214 1134 1276 1173 cum
1293 1116 1372 1172 beato
1391 1114 1476 1172 Paulo
1495 1116 1619 1188 apostolo
1635 1117 1709 1188 passi
1722 1126 1799 1175 sunt.

139 1204 218 1275 Item,
238 1213 395 1263 sanctorum
411 1211 565 1278 martyrum
581 1204 730 1274 Aristonis,
747 1205 946 1274 Crescentiani,
962 1205 1113 1275 Euticiani,
1132 1205 1246 1273 Urbani,
1262 1204 1373 1273 Vitatis,
1394 1204 1475 1272 iusti,
1491 1202 1673 1272 Felicissimi,
1687 1205 1799 1276 Felicis,

139 1293 254 1364 llartia,
268 1302 296 1351 et
309 1295 513 1369 symphorosae,
528 1296 576 1369 qui
598 1311 693 1354 omnes
707 1296 780 1367 apud
796 1297 974 1368 Campaniam
991 1294 1111 1366 glorioso
1126 1294 1260 1370 martyrio
1274 1295 1400 1353 coronati
1415 1301 1488 1351 sniit.
1507 1292 1638 1363 Turonis,
1661 1291 1801 1366 depositio

139 1391 241 1441 mactae
255 1385 436 1459 bioneguudis
448 1384 583 1458 religiosa
599 1383 759 1459 [Bouittart.
775 1397 787 1423 ⁸
802 1387 859 1442 Deo
875 1384 1008 1456 sacratui

910 1509 1028 1567 NOTAE.

173 1609 215 1664 lta
228 1606 355 1666 scribunt
367 1608 489 1676 Pruna,
504 1608 654 1678 Herinicn,
674 1609 832 1677 normam,
844 1607 988 1681 Antuerp„
1002 1608 1194 1668 biom-Licin.
1206 1615 1234 1665 et
1247 1609 1349 1667 Melan.
1364 1606 1534 1682 Adjnngitur
1548 1609 1630 1666 etiarn
1645 1610 1744 1667 Donic

172 1764 184 1790 ⁸
203 1752 280 1808 llanc
296 1750 401 1806 codicis
415 1748 553 1805 Pratensis
563 1749 720 1818 lectionem,
736 1756 833 1806 sancta
847 1752 937 1807 Mone-
991 1768 1048 1805 sam
1063 1751 1167 1821 legunt,
1181 1751 1277 1808 timuit
1292 1752 1380 1808 nevel
1397 1751 1426 1808 iii
1441 1750 1523 1809 rebus
1537 1750 1621 1809 nihili
1636 1751 1797 1812 Pratensem

136 1824 231 1892 quadis
239 1823 293 1877 Dec
300 1827 421 1888 sacrata,
432 1820 564 1876 Sollerius
574 1821 700 1891 optimam
710 1837 767 1878 csse
776 1822 937 1880 confitetur.

135 1880 189 1953 bed
203 1894 269 1968 quia
283 1891 454 1950 lleriniensis
468 1900 495 1948 et
509 1892 691 1950 Toiaacensis
705 1893 816 1950 codices
830 1894 936 1965 reticio-

990 1823 1153 1880 antetulisse
1168 1823 1321 1880 videretur.

744 2018 948 2077 VAltlANTES
966 2021 1171 2081 LECt'lONES.

170 2133 308 2201 Emiieum,
334 2131 453 2200 Marcia,
484 2132 669 2204 Simpliorosoe,
700 2133 876 2202 Felicissimi,
909 2135 935 2190 ei
950 2124 974 2184 Β
989 2123 1197 2196 ῑΠθΓΡ··Μᾶ1ὈΓθ
1230 2131 1258 2179 θῑ
1286 2123 1433 2195 R0ssweld·
1468 2122 1534 2194 legit
1562 2139 1568 2179 ἲ
1598 2124 1655 2179 ⁰0⁰
1683 2131 1799 2182 mmm

135 2203 296 2332 Ankesmodi
306 2204 360 2260 alia
374 2203 497 2261 indicare
512 2204 638 2262 sufficiat.
656 2205 791 2277 Antuerp.
805 2214 832 2262 et
846 2207 934 2262 Maii.-

134 2275 176 2333 Lu
196 2292 236 2332 ec.
261 2293 323 2332 cnm
339 2276 400 2332 aliis
424 2277 551 2333 secunda
570 2284 643 2332 notae
659 2277 813 2345 codicibus,
839 2279 936 2350 legunt

134 2349 342 2420 scorpionesque.
363 2348 444 2406 Solus
464 2349 589 2404 blolanus
604 2350 723 2420 procris
746 2350 936 2417 contusionem,

135 2418 227 2492 posuit
240 2421 443 2476 concussionem.
460 2422 528 2476 ltein
543 2429 616 2477 recte
626 2422 748 2478 correxit
762 2421 935 2493 Eutychiani,

135 2491 182 2548 sed
204 2508 254 2548 nos
268 2492 377 2549 codices
399 2491 522 2620 reliquos
536 2493 688 2565 sequimur,
705 2494 734 2548 in
750 2492 850 2564 quibus
865 2509 937 2550 coii-

135 2571 240 2620 stanter
255 2563 401 2620 liuticiaiii.
418 2565 459 2620 Du
483 2564 538 2620 iuni
554 2573 596 2621 est
609 2565 681 2621 circa
697 2564 820 2626 titulum,
837 2565 937 2621 bione-

135 2633 220 2707 gundi
234 2635 438 2692 ascribendum.
464 2635 573 2691 Praten.
599 2652 662 2692 cum
678 2636 746 2704 suis,
769 2651 867 2708 nempe
882 2638 937 2691 An·

989 2193 1099 2264 Optime
1111 2195 1234 2268 quidem,
1249 2194 1297 2251 sed
1311 2211 1363 2251 nos
1376 2211 1440 2251 cum
1457 2193 1614 2262 Herinien.,
1625 2195 1796 2266 Turnacum,

991 2273 1018 2321 et
1032 2266 1150 2322 Greven.
1161 2266 1301 2339 religiosa,
1318 2267 1365 2323 ubi
1381 2267 1537 2322 addendum
1551 2274 1623 2323 esset
1632 2283 1697 2325 cnm
1711 2269 1793 2325 baro

991 2339 1049 2406 nio,
1064 2338 1178 2409 semina.
1194 2341 1235 2394 'l'u
1250 2338 1431 2411 praeterquod
1447 2338 1534 2420 magis
1548 2340 1695 2420 placuerit,
1711 2341 1795 2398 modo

991 2427 1026 2466 ne
1041 2428 1104 2466 cuni
1120 2412 1230 2467 ldolano
1248 2418 1275 2466 et
1298 2409 1441 2466 codicibus
1455 2412 1570 2483 reliquis
1584 2427 1709 2484 apponas
1731 2413 1798 2468 lau-

991 2500 1065 2539 ream
1089 2483 1216 2554 Virginis,
1232 2499 1292 2555 qnae
1314 2481 1415 2551 viduae,
1432 2481 1549 2539 duarum
1562 2482 1684 2542 filiarum
1700 2484 1796 2554 matri,

992 2556 1109 2612 minime
1121 2554 1264 2613 convenit.

810 2756 1113 2817 OBSERVATIONES.

169 2856 288 2913 illustris
297 2863 339 2913 est
352 2856 381 2912 iii
394 2854 612 2912 Sacramentario
623 2855 757 2929 Gregorii,
769 2873 819 2914 nec
832 2874 886 2913 non
903 2856 932 2912 in

132 2927 307 2986 Kalendariis
316 2927 350 3000 ab
365 2927 469 2983 Atlatio
480 2935 508 2981 et
518 2928 656 2983 Frontone
666 2927 759 2995 editis,
771 2937 853 3002 atque
866 2930 931 2985 item

132 2998 202 3083 apud
216 2999 346 3072 antiquos
355 2999 554 3071 Martyrologos
568 3014 674 3067 omnes,
688 3001 809 3055 Processi
822 3002 932 3058 citiar-

133 3071 229 3127 iiniani
241 3070 296 3127 hoc
310 3070 355 3127 die
371 3070 513 3134 memoria,
527 3070 690 3143 simpliciter
704 3078 731 3126 et
746 3079 844 3128 recten
858 3071 932 3128 Reda

131 3142 292 3216 praedicata.
308 3143 417 3199 auctius
435 3159 450 3198 a
470 3141 591 3208 itabano,
603 3143 650 3198 sed
669 3143 846 3200 tacitaetiam
860 3159 930 3200 mar-

131 3215 198 3287 tyrii
213 3221 241 3271 et
255 3216 402 3287 sepulturas
416 3214 487 3270 loco.
502 3213 699 3271 Difficultatcm
722 3215 850 3286 ingerunt
864 3216 929 3272 llic·

130 3286 318 3358 ronymianaa

130 3358 305 3426 collocantis,
319 3303 403 3415 Eodie
419 3374 485 3416 vero
504 3357 670 3415 scribentis:
687 3360 788 3428 Roma,
811 3360 932 3428 itamari,

130 3439 173 3488 etc
190 3475 196 3486 .
212 3430 278 3497 Quae
295 3431 499 3487 Florentinium
524 3429 673 3504 ancipitem
701 3429 831 3500 reddunt,
848 3448 883 3487 an
897 3432 932 3489 de

129 3502 240 3557 Damasi
254 3503 408 3569 cemeterio,
422 3518 458 3558 an
472 3501 507 3557 dc
520 3511 615 3558 sancto
631 3501 725 3574 aliquo
741 3504 859 3561 Damaso
871 3520 932 3577 aga·

130 3580 185 3629 tur.
198 3572 303 3629 Crescit
311 3573 385 3644 apud
393 3573 472 3628 illum
488 3587 523 3627 eir
537 3573 634 3628 Adone
646 3574 824 3645 perplexitas,
839 3576 888 3647 qui
903 3575 932 3631 in

129 3642 696 3715 Martyrologiosanctosillosincoemctcrio
705 3645 930 3716 Damasistatuit,

129 3730 191 3770 cuni
204 3721 296 3768 tamen
314 3713 342 3768 iii
357 3713 555 3769 festivitatibus
573 3714 761 3785 apostolorum
778 3717 931 3774 clarissime

130 3784 268 3854 exprimat
282 3784 353 3839 viam
368 3785 518 3853 Aureliam,
532 3785 668 3857 apraetato
680 3788 836 3843 camaterio
851 3789 931 3861 longe

130 3855 265 3913 dissitam.
278 3855 447 3915 Crediderim
459 3873 520 3929 ego,
533 3872 653 3912 errorem
663 3873 698 3912 ex
712 3858 834 3915 Romano
846 3876 939 3932 parvo*

129 3942 279 3995 emanasse,
292 3928 369 4055 ,de
383 3927 548 3984 Viennensis
563 3928 592 3983 iii
608 3929 806 4002 Martyrologio
820 3941 930 3988 secutus

129 3998 221 4055 luerit.
236 3999 291 4054 Pru
312 3999 402 4055 entier
416 3998 556 4056 Usuardus
570 4015 605 4054 eii
620 3999 715 4055 libello
729 4000 762 4057 de
777 4003 931 4059 Festivita-

128 4069 204 4125 tibus
218 4077 304 4126 totam
319 4071 645 4127 suamaniiuntiationem
656 4070 727 4128 belle
739 4074 928 4132 concinnavit.

128 4142 213 4196 Porro
223 4157 258 4196 an
287 4139 419 4198 ositiones
431 4142 487 4198 illa
496 4143 591 4211 varia,
602 4144 797 4202 translationes
807 4147 851 4202 vel
862 4147 929 4220 quid

127 4211 221 4295 simile
234 4158 366 4282 indicent,
382 4214 565 4287 opportunius
585 4215 613 4270 in
636 4215 714 4273 Actis
728 4215 927 4286 discutiemus;

125 4299 181 4355 Jain
193 4282 268 4341 dicta
278 4302 327 4357 pro
337 4288 464 4358 praesenti
474 4287 602 4343 instituto
611 4287 763 4344 sufficiunt.
775 4289 929 4347 Verbulum

127 4353 228 4413 ad'icio
240 4356 273 4414 de
284 4357 478 4431 predictorum
496 4366 649 4432 martyrum
665 4360 753 4428 Actis,
768 4377 828 4433 que
848 4380 877 4417 eo
890 4364 930 4435 A·

127 4372 230 4484 deliaco
239 4447 292 4485 csse
301 4431 407 4502 putauit
418 4430 563 4499 baronius,
574 4430 608 4488 ad
618 4447 721 4486 annum
736 4449 837 4503 invni,
849 4450 926 4492 num.

127 4497 172 4562 il.
201 4517 252 4582 qno
278 4502 401 4559 breuiora
424 4509 580 4559 noscuntur.
608 4502 798 4560 Hensclienius
821 4506 855 4562 ad
881 4523 929 4563 iiiii

126 4569 218 4627 Martii
238 4575 400 4646 perantiqua
425 4575 543 4632 censuit.
564 4574 654 4631 Aliter
674 4576 754 4657 plane
779 4576 929 4648 opinantur

339 3285 469 3359 ograpba,
486 3285 520 3342 ad
532 3302 603 3342 xxxi
617 3286 682 3342 Maii
703 3287 750 3343 Via
760 3287 930 3370 Aureliaeos
945 3303 968 3364 ρ
986 3285 1090 3342 baiensi
1110 3291 1137 3339 et

987 2856 1111 2913 Romano
1138 2867 1224 2925 parvo
1247 2850 1381 2924 expressi.
1407 2852 1486 2909 Hand
1515 2851 1633 2910 dubium
1656 2862 1710 2924 est,
1764 2857 1796 2915 iu

986 2926 1078 2984 Adoni
1113 2924 1275 2981 raeluiierint
1287 2932 1362 2996 gesta
1376 2926 1463 2981 sancti
1475 2925 1630 2982 Sebastiani
1645 2926 1740 3000 in'qui
1762 2947 1795 2987 us

988 2997 1064 3072 (vide
1088 2943 1157 3053 Xois
1184 3005 1278 3052 nostra
1306 3013 1366 3068 cap.
1385 2997 1427 3067 xi)
1444 2996 1617 3070 singulorum
1647 2997 1750 3056 borurii
1766 3008 1794 3058 et

986 3068 1182 3126 aliorumitem
1193 3068 1308 3123 nomina
1318 3077 1525 3125 enumerantur.
1537 3069 1637 3126 Noster
1651 3069 1792 3130 bonafide

987 3142 1112 3199 Adonem
1124 3155 1252 3208 sequens,
1261 3147 1370 3196 textum
1381 3140 1440 3211 ejus
1449 3141 1626 3197 immutatum
1636 3141 1694 3199 buc
1704 3151 1792 3202 trans·

986 3214 1062 3270 tulit.
1077 3213 1283 3339 disceptatum,
1299 3228 1347 3267 seii
1362 3212 1455 3283 potius
1467 3214 1657 3283 Monegundem
1672 3213 1702 3270 iii
1718 3215 1794 3274 Cor-

1181 3283 1276 3341 ucensi
1299 3283 1407 3353 reterri,
1427 3293 1505 3340 notat
1519 3285 1721 3356 Florentinius,
1736 3305 1792 3346 noii

987 3365 1078 3413 autem
1091 3356 1120 3411 in
1130 3357 1321 3413 vetustissimo
1330 3357 1543 3428 Epternacensi;
1554 3357 1794 3430 undeAntiquarii

989 3429 1088 3486 Gallici
1116 3427 1336 3484 additamentum
1356 3444 1414 3485 esse
1437 3436 1539 3485 censet.
1560 3430 1653 3497 Recte,
1680 3432 1791 3502 opinor,

986 3499 1034 3558 sed
1058 3500 1248 3556 additamenta
1271 3499 1432 3571 hujusmodi
1460 3515 1511 3556 nec
1537 3502 1565 3556 in
1592 3501 1793 3573 Epternacensi

986 3573 1056 3628 alias
1074 3573 1186 3641 desunt,
1202 3587 1279 3646 aque
1294 3571 1412 3640 Gallico,
1432 3589 1464 3629 ac
1477 3579 1544 3628 sunt
1556 3574 1715 3645 apographa
1727 3577 1792 3632 reli·

987 3660 1050 3717 qua.
1077 3644 1265 3716 Undecunque
1278 3643 1480 3714 lionegundcm
1494 3643 1637 3701 Usnardus
1652 3644 1790 3717 babuerit,

986 3723 1092 3772 certum
1122 3723 1172 3782 ost,
1198 3732 1257 3771 eain
1290 3714 1341 3770 liae
1364 3715 1408 3772 die
1432 3714 1466 3771 ab
1486 3719 1693 3784 commorari,
1709 3735 1790 3792 quam

985 3785 1151 3860 precedenti
1168 3787 1201 3843 ab
1215 3785 1312 3844 Adone
1325 3785 1461 3858 signatam
1478 3788 1516 3843 ibi
1531 3789 1789 3848 observavimusllt

985 3858 1097 3932 quidem
1114 3859 1142 3914 iii
1154 3858 1207 3915 hoc
1221 3875 1349 3932 expresse
1363 3859 1487 3932 signatur
1501 3859 1601 3916 titulus
1610 3860 1654 3914 oir
1676 3862 1735 3931 'iiis,
1746 3862 1786 3919 uti

985 3940 1013 3985 oi
1025 3947 1041 3985 a
1055 3931 1167 3987 Rabauo
1182 3930 1234 3986 bac
1248 3931 1306 4002 ipsa
1320 3929 1376 3997 die,
1393 3931 1440 3987 scd
1455 3932 1489 3986 ab
1512 3947 1543 3986 eo
1557 3932 1645 3987 Usuar
1667 3949 1700 3989 us
1714 3951 1785 4006 pru-

984 4002 1081 4058 denter
1095 4002 1240 4070 abstinuit,
1256 4002 1358 4060 blolani
1376 4002 1479 4058 idcirco
1494 4004 1674 4061 excusatione
1687 4021 1785 4079 nequa·

985 4090 1066 4147 quani
1091 4074 1232 4147 indigens,
1258 4074 1305 4147 qui
1331 4074 1360 4128 in
1375 4073 1476 4146 prioris
1490 4074 1622 4130 editionis
1637 4092 1696 4132 sue
1709 4085 1787 4134 textu

984 4162 1105 4202 errorem
1127 4162 1183 4201 non
1205 4145 1371 4202 adverterat.
1397 4147 1479 4202 Putat
1501 4147 1576 4202 enim
1598 4146 1788 4206 Florentinias

983 4217 1112 4289 uirginem
1124 4216 1218 4273 inisse.
1234 4219 1270 4274 At
1284 4216 1357 4273 eniin
1374 4232 1406 4272 eii
1429 4218 1562 4292 Gregorio
1575 4218 1741 4289 Turonensi,
1755 4221 1787 4277 ab

983 4289 992 4345 i
1014 4306 1043 4345 su
1054 4290 1150 4357 citato,
1165 4287 1214 4345 sed
1229 4305 1285 4344 non
1300 4289 1437 4356 consulto,
1453 4289 1553 4345 melius
1566 4289 1662 4346 doceri
1687 4292 1786 4364 potuit.

1009 4378 1026 4417 n
1041 4361 1213 4422 Flori0verba
1228 4378 1263 4417 ex
1280 4359 1392 4416 laudato
1406 4360 1538 4431 Gregorio
1548 4361 1732 4432 probabiliter
1747 4380 1785 4420 ac-

983 4441 1083 4515 cepta:
1118 4433 1242 4499 Turonis,
1272 4438 1368 4488 sancta
1390 4433 1571 4504 Monegundis,
1599 4450 1659 4503 qna
1686 4435 1785 4491 duabsu

982 4505 1089 4578 filiabus
1110 4505 1214 4572 orbata,
1236 4511 1323 4576 spreto
1350 4504 1404 4559 oiri
1428 4505 1571 4571 consortio,
1592 4505 1628 4561 ad
1652 4506 1786 4563 Christum

982 4577 1152 4633 convolavit:
1170 4576 1244 4646 cujus
1267 4593 1358 4631 amore
1378 4576 1407 4630 in
1432 4594 1519 4647 paroc
1541 4578 1639 4633 cellula
1662 4595 1690 4633 se
1704 4581 1785 4635 reclu-

126 4643 303 4713 recentiores,
315 4654 346 4702 ut
361 4646 425 4703 vide
435 4647 507 4719 apud
522 4646 731 4702 Tillemontium
745 4655 820 4704 tomo
831 4650 852 4717 l,
865 4666 924 4721 pag.
944 4649 1054 4731 oderis,
1085 4648 1180 4703 ibidem
1208 4664 1305 4718 magna
1330 4647 1426 4702 enituit
1450 4648 1620 4716 abstinentia,
1645 4656 1671 4704 ct
1691 4658 1753 4706 ante
1766 4656 1786 4705 et

129 4712 179 4768 179
189 4720 216 4768 et
225 4714 287 4771 532.
300 4716 373 4783 Quid
381 4717 461 4774 nobis
472 4718 607 4783 videatur,
621 4716 745 4775 dicemus
755 4722 924 4792 propediem.

126 4781 172 4839 Sic
187 4783 400 4842 wandalbertus
412 4789 534 4844 carmine
549 4788 625 4844 lusit.

189 4855 329 4905 Processus
344 4866 429 4906 stillas
442 4861 536 4906 retinet
548 4873 606 4906 cuni
621 4858 775 4907 llurtiniuno

190 4918 288 4978 Nonas,
303 4921 417 4982 martyrii
438 4922 495 4969 laeto
512 4920 652 4969 irradiante
667 4921 771 4973 decore.

161 4999 261 5057 Milites
273 5005 334 5064 tres,
346 5000 471 5073 Apostoli
482 5000 560 5055 Pauli
575 5000 654 5070 socii,
672 5018 688 5057 a
703 5003 826 5060 Romano
842 5019 927 5076 parvo

125 5070 247 5198 Erimum
265 5073 419 5148 consignati
433 5081 507 5141 sunt,
524 5072 650 5130 undeeos
660 5074 764 5156 accepit
775 5074 846 5143 Ado,
858 5086 882 5133 et
894 5092 928 5132 ex

146 5159 176 5199 oc
190 5152 283 5202 noster
297 5162 346 5203 sua
360 5146 453 5203 oiiinia
467 5144 502 5201 ad
517 5144 632 5200 verbum
649 5144 805 5218 descripsit.
823 5149 866 5204 Ex
883 5164 926 5204 eo·

125 5212 188 5270 dem
212 5216 289 5273 toute
307 5219 460 5291 procedunt
484 5223 614 5288 martyres
628 5226 773 5291 sequentes
788 5220 883 5285 decem,
897 5220 927 5275 in

125 5282 274 5359 Campania
303 5291 440 5356 coronati,
464 5289 511 5346 sed
533 5305 588 5345 non
609 5304 705 5346 omnes
728 5292 928 5349 nominatima

981 4727 1041 4801 post
1056 4720 1198 4775 tiunsitum
1219 4718 1248 4773 in
1262 4719 1431 4773 multitudine
1454 4720 1658 4777 miraculorum.
1683 4720 1785 4779 Censeo

984 4799 1074 4863 itaque
1101 4789 1256 4846 Usiiardum
1272 4790 1382 4861 scripsit
1403 4791 1545 4861 religiosa,
1567 4792 1610 4846 vel
1629 4791 1653 4847 si
1673 4793 1713 4848 ita
1735 4794 1784 4860 vis,

981 4864 1036 4919 Deo
1050 4868 1173 4929 sacratu,
1189 4871 1316 4933 utsupra
1332 4861 1500 4918 notavimus.
1522 4862 1561 4919 Ne
1582 4879 1616 4918 ue
1630 4864 1785 4921 audiendus

982 4933 1215 5015 Alolauus,·quiin
1232 4933 1430 5005 posterioribus
1447 4879 1627 4990 editionibus.
1640 4935 1785 4992 observato

981 5021 1072 5061 errore
1087 5022 1194 5078 priiiiie,
1219 5012 1297 5076 putat
1320 5005 1448 5073 iiiipiiicm
1468 5005 1524 5062 dici
1543 5022 1638 5132 posse,
1660 5023 1694 5063 eo
1714 5006 1787 5082 quod

982 5077 1202 5134 sanctimonialis
1230 5076 1322 5133 inerit.
1344 5077 1527 5147 blonegundis
1569 5077 1636 5133 itam
1652 5094 1687 5133 ex
1703 5080 1784 5151 Greg.

982 5149 1084 5205 Turon.
1095 5149 1128 5206 de
1138 5149 1194 5205 Vit.
1204 5149 1315 5205 Patrum
1326 5165 1386 5220 cap.
1402 5150 1435 5205 19
1448 5148 1536 5205 edidit
1547 5148 1600 5205 lioc
1610 5148 1656 5206 die
1666 5149 1767 5207 Sarius
1778 5169 1784 5207 :
1829 5200 1835 5225 ,

983 5219 1046 5276 addi
1072 5228 1162 5293 potest
1189 5237 1248 5292 cap.
1278 5219 1313 5276 ii
1340 5219 1375 5275 de
1388 5219 1482 5276 Gloria
1497 5220 1709 5291 confessorum
1726 5239 1787 5296 quaa

983 5293 1077 5348 omnia
1089 5292 1244 5350 accuratius
1258 5292 1287 5347 in
1303 5292 1372 5348 actis
1387 5292 1610 5349 illustrabuntur.

855 5421 1047 5479 Antinum.

162 5514 385 5594 Auream-Mai.
398 5516 427 5573 in
441 5518 497 5576 fine
512 5518 602 5577 textui
618 5519 795 5590 superaddit:
820 5519 925 5591 «Apud

124 5583 307 5666 occidentales
318 5585 450 5656 Saxones,
465 5591 579 5648 civitate
593 5591 704 5658 Wenta,
715 5590 853 5663 depositio
864 5607 924 5647 saii-

123 5663 161 5714 cti
175 5654 326 5712 suvithuni
342 5657 465 5715 mirifica
479 5663 635 5720 sanctitatis
650 5663 714 5720 viri.
731 5688 740 5712 ι

70 5783 73 5788 ,
159 5728 307 5785 Rosniiiio.
328 5729 423 5786 omisit
436 5735 656 5792 enuntiationem
680 5735 767 5792 triani
785 5735 918 5792 militum.

978 5537 1045 5647 nos,s
1053 5520 1168 5603 civitate
1184 5520 1294 5589 Wenta,
1311 5520 1448 5594 depositio
1464 5518 1598 5577 Svitbuui
1618 5519 1745 5593 episcopi
1760 5530 1788 5578 et

978 5609 1173 5720 coffigffirlnsu.
1184 5681 1269 5736 purus
1278 5672 1319 5722 est
1329 5681 1416 5748 usqae
1429 5664 1474 5733 ad,
1487 5665 1603 5736 quicum
1612 5664 1687 5720 beato
1697 5666 1789 5722 Panto

976 5736 1104 5806 Apostoto
1126 5739 1247 5793 coronati
1273 5742 1345 5804 sunt,
1371 5737 1519 5794 inclusive.
1542 5738 1652 5795 Desunt
1674 5737 1789 5812 reliqua

122 5798 159 5858 Et
171 5800 202 5858 iii
216 5798 272 5859 tine
286 5798 370 5860 etiam
383 5799 467 5863 habet
482 5821 489 5862 ι
512 5803 619 5880 «Aput
639 5805 824 5869 occidentales
838 5807 923 5868 Saxo·
977 5807 1084 5878 omnia,
1100 5815 1132 5865 nt
1145 5808 1213 5867 alibi
1223 5825 1295 5884 sape
1308 5807 1413 5867 deficit.
