3834 6136
59 213 131 273 10θὸ

655 216 834 274 OPUSCULA
853 217 899 274 111
919 217 1112 275 EPlSTOLAE.

1640 222 1709 284 tttt

55 383 112 440 tus,
128 369 202 427 nihil
223 386 272 442 per
291 371 496 430 contentionem
520 381 639 446 agentes,
656 374 703 430 sed
718 376 751 430 ad
771 388 852 431 omne
867 377 893 437 A
911 377 957 431 Ea
973 376 1071 431 Grecis
1083 381 1108 432 et
1122 376 1224 433 batiola
1238 373 1393 448 canoallns,
1409 382 1433 434 et
1448 380 1554 450 synodis
1569 377 1707 455 hamonis,

56 460 181 520 studium
201 459 359 517 devotionis
374 464 519 519 unanimes
533 463 637 520 divinis
658 472 686 520 et
699 464 858 538 apostolicis

55 550 306 609 constitutionibus
322 551 451 622 pareatis.
473 577 482 601 ι

56 667 90 722 itt
103 663 287 720 nemetiam
302 665 403 719 Aniceti
412 677 489 736 papa
501 665 532 720 de
545 666 755 738 metropolitains
770 673 858 722 conta·

109 736 239 800 maridas,
255 735 301 805 qai
316 735 372 806 fait
384 739 475 791 tertiat
489 737 602 792 balmas
615 745 672 809 past
684 740 804 795 Petram.

91 840 219 910 Epistola
226 839 315 894 stairo.
327 839 501 911 ‹lpseautem
513 840 735 913 archiepiscopus
746 841 817 897 nihil
826 842 859 898 de

54 928 285 1000 coepiscoporum
302 928 402 996 causis,
420 938 468 985 aut
479 929 542 984 aliis
556 928 760 998 communibus,
778 929 859 1001 juxta

55 1024 160 1075 statuta
175 1016 375 1087 apostolorum,
387 1017 489 1089 absque
500 1027 663 1074 cunctorum
676 1017 788 1073 illorum
799 1024 859 1090 agat

55 1106 195 1164 consilio:
214 1122 264 1161 nec
282 1105 336 1173 illi,
352 1107 405 1160 nisi
423 1114 556 1178 quantum
581 1108 616 1163 ad
632 1107 758 1180 proprias
773 1123 860 1179 paro-

55 1196 134 1253 cbias
143 1195 271 1267 pertinet,
288 1194 347 1248 sine
357 1211 416 1261 sno,
428 1196 557 1267 quoniam
573 1196 621 1251 tali
638 1195 737 1267 gaudet
751 1210 785 1251 ex
795 1211 859 1251 cun·

55 1284 153 1342 cordia
167 1282 337 1350 Altissimus,
352 1291 379 1338 et
393 1280 527 1354 gloriatur
542 1285 571 1338 in
586 1284 792 1341 membrissuis.
810 1285 859 1340 lle·

55 1374 128 1447 tiqui
149 1388 225 1440 vero,
250 1373 297 1444 qui
321 1372 387 1427 alias
404 1373 630 1444 metropolitanus
659 1371 737 1429 sedes
764 1372 857 1444 adepti

56 1472 133 1532 sunt,
150 1478 206 1518 uon
221 1461 351 1534 primates
375 1462 422 1517 sed
449 1462 653 1534 metropolitani
670 1463 857 1518 nominentur.

56 1554 87 1610 Si
106 1560 199 1608 antem
214 1550 315 1621 aliquis
330 1551 610 1621 metropolitanorum
634 1550 748 1606 inflatus
764 1551 859 1620 luerit,

56 1651 84 1698 et
114 1642 176 1696 sine
198 1639 324 1695 omnium
348 1640 625 1711 comprovincialium
646 1640 790 1712 prasentia
815 1639 859 1694 vel

946 453 1024 517 atque
1037 448 1144 503 maratis
1154 453 1298 519 proaulam
1307 468 1338 506 ua
1348 451 1501 522 principans
1517 455 1707 525 nonanoeane,

947 536 1053 600 upupa
1076 521 1200 576 Adriano
1220 523 1386 594 lngilramno
1407 523 1614 582 Mediomatricis
1634 528 1708 582 arob

947 606 1065 662 episcopo
1076 593 1201 662 prolatis.

950 697 1030 769 (Cap.
1058 698 1116 770 tt.)
1150 721 1160 746 ‹
1188 700 1286 757 Nullus
1312 703 1540 775 metropolitauus
1566 706 1711 781 episcopus

913 784 1014 859 absque
1029 797 1190 845 caeterorum
1206 791 1331 847 omnium
1350 795 1627 865 comprovincialium
1646 797 1710 870 api-

914 891 1059 947 scoporum
1070 877 1211 948 instantia,
1221 880 1376 953 aliquorum
1390 883 1485 940 audian
1493 901 1590 941 causas
1603 902 1710 957 cornui,

914 964 978 1038 quia
992 967 1072 1023 irrita
1085 976 1177 1036 erunt,
1202 970 1259 1025 imo
1273 972 1356 1027 etiarn
1371 989 1480 1030 causam
1496 974 1525 1029 in
1539 975 1647 1045 syuodo
1661 990 1711 1047 pro

914 1055 986 1112 iacto
1009 1057 1095 1114 dabit.
1119 1059 1174 1116 Nec
1196 1061 1367 1133 reliquorum
1392 1064 1494 1135 aliquis
1508 1065 1710 1136 episcoporum,
1733 1083 1734 1086 ’

913 1160 1025 1200 suorum
1041 1148 1212 1206 sacerdotum
1233 1167 1327 1206 causas
1340 1152 1445 1220 audiat,
1472 1152 1574 1225 absque
1587 1170 1711 1226 praesen·

915 1233 953 1288 tiu
972 1234 1136 1292 clericorum
1152 1250 1283 1304 suorum;
1309 1239 1374 1309 quia
1398 1240 1477 1295 irrita
1500 1241 1553 1298 erit
1573 1243 1711 1300 sententia

914 1330 1044 1403 episcopi,
1068 1332 1121 1388 nisi
1137 1335 1281 1404 presentia
1303 1336 1467 1392 clericorum
1482 1337 1672 1394 confirmetur.
1694 1363 1704 1387 ι

1117 1461 1162 1516 Ea
1174 1460 1281 1516 decretis
1295 1459 1403 1518 Eatsabii
1415 1480 1502 1536 papae.

951 1553 1051 1627 (Epist.
1065 1556 1091 1624 2,
1106 1559 1153 1613 snb
1164 1559 1265 1632 pinam.)
1289 1584 1298 1607 ι
1313 1560 1384 1617 Oves
1395 1579 1458 1635 ergo
1472 1580 1532 1635 quae
1545 1564 1648 1635 pastori
1661 1581 1711 1621 suo

913 1645 1067 1700 commissae
1093 1646 1207 1716 luerint,
1225 1665 1287 1704 enm
1312 1666 1361 1705 nec
1388 1650 1598 1723 reprehendere,
1620 1650 1713 1708 nisio

55 1728 176 1786 consilio
198 1727 404 1799 episcoporum,
429 1736 476 1782 ant
492 1744 599 1795 eornm,
615 1735 662 1782 aut
677 1728 747 1782 alias
763 1736 897 1796 causati}
914 1740 987 1789 recta
1001 1731 1055 1790 ilde
1069 1734 1278 1804 exorbitaverit,
1295 1732 1405 1805 dehent,
1416 1756 1465 1795 nec
1481 1740 1618 1795 ullatenus
1633 1757 1711 1797 acan·

57 1835 149 1893 agere,
161 1819 215 1875 nisi
231 1836 275 1874 eas
285 1824 393 1874 tantum
406 1835 465 1890 qnae
476 1821 510 1876 ad
526 1820 665 1892 propriam
678 1833 755 1874 suain
770 1818 861 1889 perti-

57 1918 129 1966 nent
143 1908 300 1982 parochiam
316 1925 404 1981 agere,
424 1917 472 1964 aut
487 1925 533 1965 eos
548 1926 662 1981 gravene
676 1909 806 1976 voluerit,
826 1907 860 1963 ab

58 1999 191 2055 omnibus
204 1999 328 2054 districte
343 1999 507 2070 corrigatur,
524 2015 557 2053 ne
572 1999 635 2054 talia
649 1998 778 2069 deinceps
794 2012 860 2070 prae·

59 2104 170 2146 sumere
183 2089 292 2145 audeat.
309 2090 337 2144 Si
352 2106 418 2145 vero
438 2089 637 2160 incorrigibilis
658 2089 752 2160 eisque
768 2088 859 2143 inobe-

57 2179 140 2235 diens
161 2179 330 2250 apparuerit,
354 2177 386 2232 ad
403 2177 475 2233 hanc
493 2178 671 2250 apostolicam
688 2177 792 2244 sedem,
812 2174 860 2232 cui

58 2266 155 2324 omnia
165 2267 355 2339 episcoporum
368 2267 630 2338 jndiciaterruinare
641 2271 859 2337 praeceptasunt,

59 2356 120 2429 ejus
133 2357 310 2414 contumacia
326 2358 468 2425 referatur,
485 2364 516 2412 ut
529 2356 654 2412 vindicta
669 2356 702 2411 de
718 2370 749 2410 eo
764 2354 822 2422 fiat,
835 2361 861 2423 et

58 2448 151 2503 caeteri
167 2445 296 2502 timorem
321 2446 450 2502 habeant.
467 2446 494 2502 Si
511 2455 601 2502 autem
618 2453 728 2516 propter
743 2443 860 2498 nimiam

59 2535 305 2609 longinquitatem,
321 2543 368 2592 aut
383 2535 517 2608 temporis
533 2535 799 2601 incommoditatem,
817 2533 861 2588 vel

60 2625 171 2681 itineris
185 2625 370 2697 asperitatem,
384 2640 465 2695 grave
479 2623 513 2680 ad
528 2623 599 2680 hana
618 2624 711 2679 sedem
726 2622 785 2693 ejus
799 2637 861 2678 can·

59 2731 119 2772 sam
135 2714 241 2771 deferre
256 2715 349 2783 fuerit,
366 2724 432 2772 tuuc
448 2714 481 2770 ad
492 2714 551 2786 ejus
562 2715 706 2788 primatem
721 2728 802 2769 causa
816 2712 862 2767 de·

60 2805 177 2873 feratur,
197 2811 224 2861 et
240 2821 322 2879 penes
336 2805 424 2877 ipsum
439 2805 522 2878 hujus
537 2813 637 2861 sanctae
657 2804 730 2859 sedis
744 2799 862 2858 auctori·

60 2905 120 2953 tate
128 2895 279 2967 iudicetur.
296 2895 441 2964 Similiter,
451 2896 473 2951 si
485 2897 586 2968 aliquis
600 2896 790 2966 episcopomm
802 2904 862 2962 pro·

60 2988 156 3061 prium
182 2987 424 3060 metropolitanum
441 2992 596 3057 suspectum
627 2982 764 3048 habuerit,
790 2978 862 3051 apud

915 1837 974 1877 sare
987 1828 1101 1894 possunt
1113 1840 1119 1891 ;
1131 1825 1197 1896 quia
1211 1826 1285 1882 iacta
1295 1836 1437 1897 pastorum
1446 1828 1502 1884 oris
1512 1826 1602 1901 gladio
1613 1826 1713 1887 lerien-

915 1911 949 1966 da
964 1927 1019 1965 nun
1029 1920 1103 1980 suut,
1115 1929 1273 1985 quanquam
1285 1924 1358 1971 recte
1368 1917 1712 1988 reprehendendavidean·

915 2006 970 2055 tur.
987 1999 1051 2056 ideo
1066 2001 1120 2056 ista
1135 2001 1265 2070 dicimus,
1282 2005 1346 2075 quia
1361 2005 1511 2077 inscriptis
1524 2008 1624 2061 vestris
1639 2023 1713 2078 repe·

915 2089 1003 2144 rimus
1027 2090 1159 2161 quosdam
1190 2091 1333 2163 episcopos
1360 2093 1460 2149 vestris
1487 2095 1515 2148 ln
1546 2094 1670 2165 partibus
1698 2111 1714 2150 a

916 2179 1035 2249 propriis
1049 2179 1150 2235 ovibus
1167 2189 1321 2249 accusatos,
1337 2183 1444 2253 aliquos
1462 2183 1593 2241 videlicet
1613 2199 1648 2239 ex
1662 2201 1714 2240 su-

916 2265 1048 2336 spicione,
1059 2273 1086 2321 et
1094 2266 1201 2339 aliquos
1211 2284 1245 2322 ex
1260 2277 1333 2337 certa
1344 2271 1450 2326 ratione
1462 2289 1468 2326 :
1479 2269 1618 2327 etidcirco
1626 2289 1715 2344 quos·

916 2354 978 2410 dam
1003 2357 1060 2411 suis
1080 2372 1137 2412 esse
1162 2357 1244 2412 rebus
1266 2360 1443 2429 exspoliatos,
1464 2360 1596 2430 quosdam
1618 2375 1715 2416 veroa

916 2444 1027 2516 propria
1049 2444 1112 2501 sede
1129 2447 1232 2518 pulsos.
1249 2446 1324 2513 Quos
1341 2447 1436 2504 sciatis
1452 2463 1503 2505 nec
1525 2447 1559 2503 sd
1575 2448 1714 2520 synodum

916 2535 1189 2607 comprovincialem,
1213 2552 1264 2591 nec
1285 2535 1319 2591 ad
1338 2536 1491 2606 generalem
1515 2552 1594 2607 posse
1610 2537 1716 2604 vocari,

916 2639 967 2679 nec
990 2623 1019 2677 in
1038 2624 1144 2696 aliquid
1163 2622 1296 2695 judicari,
1321 2632 1467 2696 autequam
1488 2633 1588 2701 cuncta
1602 2641 1662 2699 quae
1676 2625 1717 2683 eia

916 2711 1024 2767 sublata
1035 2720 1102 2767 sunt
1117 2713 1222 2785 legibus
1232 2714 1361 2786 potestati
1376 2729 1472 2769 eorum
1482 2712 1714 2787 redintegrantur.

917 2800 996 2856 Prius
1010 2817 1074 2872 ergo
1098 2811 1205 2874 oportet
1219 2802 1314 2858 omnia
1329 2801 1386 2857 illis
1402 2801 1508 2873 legibus
1521 2802 1715 2875 redintegrari,

917 2899 944 2947 et
958 2891 1087 2948 ecclesias
1102 2907 1162 2964 quae
1176 2892 1229 2948 sibi
1245 2893 1359 2948 sublatae
1373 2902 1520 2959 sunt,curn
1534 2896 1610 2949 omni
1624 2895 1719 2966 privi-

917 2980 990 3052 legio
1012 2997 1061 3036 suo
1083 2981 1203 3037 restitui.
1230 2982 1266 3036 Et
1279 2981 1456 3052 postmodum
1472 2998 1528 3037 uon
1542 2981 1594 3037 snb
1606 2983 1717 3054 angusti

61 3077 214 3150 primatem
227 3074 385 3143 dioceseos,
402 3084 449 3130 out
464 3073 536 3145 opud
551 3073 621 3129 hanc
634 3070 814 3144 apostolicam
823 3081 863 3123 se·
880 3089 903 3150 ρ
917 3069 1049 3141 temporis
1068 3069 1168 3141 spatio,
1183 3070 1230 3125 sed
1253 3077 1361 3124 mutum
1379 3068 1512 3139 temporis
1532 3069 1652 3138 spatium
1677 3071 1718 3125 eis

60 3165 129 3221 dem
153 3162 285 3220 audiatur.
311 3163 364 3230 Qui
383 3161 471 3233 major
493 3168 533 3216 est
557 3165 690 3226 vestram,
710 3155 863 3213 secundum
919 3160 1105 3232 indulgeatur,
1114 3168 1248 3232 quantum
1257 3158 1404 3231 exspoliati
1420 3160 1464 3216 vei
1473 3157 1585 3241 ¹expulsi
1601 3173 1659 3215 ease
1669 3159 1718 3215 vi·-

61 3251 454 3324 Dominicamjnssioneni,sit
467 3258 556 3307 vester
567 3250 694 3305 minister
705 3266 712 3314 ;
724 3251 865 3318 alquanto
918 3251 1030 3319 dentur,
1055 3257 1200 3321 numquam
1215 3248 1249 3305 ad
1269 3249 1408 3320 synodum
1424 3257 1621 3317 convocentur,
1639 3259 1666 3305 et
1683 3250 1717 3305 ub

60 3340 156 3412 major
168 3358 196 3397 es
210 3343 238 3397 in
254 3343 382 3398 omnihus
398 3341 515 3397 humilia
538 3339 668 3409 teipsum.
690 3332 864 3402 Charissiiui,
919 3339 1048 3395 omnibus
1063 3337 1178 3412 quisque
1188 3354 1244 3392 suae
1259 3338 1410 3408 provincias
1425 3337 1559 3410 episcopis
1576 3337 1715 3394 audiatur.

60 3431 152 3489 nolite
166 3431 238 3487 iuter
252 3448 302 3487 vos
315 3429 490 3496 contendere,
508 3433 674 3498 necquaerat
687 3424 788 3494 aliquis
801 3439 865 3478 ma·
918 3430 987 3485 Nam
1016 3445 1067 3487 nee
1095 3428 1187 3485 vocari
1211 3427 1245 3483 ad
1269 3443 1390 3493 cansam,
1416 3444 1467 3484 uec
1487 3427 1607 3499 judicari
1629 3436 1718 3500 potest

58 3521 107 3594 jor
116 3536 175 3578 esse
187 3540 194 3589 ·,
206 3520 254 3576 sed
261 3521 343 3591 juxto
353 3516 529 3588 Apostolum,
545 3513 653 3585 diligite
668 3529 718 3568 vos
733 3512 864 3581 invicem,
920 3519 1088 3591 exspoliatus
1103 3517 1146 3574 vel
1161 3517 1303 3588 expulsus,
1319 3517 1383 3589 qnia
1405 3532 1461 3572 non
1484 3525 1525 3573 est
1539 3517 1717 3590 privilegium

61 3610 194 3686 qnoniam
210 3608 374 3665 charitasex
390 3609 446 3662 Deo
460 3612 515 3672 est;
531 3611 558 3661 et
568 3602 660 3659 omnis
670 3601 717 3674 qui
729 3600 821 3673 diligit
831 3615 866 3656 ex
920 3623 975 3678 qno
990 3605 1139 3678 exspoliari
1155 3605 1242 3677 possit
1253 3604 1310 3677 jam
1322 3605 1450 3662 nudatus.
1466 3606 1543 3662 Unde
1557 3614 1585 3662 et
1597 3606 1718 3678 antiqui.

61 3701 120 3757 neo
134 3709 218 3756 natus
233 3706 283 3764 est,
300 3705 326 3751 et
340 3694 481 3767 cognoscit
495 3694 582 3750 Deum
598 3709 604 3748 :
621 3708 668 3765 qui
686 3707 741 3746 nou
760 3690 864 3764 diligit,
920 3702 965 3751 tus
988 3694 1129 3751 decretum
1152 3702 1193 3752 est
1216 3701 1248 3750 ut
1262 3711 1358 3751 ornnes
1374 3695 1568 3767 possessiones,
1583 3704 1611 3751 et
1624 3695 1719 3752 omnia

61 3803 121 3847 non
133 3787 214 3844 novit
228 3788 327 3853 [leuna
343 3783 476 3858 quoniam
489 3785 563 3840 Deus
576 3780 698 3839 charitas
715 3788 765 3837 est.
787 3805 796 3830 ι
920 3785 972 3842 sibi
983 3785 1100 3854 sublata,
1119 3792 1200 3858 atque
1213 3785 1320 3842 fructus
1334 3792 1459 3855 cunctos,
1476 3794 1539 3842 ante
1555 3787 1632 3842 litem
1646 3803 1719 3842 con-

61 3904 110 3963 Ex
133 3899 243 3971 epialtla
268 3895 378 3954 Victoris
399 3912 488 3966 pupae.
517 3893 659 3963 Theophila
676 3891 866 3946 Alexandrino
920 3882 1047 3932 111313ῑὸῐῦ
1072 3881 1215 3949 1191011111ΟΓ
1234 3875 1716 3949 lelprimas1²⁰⁸³¹0⁸⁸0fimimum·

98 3972 218 4044 episcopa
247 3967 358 4032 directa,
386 3965 433 4036 gai
454 3964 509 4037 fail
525 3966 637 4036 gaialtta
664 3961 779 4017 decinam
804 3964 867 4035 poti
920 3965 956 4021 Et
970 3966 1037 4022 alibi
1052 3967 1185 4035 scriptum
1202 3966 1396 4023 habetur:llle
1409 3966 1457 4039 qui
1473 3966 1635 4022 violentiam
1650 3982 1718 4040 per-

100 4045 222 4101 Petram.
920 4055 995 4121 tulit,
1012 4049 1141 4109 universa
1155 4055 1184 4108 in
1198 4061 1273 4109 statu
1288 4070 1343 4125 quo
1358 4055 1467 4110 inerant
1477 4055 1601 4127 recipiat,
1618 4062 1645 4112 et
1658 4073 1718 4129 qua

345 4135 429 4207 (Vide
448 4149 525 4189 num·
545 4131 586 4205 4.)
919 4142 1039 4216 possedit
1068 4157 1179 4200 securus
1207 4148 1308 4197 teneat.
1336 4142 1372 4195 Et
1396 4140 1464 4196 alibi
1490 4143 1518 4196 ln
1537 4144 1719 4214 synodalibus

66 4244 114 4302 Ee
122 4239 233 4314 epistola
244 4232 584 4306 Callistipapoe,adomnts
598 4231 749 4288 Galliarum
760 4231 867 4286 arbium
919 4235 1030 4290 Petrum
1047 4231 1174 4300 decretis,
1192 4239 1219 4286 et
1235 4245 1328 4302 regum
1344 4226 1442 4284 edictis
1458 4228 1558 4300 legitur
1571 4237 1717 4292 statutum.

103 4315 245 4387 ι1113001101,
260 4311 306 4381 1111
320 4307 494 4379 [1111110111143
503 4304 627 4375 septimas
638 4311 698 4375 P⁰⁸²
709 4305 828 4360 pillum·
919 4321 1138 4394 Redintegranda
1148 4327 1213 4376 sunt
1223 4318 1317 4375 omnia
1327 4316 1489 4389 exspoliatis
1499 4317 1544 4371 vel
1556 4316 1651 4389 ejectis
1662 4322 1718 4394 epi-

383 4395 466 4466 (Vid⁰
486 4393 568 4464 ibid.)
921 4413 1020 4484 scopis,
1036 4409 1245 4484 presentialiter
1267 4404 1441 4462 ordinatione
1456 4404 1632 4476 pontificum,
1647 4417 1674 4464 et
1689 4409 1719 4464 in

68 4505 102 4560 ln
120 4497 298 4558 Decmtaliltts
322 4494 398 4552 Βιθῑῑ
423 4508 509 4564 Palm,
529 4490 867 4572 ‘¹⁶‚mlr0l’0l5lt1'l580l‘5-
920 4517 1014 4558 eorum
1037 4498 1110 4555 unde
1127 4497 1316 4553 abscesserunt
1337 4496 1396 4551 loca
1410 4493 1537 4550 funditus
1565 4496 1720 4553 revocanda

121 4571 274 4644 wilibil‘i
292 4569 346 4638 suli
360 4567 496 4621 mmmm
513 4569 603 4618 “rm“
618 4569 679 4635 PM‘
691 4564 811 4619 Petrum·
922 4603 1083 4663 quacunque
1104 4585 1264 4644 conditione
1283 4583 1426 4656 temporis,
1443 4588 1490 4638 aut
1505 4582 1580 4653 dolo,
1603 4590 1651 4640 aut
1668 4602 1719 4642 ca-

382 4654 465 4726 (Vide
484 4653 566 4724 ibid.)
922 4679 1058 4753 ptivitate,
1078 4685 1125 4734 aut
1139 4676 1243 4732 virtute
1259 4673 1406 4747 majorum,
1420 4679 1467 4730 aut
1481 4689 1529 4746 per
1543 4689 1720 4749 quascunque

69 4766 102 4820 ia
114 4759 293 4842 mattiae
306 4756 375 4839 Just}
392 4771 477 4835 papea,
493 4754 523 4808 ὅθ
537 4752 749 4823 ιιῑι’1ιθικ)ῑι”ι”ιῖ8
764 4751 868 4822 lim·
923 4770 1040 4843 injustas
1054 4784 1159 4836 causas,
1175 4784 1218 4825 res
1233 4765 1373 4834 sceleste,
1389 4764 1433 4821 vel
1449 4764 1573 4837 proprias
1587 4773 1635 4822 aut
1649 4759 1720 4822 sub-

138 4849 193 4905 P⁸³a
208 4848 255 4902 Ψ
268 4829 322 4900 im‘
337 4831 584 4927 ‘'¹⁶⁶³⁸f²⁸“⁸,⁸⁶‚²²“³
599 4831 660 4897 ΡΜ
676 4825 794 4880 Petrum·
923 4859 1036 4916 stantiae
1046 4855 1495 4931 suasperdidissenoscuntnraute
1506 4854 1718 4921 accusationem,

382 4917 466 4990 (Vlde
484 4914 567 4986 findi
924 4957 971 5005 aut
994 4950 1145 5020 regularem
1160 4944 1192 5002 ad
1216 4944 1353 5019 synodum
1376 4945 1547 5001 vocationem
1562 4958 1668 5009 eorum,
1693 4946 1721 4997 et

68 5024 115 5079 1²⁹³
143 5018 276 5091 013Ρῖ111111
302 5015 461 5097 mim·
484 5011 676 5092 ⁰r⁶h¹⁹⁶P¹⁴⁸i⁰P⁵
701 5012 806 5081 stuwi
834 5028 867 5068 Μ
923 5039 1037 5113 reliqua.
1054 5040 1104 5095 Est
1118 5037 1200 5093 atium
1221 5035 1250 5092 in
1266 5035 1388 5108 antiquis
1400 5032 1529 5090 Ecclesiae
1544 5031 1654 5088 statutis
1668 5030 1721 5087 de-

291 5089 400 5146 NW‘m
414 5086 513 5156 ⁸⁹¹⁸⁰d⁰
526 5090 647 5155 ΜΡΝ·
923 5134 1039 5196 cretum,
1058 5136 1088 5183 ut
1103 5129 1150 5200 qui
1163 5127 1253 5182 aliena
1267 5125 1375 5182 invadit
1391 5138 1447 5178 nou
1460 5128 1539 5178 exeat
1555 5120 1719 5193 impunitus,

365 5174 463 5284 ,widi
483 5174 565 5283 Μ’)
589 5273 619 5283 .,
854 5273 859 5284 ,
924 5218 970 5274 sed
992 5233 1054 5274 cum
1081 5216 1314 5288 multiplicatione
1337 5211 1430 5269 omnia
1448 5209 1722 5268 restituatUndeet

69 5281 206 5338 Βοιιιαιιιε
222 5293 306 5348 papa,
323 5292 369 5345 qai
381 5273 434 5345 [att
448 5280 524 5328 mitae
539 5273 632 5329 helen
641 5288 771 5328 successor
780 5277 805 5326 et
816 5270 872 5341 [att

107 5350 254 5406 tricesimus
274 5364 359 5402 sortus
378 5352 440 5417 pust
454 5347 572 5412 Petram,
594 5345 699 5415 scripsit
712 5344 749 5399 ad
763 5344 805 5400 ste
841 5361 870 5399 a·
924 5310 953 5363 in
977 5305 1127 5407 Evangelm
1148 5306 1280 5377 mptum
1296 5310 1346 5370 θεῖ’
1362 5297 1588 5417 qwdsiafiqmii
1607 5298 1723 5398 demu-
1754 5364 1755 5369 ¹

677 5416 682 5425 ·
760 5345 871 5486 ὧι,
924 5396 996 5465 daea,
1012 5395 1092 5451 reddo
1107 5395 1288 5465 quadriplam
1300 5389 1377 5464 (Lao.
1394 5389 1555 5460 x1n,8l‚et
1569 5404 1599 5443 in
1617 5385 1722 5460 legibus

107 5440 171 5477 nain
190 5417 470 5491 archiepiscopalem
494 5417 695 5488 archiepiscopis
718 5431 765 5486 gat
1424 5478 1430 5491 ⁹
1588 5476 1594 5488 Ι
1617 5476 1623 5488 ι
1679 5474 1684 5487 .

391 5489 396 5500 '
534 5485 540 5498 “
925 5483 1220 5542 secularibuscautum
1232 5481 1348 5538 habetur
1360 5498 1365 5536 :
1378 5478 1432 5548 Qui
1446 5493 1504 5535 retu
1518 5474 1638 5550 subripit
1650 5470 1722 5531 alie-

106 5494 237 5550 damoara
250 5491 342 5548 valant
356 5505 496 5563 episcopos,
512 5487 607 5543 dweas.

378 5575 461 5650 (Vide
483 5573 567 5646 ibid.)
925 5589 997 5642 nain,
1024 5573 1065 5629 illi
1088 5573 1166 5646 cnjus
1190 5584 1232 5628 res
1255 5568 1363 5642 direpta
1387 5577 1428 5624 est
1451 5567 1480 5624 in
1497 5561 1644 5638 decuplum
1659 5577 1719 5637 quae
