3834 6136
79 196 131 256 tte
601 196 918 261 MARTYROLOGIUM.
939 234 974 247 -
992 204 1096 265 MENS.
1117 206 1213 265 SEPT.

1678 204 1732 268 tit

810 327 1001 388 AUCTARIA.

109 422 273 487 Roswsrn,
288 418 318 475 iu
334 419 481 477 Nicomede
499 427 527 476 et
539 420 686 479 Valeriano
701 424 767 481 satis
782 443 877 500 purus,
890 431 913 489 A
930 445 1052 498 serenus,
1065 444 1163 501 expers
1177 428 1302 485 veritatis
1316 426 1418 503 [potiris
1431 445 1529 500 expers
1544 430 1670 503 fallacie,
1688 434 1729 492 ael

54 493 169 552 delicit
184 491 214 548 in
229 490 339 549 duabus
353 491 613 549 annuntiationibus
627 495 745 552 ultimis.

108 566 279 632 Pausania,
296 563 326 618 iu
345 563 433 635 prima
443 563 606 636 satispurus,
622 565 651 621 in
667 567 786 623 secunda
800 584 877 625 rese-

44 643 116 695 cat
135 636 269 709 elogium,
286 641 362 691 caret
376 635 458 691 etiam
474 634 581 692 duabus
595 639 751 709 postremis.

931 508 1049 584 experta
1062 500 1199 585 veritatis]
1215 501 1537 584 etutranqnillalenitate,
1549 503 1657 560 cunctis
1671 507 1727 588 pla·

931 572 1037 628 cubilis.
1054 573 1120 627 Erat
1134 580 1215 628 etiarn
1233 588 1257 628 ei
1273 589 1367 639 moris,
1383 580 1491 630 sanctos
1506 589 1629 646 quosque
1639 575 1726 646 adire,

930 643 964 699 ad
980 643 1146 700 imitandum
1157 661 1212 711 ees,
1225 652 1252 699 et
1262 643 1325 700 ideo
1336 645 1460 717 corperis
1470 643 1568 700 babuit
1581 646 1726 703 continen-

105 712 255 765 Aisrusiis.
271 706 506 790 attilam-Lunae
532 708 612 765 ambo
629 708 762 766 deliciunt
776 711 805 767 in
818 713 876 769 sola
930 715 1007 782 tiam,
1036 715 1123 771 animi
1148 716 1284 784 laetitiam,
1300 714 1391 772 cordis
1413 715 1590 785 industriam,
1606 717 1726 790 vigilans

37 782 171 864 ultima
186 778 749 860 ennuntiationeSedMix.·buenc.ine0
763 783 874 867 aptiori
930 783 1140 867 [vigilantiam],
1149 786 1266 869 jejunia,
1282 787 1430 869 orationes,
1455 803 1576 868 saccum,
1592 789 1725 859 cinerem,

44 852 170 934 differt·
183 851 258 933 qnod
272 866 301 905 in
315 849 371 906 tine
385 849 502 907 habeat:
527 875 537 900 ι
553 852 589 908 Et
602 860 699 909 octava
712 862 813 911 sauctae
823 857 874 912 Dei
929 858 1087 929 patientiam
1097 867 1305 915 etcaritatem.»
1320 859 1425 916 Omitto
1434 859 1549 931 reliqua,
1559 875 1620 931 quai
1631 861 1725 917 nescio

39 925 215 998 genitricis
232 922 338 978 bleriae.
354 946 363 970 ι

102 996 415 1076 Gnsvunposttextnm
425 1011 523 1067 purum
532 993 656 1066 subjicit:
670 998 872 1055 ‹lteinoctavae

46 1066 156 1123 lieatae
172 1067 299 1138 Virginis
314 1065 438 1122 Mariae.»
455 1067 521 1134 Quae
533 1067 635 1122 mirum
651 1077 692 1124 est
705 1069 827 1144 potuisse
837 1071 871 1127 ab

50 1154 99 1196 eo
114 1139 192 1194 inter
202 1137 358 1195 Usnardina
373 1138 519 1194 recenseri.

101 1210 351 1278 Aaronem-blan,
363 1209 544 1278 Uarnaiecr„
554 1211 690 1280 Lernam,
706 1212 830 1269 Aspuna.
843 1223 870 1271 et

54 1282 167 1338 Dama.
184 1280 348 1353 incipiunt:
368 1281 490 1338 «Octava
500 1282 655 1340 nativitatis
671 1285 797 1357 gloriosae
807 1285 869 1342 Vir·

62 1352 150 1425 ginis.
171 1377 182 1398 2
203 1352 335 1424 Sequitur
358 1352 391 1409 de
410 1352 557 1409 Nicomede
576 1362 603 1410 et
627 1356 786 1425 Valeriana,
813 1372 868 1412 non

947 946 982 985 uo
1007 929 1088 986 modo
1110 929 1131 986 A
1154 947 1185 986 ro
1214 937 1309 986 nostro
1324 929 1473 986 convenire
1489 931 1605 1003 possint,
1621 931 1643 987 si
1658 947 1722 988 cuui

928 945 1265 1082 Actiscjusconssiantur,
1276 1009 1308 1057 nt
1318 1002 1384 1057 alibi
1398 1001 1681 1058 iusinsostendemns.
1693 1003 1724 1059 ln

926 1072 1118 1145 lineadJicitur
1130 1092 1136 1130 :
1147 1099 1155 1120 ι
1168 1073 1723 1199 ltem,apudcarnotuiu,depositiosaneti

926 1143 1140 1216 Leobiniepisco
1161 1145 1262 1200 ietcon
1275 1145 1722 1202 essoris.·Fermentestinteritu.

961 1216 1122 1278 Aouiairrcr.
1137 1161 1167 1272 Ar
1183 1215 1256 1271 sine:
1282 1240 1290 1263 ι
1304 1217 1340 1271 Et
1354 1214 1441 1272 sancti
1457 1214 1567 1272 Aicadri
1582 1215 1716 1272 abbatis.»

925 1286 995 1343 Vide
1010 1304 1092 1360 supra
1105 1289 1134 1343 in
1150 1288 1330 1344 Bauxitiisn.

959 1360 1116 1415 Dausaron:
1138 1358 1277 1416 «civitate
1294 1356 1618 1426 carnotensi,translati0
1632 1358 1721 1415 sancti

65 1425 186 1480 omnino
202 1440 281 1497 pure.
296 1423 397 1479 Tum«
413 1423 530 1481 civitate
539 1425 672 1496 Tullensi,
684 1428 774 1484 natale
782 1428 869 1485 sancti
924 1429 1038 1485 Leobiai
1055 1431 1176 1503 episcopi
1191 1438 1218 1486 et
1231 1430 1427 1486 confessoris·

68 1495 169 1568 Apri,»
186 1503 238 1552 etc.
253 1497 336 1552 Deest
347 1491 474 1552 Leobiais

108 1567 263 1623 bovinias.
277 1567 375 1640 incipit
389 1567 470 1623 etiarn
485 1586 490 1624 :
513 1569 635 1626 ‹Octava
644 1569 799 1628 nativitatis
812 1572 869 1644 glo·

957 1501 1404 1558 blaraic.·canrus.·Unriiaiucr.:
1429 1500 1553 1557 «Octava
1566 1499 1721 1557 nativitatis

922 1571 1008 1628 beatae
1022 1574 1113 1629 Mariae
1125 1572 1256 1645 Virginis.
1266 1572 1424 1629 Nicomedis
1434 1571 1719 1644 martyris.Valcriani

74 1637 158 1694 riosae
176 1637 304 1711 Virginis.
320 1663 329 1686 ι
348 1639 379 1694 ln
393 1639 553 1709 Nicomede,
564 1640 650 1696 ferme
666 1658 750 1711 purus
764 1650 814 1699 est.
829 1645 868 1699 De
922 1644 1062 1716 martyris.
1078 1644 1329 1725 Leobiniepiscopi
1344 1652 1371 1700 et
1385 1643 1562 1700 confessoris.
1578 1643 1648 1716 Apri
1662 1642 1719 1715 epi·
1735 1717 1739 1723 ¹

77 1708 225 1765 Valeriano
238 1708 353 1782 elogium
369 1711 519 1767 rescindit:
554 1711 691 1769 «civitate
708 1713 860 1783 callensi»

72 1787 136 1847 etc,
153 1789 180 1837 et
197 1796 289 1854 supra.
305 1783 387 1838 Deest
396 1783 478 1838 etiarn
490 1783 607 1839 Leabiai.

105 1851 276 1909 Curtium:
312 1853 447 1910 ·0ctava
474 1854 628 1912 nativitatis
651 1855 736 1913 beate
760 1856 862 1915 Mariae.

71 1923 172 1991 Reium,
188 1924 277 1996 passio
287 1926 372 1981 sancti
386 1925 565 1984 Nichomedis
577 1927 728 1999 presbyteri
745 1935 772 1983 et
786 1946 864 1984 mai-

70 1993 146 2066 tyris.
172 1995 205 2050 ln
230 1995 370 2052 territurio
391 1997 588 2065 cabillonensi,
612 2007 700 2055 castro
721 2000 861 2070 Tenortio,

69 2066 151 2122 sancti
168 2065 310 2123 Valeriani
325 2068 468 2141 martyris.
488 2071 553 2126 ltem
567 2068 785 2138 carnota,sancti
797 2072 862 2128 Leo·

69 2137 124 2192 bini
139 2138 264 2210 episcopi
279 2139 453 2197 confessoris.
466 2141 647 2208 Tull0,sancti
658 2143 725 2214 Apri
741 2143 861 2217 episcopi

69 2216 94 2264 et
106 2209 285 2279 confessoris,
312 2210 391 2283 cnjus
406 2222 522 2269 mortem
535 2213 564 2267 iii
584 2221 733 2286 conspectu
748 2215 861 2271 Domini

68 2280 214 2352 pretiosam
228 2280 363 2338 miracula
377 2283 471 2339 crebra
485 2291 630 2339 testentur.
647 2309 656 2332 ι

87 2351 292 2432 ciuitatium:
314 2354 437 2411 «Octava
451 2356 605 2412 nativitatis
619 2355 744 2428 gloriosa
754 2373 861 2429 semper

69 2423 182 2495 virginis
196 2425 299 2481 Aleriae.
309 2450 318 2472 ι
327 2426 358 2481 ln
373 2426 520 2483 Nicomede
530 2435 557 2483 et
564 2427 710 2485 Valeriano
721 2445 755 2484 ex
765 2427 861 2485 Adone

68 2495 196 2552 nonnihil
213 2496 396 2569 interpolatus
417 2506 466 2554 est.
495 2499 588 2555 Tum:
616 2521 625 2545 ι
649 2500 715 2555 item
731 2498 860 2568 carnoto,

68 2567 152 2622 sancti
170 2567 286 2624 Leobini
302 2569 421 2650 episcopi
433 2577 460 2624 et
473 2569 647 2627 confessoris.
664 2570 782 2629 civitate
797 2571 860 2628 Tul·

66 2637 232 2719 lensi,·beati
259 2641 325 2712 Apri
349 2639 470 2711 ejusdem
486 2641 607 2698 ecelesias
624 2642 744 2723 episcopi
756 2649 783 2698 et
796 2659 859 2698 con·

65 2708 172 2767 tesseris
202 2712 234 2766 ln
266 2713 406 2768 territorio
435 2712 667 2784 Rotbomagansi,
694 2715 859 2770 monasterio

64 2780 230 2853 cinegiensi,
247 2782 383 2855 depositio
397 2785 483 2841 sancti
495 2784 614 2856 Aycadri
625 2784 732 2840 abbatis
747 2792 773 2840 et
788 2802 859 2842 coii-

64 2851 181 2909 lossoris.
199 2853 330 2921 Quicum
347 2855 386 2910 ibi
401 2865 553 2927 nongentas
566 2856 678 2912 liaberet
698 2857 856 2925 monachos,

64 2924 150 2979 inedia
163 2941 260 2980 eornm
281 2942 352 2997 pars,
378 2944 426 2999 pei
448 2929 576 3000 angelum
592 2928 645 2982 sibi
660 2936 743 2984 noctu
759 2929 858 2999 praesi-

61 3005 151 3065 gnata,
180 3012 238 3051 uria
258 2996 302 3052 die
327 2998 457 3070 migravit
480 2999 514 3054 ad
534 2999 695 3055 Dominum.
711 2998 786 3066 Quos
800 3002 858 3071 ipse

921 1716 997 1787 scapi
1011 1723 1038 1770 et
1053 1716 1246 1772 confessoris·

878 1788 902 1848 B
955 1788 986 1842 ln
1001 1787 1137 1844 Variana.
1153 1802 1230 1842 auin.
1243 1785 1313 1842 seta
1328 1786 1403 1843 deest
1413 1785 1484 1858 Apri
1498 1792 1525 1842 et
1535 1784 1651 1841 Leobim.
1663 1783 1719 1840 Ad·

918 1857 1008 1915 ditur:
1032 1858 1215 1925 «Beneventi,
1226 1857 1314 1913 sancti
1329 1857 1485 1915 constantii
1500 1858 1530 1913 in
1539 1856 1567 1914 S.
1576 1856 1688 1929 Sophia.
1702 1880 1711 1902 ·

917 1930 998 2002 Apud
1014 1930 1083 1986 alios
1100 1937 1181 1985 notris
1199 1936 1320 1985 nonest.

953 2002 1123 2057 Uatiniana.
1139 2008 1213 2057 caret
1227 2001 1309 2057 etiam
1324 2000 1536 2056 annuntiatione
1546 1998 1719 2056 ultimaLeo·

916 2071 975 2129 bini
992 2072 1177 2140 carnotensis,
1189 2075 1368 2128 utAnriisaa.
1380 2078 1407 2126 et
1425 2071 1623 2129 blan-Lusias.
1640 2085 1718 2143 supe·

916 2144 985 2213 rins,
998 2161 1061 2200 cuin
1078 2144 1179 2218 quibus
1213 2144 1355 2216 leruinqne
1369 2144 1510 2199 convenit.

953 2216 1132 2272 Fnoussrirra
1159 2239 1169 2264 ι
1187 2161 1281 2272 Aietale
1296 2215 1383 2271 sancti
1399 2214 1530 2294 Archadii
1546 2213 1674 2286 episcopi
1689 2220 1717 2269 et

915 2286 1109 2344 confessoris.»
1127 2286 1230 2352 Falloi,
1246 2285 1275 2341 ni
1289 2285 1403 2341 Aicadri
1416 2286 1484 2341 velit
1499 2285 1600 2342 dicere.

951 2357 1046 2414 Editio
1054 2357 1272 2414 beesca-Cam:
1290 2357 1413 2414 «Octava
1426 2357 1581 2412 nativitatis
1589 2358 1714 2427 gloriosa

916 2428 1040 2500 Virginis
1054 2430 1155 2485 bieria).
1168 2428 1507 2493 superterrenorum,
1520 2427 1611 2484 natale
1625 2427 1714 2484 sancti

914 2500 1073 2557 Nicomedis
1088 2500 1241 2573 presbyteri
1256 2507 1282 2555 et
1293 2499 1433 2569 martyris,
1449 2499 1496 2572 qui
1512 2514 1612 2568 corpus
1626 2497 1713 2554 beatae

915 2573 1045 2628 Felicnlae
1059 2572 1177 2643 virginis
1192 2579 1218 2626 et
1232 2571 1361 2642 martyris
1373 2569 1617 2642 (cumlbanorisioe
1631 2585 1714 2641 sepe-

915 2642 1000 2711 lisset,
1015 2644 1049 2699 ob
1072 2644 1126 2699 boc
1140 2643 1267 2698 detentus
1282 2658 1297 2696 a
1312 2643 1409 2697 Flacco
1424 2641 1529 2697 comite
1544 2641 1596 2696 sub
1612 2640 1714 2696 Darni-

914 2711 1704 2786 cianoiinperatorelestletcumdiceretcompellentibus»

913 2794 965 2842 etc.
982 2786 1012 2841 lii
1029 2787 1175 2843 Valeriano
1189 2785 1257 2840 satis
1269 2801 1336 2857 pure
1351 2790 1401 2838 est.
1418 2805 1428 2829 ‹
1443 2781 1561 2840 Ciuitate
1575 2782 1712 2847 callensi,

913 2857 1003 2913 natale
1017 2857 1105 2914 sancti
1121 2857 1186 2931 Apri
1199 2856 1319 2938 episcopi
1329 2863 1356 2910 et
1368 2854 1542 2910 confessoris.
1553 2853 1636 2935 Apud
1646 2853 1710 2910 car·

912 2937 1021 2997 uotum,
1040 2929 1111 2984 beati
1129 2928 1243 2984 Leobini
1254 2926 1375 2999 episcopi
1388 2933 1415 2980 et
1429 2925 1605 2981 confessoris.
1622 2949 1631 2971 ι

948 3000 1085 3056 Gnarum:
1104 2999 1308 3063 «Alexandriae,
1319 3004 1477 3054 sanctorum
1488 2996 1573 3053 trium
1590 2996 1707 3052 fratrum

60 3081 112 3121 non
143 3068 234 3122 inulto
258 3077 317 3140 post
340 3078 460 3137 secutus,
474 3070 582 3142 quievit
597 3071 626 3125 in
643 3086 741 3142 pace.»
763 3070 856 3127 Vitem
912 3070 1011 3140 cirini,
1032 3071 1154 3139 Leoncii,
1179 3078 1206 3126 et
1230 3069 1395 3142 Serapionis.
1412 3069 1480 3124 lteni
1496 3067 1614 3135 Seleuci,
1631 3067 1710 3124 con-

60 3136 148 3192 edidit
163 3138 271 3207 Surius,
284 3139 316 3196 de
329 3157 383 3213 qua
397 3141 461 3197 vide
476 3141 634 3198 Mabilionis
650 3141 856 3199 observationes
870 3143 892 3203 c
908 3144 1014 3198 slantii.
1029 3143 1156 3199 Decorati
1175 3142 1314 3212 martyris,
1331 3151 1359 3196 et
1371 3140 1491 3195 aliorum
1506 3155 1569 3195 cnm
1585 3154 1627 3192 eo.
1640 3137 1708 3194 cle-

60 3210 174 3278 praevias
194 3226 247 3266 saec
272 3228 293 3266 ii
304 3212 456 3279 benedict,
469 3230 483 3268 a
498 3229 549 3285 pag
562 3213 769 3281 scanciarum
784 3212 853 3285 ejus·

61 3279 115 3335 dein
139 3281 230 3337 sancti
254 3282 346 3339 Vitam
369 3283 506 3356 producit,
526 3302 589 3341 cuin
605 3284 707 3340 nostris
723 3301 787 3340 mss.
805 3302 854 3341 suo

60 3349 115 3407 loco
130 3353 339 3409 caulerendam.

88 3424 316 3482 HaasnoisnDe
323 3425 425 3482 Octava
442 3427 595 3483 nativitatis
610 3428 703 3500 aliqua
717 3428 852 3499 congerit,

59 3507 112 3564 quie
136 3495 172 3551 ed
197 3512 256 3552 rein
271 3513 328 3552 riori
342 3499 489 3579 pertinent.
506 3500 566 3555 Non
582 3500 667 3570 magis
680 3507 741 3569 apte
755 3515 854 3570 prose-

57 3568 148 3636 quitur
164 3587 171 3624 :
190 3590 200 3613 ι
215 3568 309 3624 lloniai
323 3585 369 3624 via
382 3569 564 3639 Nomentana,
576 3572 664 3626 natale
672 3570 743 3626 beati
756 3571 853 3643 Nyco-

56 3638 140 3694 medis
154 3639 310 3711 presbyteri
333 3649 360 3697 et
386 3650 457 3697 mart
479 3645 516 3697 ris
531 3642 687 3708 translatio,
701 3641 780 3713 cujus
794 3642 852 3699 dies

52 3709 197 3790 passionis·
209 3718 250 3791 est
264 3712 293 3766 in
308 3712 440 3769 Kalendis
454 3660 539 3769 Annii.
557 3713 645 3770 ·Vide
660 3730 720 3786 quae
731 3730 812 3786 supra
823 3715 851 3770 iii

51 3778 300 3838 Observationibus
314 3783 446 3840 diximus.
464 3786 493 3840 lii
517 3784 664 3841 Valeriano
686 3785 751 3841 satis
767 3802 852 3858 purus

47 3861 99 3907 est.
118 3851 250 3924 Sequitur
269 3854 349 3926 longa
372 3855 487 3911 historia
503 3855 537 3912 de
551 3859 625 3929 Apro
639 3857 766 3928 episcopo
780 3857 851 3913 'l'ul-

46 3919 134 3989 lensi,
144 3923 226 3994 cujus
234 3926 370 3997 specimen
381 3927 513 3999 subjicio:
525 3952 534 3974 ι
544 3929 574 3983 ln
585 3928 848 3996 eivitateTnlliensi,

45 3991 193 4075 depositio
218 3997 303 4052 sancti
325 3999 403 4069 Apri,
427 3999 547 4124 episcopi
564 4007 591 4055 et
605 3999 779 4055 confessoris.
797 4001 850 4055 lste

46 4077 87 4120 vir
102 4065 199 4122 adbuc
209 4082 276 4138 puer
287 4076 369 4124 tantae
378 4070 431 4125 luit
455 4070 619 4126 iheralitatis
631 4076 659 4125 et
670 4070 850 4142 pietatiserga

45 4149 193 4208 pauperes,
235 4140 289 4195 uod
317 4141 458 4197 multoties
473 4152 563 4197 vestes
576 4159 639 4198 sues
654 4142 735 4197 dabat
751 4158 849 4214 paupe·

47 4208 123 4263 ribus
136 4218 165 4264 et
175 4154 387 4267 nudusdainnin
397 4229 523 4269 reversus
537 4221 587 4269 est.
606 4215 672 4269 Erat
682 4221 772 4269 autem
788 4214 848 4269 bea·

47 4285 89 4334 tus
104 4281 183 4352 Aper
196 4291 309 4355 aspectu
330 4286 511 4353 venerandus,
528 4285 604 4340 mitis
618 4285 752 4357 alloquia,
767 4286 848 4340 vultu

910 3216 1010 3269 mentis
1019 3214 1149 3286 episcopi.
1163 3214 1194 3268 ln
1204 3213 1306 3279 Scotia,
1315 3211 1418 3267 biareni
1430 3209 1561 3282 episcopi.
1574 3207 1707 3288 Aicbarlri

909 3286 1025 3341 abbatis.
1050 3284 1194 3350 Lntbardi,
1214 3284 1324 3340 comitis
1338 3281 1476 3339 clivensis
1490 3288 1517 3336 et
1531 3279 1706 3336 confessoris.

909 3356 1084 3423 Lnduinillae,
1100 3356 1231 3411 viduasset
1247 3354 1386 3424 martyris,
1398 3353 1466 3407 aviis
1486 3352 1571 3408 sancti
1584 3351 1707 3408 Wence-

908 3428 959 3483 siai
973 3427 1051 3482 ducis
1066 3426 1205 3482 Doliemiae
1220 3435 1247 3481 et
1263 3425 1413 3495 martyris.»

942 3500 1062 3554 Alonis:
1087 3497 1214 3553 «Eodem
1229 3496 1283 3564 die,
1300 3504 1396 3552 octava
1411 3494 1566 3550 nativitatis
1582 3491 1706 3564 Virginis
1793 3524 1796 3531 ·

906 3570 1008 3626 bieria.
1022 3569 1126 3626 Eadem
1137 3568 1191 3636 die,
1201 3568 1337 3639 depositio
1347 3567 1435 3623 sancti
1447 3564 1705 3622 Aicbadriabbatis.

907 3641 1051 3713 Lugdnno,
1078 3640 1112 3697 de
1133 3640 1215 3696 osilia
1241 3639 1335 3694 Albini
1360 3637 1491 3711 episcopi.
1515 3661 1524 3684 »
1546 3636 1616 3693 Dein
1631 3634 1706 3709 typis

907 3713 1070 3769 minoribus.
1089 3736 1099 3760 ‹
1113 3657 1145 3768 An
1161 3711 1270 3778 Galliis,
1281 3718 1383 3766 sanctae
1397 3709 1539 3781 Eutropia
1553 3707 1656 3774 viduae,
1672 3706 1705 3763 de

905 3801 959 3857 qua
973 3784 1103 3840 Sidonius
1117 3783 1147 3838 iii
1164 3783 1281 3855 epistola
1297 3781 1330 3838 ad
1346 3781 1541 3853 Pragmatium.
1571 3778 1704 3834 Lntbardi

905 3857 1016 3912 comitis
1035 3855 1173 3913 Clivensis
1188 3861 1215 3910 et
1224 3852 1399 3919 confessoris,
1416 3853 1463 3924 qui
1481 3850 1610 3907 fundavit
1623 3849 1705 3906 elau-

904 3935 993 3983 strum
1014 3927 1204 3983 Wiscbelense
1223 3934 1250 3982 et
1262 3924 1418 3981 Niissiense.
1436 3947 1445 3970 ι
1466 3922 1611 3978 Editiones
1625 3922 1702 3977 aliae:

912 3999 1036 4054 ‹Eodeni
1056 3998 1111 4066 die,
1140 4005 1236 4053 octava
1250 3995 1415 4063 nativitatis,
1431 4018 1440 4041 »
1461 3994 1586 4050 etc.ltem
1602 3993 1636 4049 de
1651 3992 1706 4048 Al-

904 4068 970 4125 bino
999 4070 1175 4140 Lugdunensi
1200 4077 1227 4124 et
1255 4066 1393 4123 Aiobadra
1419 4066 1527 4134 abbate,
1558 4072 1702 4136 utsupra.

910 4143 985 4197 «Die
1008 4141 1115 4196 decimo
1142 4138 1248 4210 quinta,
1276 4138 1364 4193 sancti
1392 4137 1521 4208 martyris
1544 4136 1656 4193 Nicetae.
1672 4137 1703 4191 lii

903 4209 1144 4277 clivia,bntbardi
1159 4208 1270 4265 comitis
1284 4215 1311 4262 et
1325 4207 1501 4272 confessoris,
1511 4208 1558 4278 qui
1574 4207 1703 4262 fundauit

902 4284 1063 4350 claustrum,
1084 4305 1093 4328 ι
1114 4287 1179 4347 etc,
1196 4285 1226 4335 ut
1245 4278 1309 4333 vide
1324 4277 1353 4332 in
1365 4275 1421 4347 jain
1437 4276 1522 4331 citata
1534 4277 1635 4348 priorie
1648 4276 1702 4336 dit.

49 4439 110 4518 XVI
126 4443 196 4499 Καὶ.

1597 4433 1648 4491 Die
1658 4434 1700 4491 lc.

79 4532 163 4604 Apud
179 4532 320 4589 civitatem
342 4533 546 4604 calcedoniam,
562 4534 661 4591 natalis
680 4541 779 4591 sanata
797 4530 933 4589 Eniemiae
950 4531 1068 4605 virginis
1083 4538 1111 4587 et
1131 4525 1276 4599 martyris,
1291 4543 1352 4599 quae
1364 4526 1415 4582 snb
1431 4524 1594 4598 proconsule
1608 4522 1702 4578 Prisco

50 4625 184 4678 tormenta
203 4627 231 4676 et
252 4638 383 4692 carceres,
403 4624 517 4680 verbera
538 4632 565 4681 et
590 4631 752 4697 argumenta
774 4631 906 4694 rotarum,
923 4627 1000 4698 ignes
1023 4633 1050 4681 et
1064 4624 1186 4698 pondera
1203 4621 1328 4694 lepidum
1352 4619 1540 4693 angularium,
1554 4617 1656 4675 bestias
1674 4625 1702 4674 et

51 4711 136 4783 plagas
152 4713 307 4784 virgarum,
324 4731 432 4772 secures
453 4724 480 4772 et
493 4717 643 4788 sartagines
658 4717 760 4789 igneas,
777 4732 886 4772 rursum
904 4732 1024 4771 morsum
1039 4713 1134 4771 bestias
1149 4729 1199 4785 pre
1218 4711 1329 4769 cbristo
1344 4710 1495 4784 superavit.
1514 4710 1616 4777 lloniae,
1633 4724 1701 4765 san-

50 4807 151 4857 ctorum
164 4811 319 4875 martyrum
335 4804 426 4861 liuciae
442 4806 544 4862 nobilis
561 4814 691 4862 matrona
705 4815 732 4863 et
747 4806 915 4874 Geminiani,
941 4822 1009 4879 quas
1019 4805 1209 4861 Diocletianus
1223 4804 1312 4876 pieriis
1326 4803 1488 4876 gravissime
1501 4801 1628 4869 afflictos,
1640 4799 1700 4858 diu-

50 4904 96 4962 que
109 4898 209 4960 tortas,
224 4892 334 4949 tandein
355 4903 415 4966 post
430 4894 597 4952 laudabilem
613 4897 739 4970 martyrii
756 4896 914 4963 victoriam,
930 4894 1021 4968 gladie
1037 4894 1221 4951 animadverti
1238 4893 1382 4967 pracepit.

814 5024 932 5082 NOTAE.

76 5116 121 5173 Sic
134 5119 258 5189 Protea,
277 5120 426 5191 Heriaien„
442 5123 592 5195 liosweyd,
608 5124 752 5196 Antaerp„
768 5122 965 5191 maa-talea,
983 5123 1135 5189 Munerat„
1152 5120 1250 5188 Belia,
1264 5120 1376 5178 Gravia.
1391 5125 1419 5173 et
1432 5118 1532 5173 Malao.
1551 5116 1618 5171 item
1642 5112 1698 5168 Aa·

45 5209 239 5278 ruere-alae,
258 5210 403 5267 conamen.
419 5220 446 5269 et
459 5213 589 5270 Dacians.

646 5327 848 5387 vaninitatis
871 5327 1078 5389 LECTIONES.

72 5420 200 5477 Prinium
227 5431 294 5480 noto
317 5433 470 5497 postremos
485 5426 662 5483 trescodices
680 5444 763 5500 puros
794 5426 842 5481 ui·
858 5430 880 5489 D
896 5442 952 5482 non
979 5424 1077 5497 loquor
1100 5438 1161 5479 cuin
1192 5420 1231 5478 ita
1252 5417 1494 5498 omnesiormeut,
1510 5418 1698 5490 exceptosolo

39 5488 98 5572 dein
114 5510 184 5562 esse,
200 5496 290 5552 sedin
305 5495 356 5551 eod
369 5497 459 5553 icaria
473 5514 489 5552 a
502 5498 710 5581 reliquis‚quod
725 5499 785 5568 Eup
807 5513 842 5553 e-
896 5498 1015 5564 Nolano,
1030 5494 1076 5567 qni
1092 5504 1164 5550 recte
1182 5491 1260 5565 ponit
1270 5489 1468 5563 liapberaioein
1483 5489 1697 5571 Antuerpdeest

38 5577 120 5619 mium
138 5565 260 5621 habeant
274 5567 475 5626 secundoloco.
486 5570 528 5626 Ab
539 5571 601 5626 aliis
611 5577 693 5626 etiarn
704 5570 841 5641 discrepat
896 5568 1037 5640 epitheton
1052 5571 1157 5633 sancte,
1173 5564 1202 5619 in
1231 5560 1423 5618 Man-Labeo.
1443 5569 1485 5617 est
1499 5562 1589 5643 team.
1605 5562 1696 5620 Belin.

36 5634 184 5708 llosweyd.
210 5638 251 5694 sic
270 5639 427 5711 incipiens:
448 5643 482 5698 lo
499 5642 668 5708 calcidonio,
685 5641 840 5713 capientia
897 5640 962 5712 legit
986 5643 1124 5705 tormenta,
1152 5651 1278 5703 carceres,
1296 5640 1434 5705 expuncta
1450 5643 1646 5705 coniunctione
1660 5639 1694 5690 et.

34 5706 159 5777 sirpiais,
195 5718 268 5775 etc.;
297 5711 481 5768 calcidoniam
515 5721 625 5769 servant
655 5712 797 5769 lierinien.
813 5719 840 5767 et
896 5714 999 5768 Rursus
1013 5710 1085 5766 idern
1102 5707 1191 5764 Belin.
1202 5722 1255 5788 pro
1274 5705 1422 5787 sartagines
1437 5705 1536 5787 igneas,
1552 5705 1624 5786 iorte
1639 5721 1696 5760 me·

33 5776 179 5848 creven.;
206 5780 254 5839 sed
273 5782 422 5853 Munerat,
453 5784 631 5842 calcidoniae.
655 5787 695 5841 De
709 5783 841 5856 Datamisa
895 5783 1023 5842 liuscum
1037 5780 1111 5838 Beda
1125 5778 1222 5838 scribit
1237 5785 1385 5852 sarmatam
1399 5776 1641 5852 ipsimabubium
1652 5783 1694 5831 est
