3834 6136
137 203 187 257 tet

788 195 939 251 USUARDI
964 192 1134 250 MONACHI.

1733 195 1783 251 752

135 323 259 390 loannis,
275 321 368 377 Severi
384 327 412 376 ct
424 318 595 374 Euiemiae.·
619 316 690 374 Vide
705 317 931 390 hieronymiana,
947 329 972 385 Α
1023 320 1171 374 narsen:
1203 341 1212 364 ‹
1234 317 1321 373 Mauri
1344 317 1482 389 martyris.
1503 317 1663 374 Secundum
1682 319 1787 392 aliquos

136 397 181 452 die
195 411 283 450 xxvrr.

173 468 334 527 Aourcmor.
349 479 397 535 pro
412 463 532 528 Solaria,
550 463 657 530 scribit,
672 464 771 534 Appio.
784 464 814 517 ln
826 462 935 517 linean-

136 547 211 594 tem:
236 538 363 602 «Borrine,
379 534 467 589 sancti
482 532 606 603 Gregorii
622 551 706 606 papae.
725 535 774 590 llic
789 533 934 589 constituit

137 610 167 664 in
179 608 290 665 Canone
304 623 320 661 a
333 605 474 662 sacerdote
488 604 655 660 dicendum:
674 608 792 672 Quorum
807 605 936 658 solemni-

138 686 179 735 tns
193 680 269 734 bodie
281 679 311 732 in
325 683 460 747 corvspectu
477 682 528 730 tue
539 675 693 745 atejestutis.
709 702 719 724 ι
735 677 821 731 item:
839 700 848 722 ι
863 677 936 731 later

137 767 252 822 quorum
269 766 317 804 nos
338 748 509 815 consortium,
528 764 582 801 uon
604 749 749 802 estimatur
769 748 867 814 meriti,
893 746 937 800 sed

137 823 229 889 venie,
244 837 403 891 quassantur,
420 819 532 888 turpiter
543 819 660 874 odoritte.
677 844 686 865 ·

174 890 635 948 Marum‚Maurus-Uerminam,:
663 915 672 937 ι
693 889 834 946 Saturnini
859 905 936 944 mar-

137 964 218 1036 tyris.
245 963 368 1021 Radbodi
388 962 508 1033 episcopi
524 960 715 1030 Trajectensis,
732 960 812 1031 cujus
835 975 936 1032 corpus

137 1035 293 1092 Daventriae
309 1035 455 1105 requiescit
470 1032 498 1086 in
513 1032 628 1088 ecclesia
642 1032 730 1087 sancti
745 1031 867 1087 Lrbuini.
884 1056 893 1078 ι

173 1107 309 1162 Verrem.
329 1104 380 1160 sub
404 1119 480 1158 num.
506 1102 593 1158 tete:
618 1128 627 1150 ι
650 1103 753 1159 Eodem
773 1102 827 1171 die,
848 1102 937 1159 sancti

137 1177 226 1233 Mauri
242 1175 382 1246 martyris.
398 1200 407 1222 ι
430 1174 500 1230 Vide
514 1174 729 1229 Florentiniurn.

172 1246 268 1302 Editio
290 1244 490 1313 huneco-Con„
510 1244 538 1299 in
561 1245 650 1315 prima
671 1253 699 1300 et
722 1243 843 1300 secunda
868 1243 936 1299 satis

137 1334 216 1391 pura,
227 1318 257 1372 in
268 1317 367 1372 ultima
382 1316 422 1372 sic
436 1317 630 1387 interpolatur,
644 1324 706 1389 post
715 1316 827 1387 episcopi
841 1333 849 1370 :
864 1314 936 1382 «Qui

136 1399 260 1461 tempore
274 1388 351 1444 Decii
366 1387 539 1459 imperatoris
554 1388 584 1442 iu
599 1387 736 1459 Capitolio
754 1386 875 1458 ejusdem
891 1403 935 1441 ur·

991 391 1045 456 hic,
1060 388 1180 446 Crisanti
1195 400 1221 445 et
1235 390 1333 455 Duriae,
1345 390 1392 460 qui
1406 389 1477 443 infra
1493 389 1628 445 Kalendis
1641 389 1784 450 habentur.

990 461 1070 541 Apud
1095 464 1261 527 Ravennam,
1285 460 1371 516 sancti
1392 459 1507 515 Sisinnii
1526 459 1663 586 episeopi.
1687 462 1785 521 Eodem

989 533 1034 588 dre
1046 533 1118 603 apud
1132 532 1319 599 Daventriam,
1338 532 1426 587 sancti
1444 530 1537 587 Radbo
1558 531 1567 585 i
1581 532 1707 604 episcopi
1723 534 1785 590 Tra-

987 603 1054 675 jecti
1076 603 1224 670 inferioris,
1248 603 1421 678 confessoris.
1444 601 1497 668 Qui
1518 603 1592 658 cirea
1610 619 1718 658 annum
1741 607 1784 662 llo·

991 674 1059 730 mini
1073 692 1108 730 xc
1121 674 1185 747 [repe
1197 674 1291 747 ncces]
1306 675 1347 729 illi
1364 674 1491 745 praelatus
1505 673 1641 739 eeclesiae,
1658 674 1785 736 decernet

990 754 1093 817 septem
1111 747 1192 800 annis
1205 746 1387 801 sacerdotium
1405 745 1507 800 virtute
1521 761 1589 799 cous
1610 745 1694 800 icuus
1707 747 1783 804 admi·

990 818 1121 886 nistrans,
1136 818 1246 873 culmen
1261 816 1434 872 abstinentiae
1449 815 1489 871 sic
1502 761 1713 887 appreiendere
1731 828 1783 876 stu-

989 888 1079 957 debat,
1104 896 1135 944 ut
1158 889 1239 942 etiam
1259 904 1275 942 a
1294 886 1517 943 familiarissimis
1536 887 1587 941 vix
1607 887 1781 950 animadverti

990 970 1088 1031 posset.
1113 960 1175 1085 Ipso
1195 960 1250 1027 die,
1275 958 1427 1014 secundum
1450 957 1646 1038 tlathalpgum,
1671 960 1782 1020 Pafuutii

989 1031 1104 1086 abbatis.
1135 1040 1189 1086 leur
1205 1038 1362 1086 sauctorum
1377 1031 1471 1095 Mares,
1487 1030 1616 1084 Mamaea

1025 1103 1134 1157 Mosae.
1150 1101 1180 1155 iu
1193 1102 1247 1156 line
1260 1120 1266 1156 :
1289 1125 1297 1146 ι
1310 1104 1390 1170 ltem,
1401 1100 1488 1156 sancti
1499 1100 1625 1156 Radbodi
1637 1101 1783 1173 trajecten·

990 1173 1028 1227 sis
1041 1173 1162 1298 episcopi
1171 1178 1198 1226 et
1208 1171 1415 1252 confessoris'in
1429 1171 1591 1227 Daventria.
1608 1197 1617 1219 ι
1635 1172 1708 1229 Tum
1719 1180 1782 1302 typis

990 1243 1135 1299 minutiori
1156 1260 1206 1298 us:
1229 1267 1238 1288 ‹
1253 1244 1321 1298 ltem
1336 1243 1428 1299 obitus
1441 1242 1611 1299 venerabilis
1625 1243 1681 1299 ldae
1694 1245 1745 1302 der
1759 1250 1782 1303 i-

990 1315 1073 1381 vella,
1088 1314 1217 1369 monialis
1234 1313 1353 1370 caenobii
1367 1314 1401 1369 de
1414 1315 1497 1370 Rame
1519 1330 1545 1380 a,
1559 1313 1670 1370 ordinis
1684 1316 1782 1374 Cister-

990 1385 1100 1453 ciensis,
1114 1385 1143 1440 in
1159 1385 1245 1457 patria
1259 1385 1470 1442 Namurcensi.·
1509 1385 1633 1442 ditiones
1646 1387 1704 1443 aliae
1717 1389 1783 1447 litte

135 1459 180 1516 bis
201 1477 217 1516 a
238 1459 350 1532 paganis
368 1467 472 1526 mutus,
491 1473 524 1514 eo
542 1458 617 1531 quod
634 1460 667 1514 ad
687 1458 747 1531 ejus
761 1457 934 1530 promentium
990 1458 1028 1513 ris
1052 1457 1164 1523 italicis,
1187 1463 1248 1528 post
1267 1458 1351 1528 cupite
1374 1457 1506 1524 truncari,
1529 1456 1624 1512 textui
1647 1456 1781 1517 inserunt:

135 1547 231 1587 omues
244 1532 366 1603 ipsorum
382 1530 422 1586 dii
438 1530 508 1585 muti
523 1529 599 1597 iacti,
620 1531 729 1585 nullum
749 1528 936 1585 sacrificanti·
997 1529 1159 1599 «Scriptum
1184 1535 1225 1583 est
1245 1528 1271 1582 in
1293 1528 1374 1600 gestis
1388 1528 1511 1584 Marcelli
1551 1545 1621 1599 apae.
1638 1552 1648 1575 ·
1671 1530 1702 1586 ln
1715 1531 1782 1588 liue:

133 1602 197 1670 bus,
222 1618 256 1658 ex
282 1617 368 1669 more,
388 1608 499 1673 possent
513 1600 577 1656 dare
590 1616 763 1674 responsum,
783 1601 881 1655 thauro
900 1600 935 1656 ad
997 1622 1005 1646 ι
1021 1599 1089 1654 item
1104 1600 1133 1653 in
1148 1600 1307 1666 Deventria,
1321 1600 1407 1655 sancti
1423 1544 1560 1666 Radbodi,
1575 1609 1629 1656 etc.
1647 1601 1698 1656 Dic
1711 1602 1739 1658 vi
1755 1620 1784 1659 e-

135 1673 278 1731 victimam
295 1680 446 1746 preparato
460 1670 575 1726 lunibm
586 1673 717 1752 religatus
726 1678 776 1738 est,
787 1686 842 1742 quo
852 1669 935 1725 vehe·
949 1668 972 1726 B
989 1671 1059 1725 sima
1072 1686 1155 1736 nona,
1170 1678 1328 1726 sanctorum
1342 1678 1496 1748 martyrum
1512 1671 1673 1740 Paramoni‚
1689 1679 1716 1728 et
1728 1620 1782 1730 Pii·

133 1745 255 1800 mentius
269 1747 422 1811 stimulato,
437 1759 452 1797 a
467 1758 575 1797 summa
588 1741 729 1813 Capitolii,
745 1766 754 1788 ι
772 1752 823 1798 etc.
837 1743 868 1796 ln
879 1741 934 1797 line
990 1741 1103 1797 lumeni.
1120 1743 1156 1796 Et
1171 1742 1259 1797 sancti
1274 1742 1377 1809 Acacir,
1390 1743 1438 1824 qui
1452 1743 1507 1798 luit
1519 1741 1549 1796 in
1560 1742 1680 1814 gradu.»
1696 1745 1734 1800 De
1744 1745 1782 1801 lde

133 1815 328 1889 subjungitur:
359 1838 368 1860 ι
393 1813 552 1880 Deventria,
578 1815 668 1868 natale
696 1812 784 1869 sancti
808 1811 933 1868 Radbodi
988 1813 1082 1867 eadem
1107 1813 1153 1869 hio
1176 1812 1388 1886 habenturque
1403 1830 1432 1869 m
1451 1813 1551 1886 priori,
1567 1814 1707 1871 eteodem
1729 1817 1781 1873 obs·

132 1887 255 1959 episcopi
270 1885 454 1957 Trajectensis
470 1883 610 1938 inferioris
624 1891 651 1940 et
672 1883 847 1940 contessoris.
863 1907 872 1929 ι
989 1891 1103 1939 rectene.

130 2072 224 2129 Pridie
239 2072 306 2129 Kal.
1683 2077 1772 2135 uest

165 2161 322 2219 incivitate
337 2163 441 2230 Patras,
457 2159 607 2233 provincia
622 2160 746 2230 Achaiae,
762 2158 862 2215 natalis
876 2159 965 2218 sancti
978 2160 1096 2217 Andreae
1110 2162 1239 2233 apostoli,
1256 2163 1304 2236 qui
1317 2163 1401 2220 etiam
1416 2164 1490 2237 apud
1502 2164 1641 2222 Scithiam
1656 2139 1780 2240 praedica-³

128 2253 180 2308 vit.
203 2253 255 2309 Hic
278 2253 464 2320 beatissimus,
480 2251 514 2307 ab
528 2253 601 2323 Egea
616 2253 779 2324 proconsule
803 2249 1029 2322 comprehensus,
1052 2252 1142 2324 primo
1156 2251 1186 2305 in
1201 2267 1309 2308 carcere
1324 2261 1365 2309 est
1379 2253 1500 2321 clausus,
1515 2271 1548 2311 ac
1562 2255 1666 2313 deiude
1685 2261 1778 2330 gravis·

129 2347 198 2402 sime
220 2364 316 2417 cesus,
339 2349 371 2404 ad
394 2348 524 2404 ultimum
540 2348 649 2404 veroin
666 2364 747 2405 cruce
761 2363 906 2419 appensus,
927 2342 1012 2401 biduo
1028 2342 1097 2398 inibi
1112 2342 1278 2415 supervixit.
1293 2343 1375 2415 Apud
1396 2344 1560 2412 Sanctouas,
1576 2347 1667 2403 sancti
1682 2346 1776 2418 Troiani

128 2438 261 2511 episcopi,
278 2455 382 2511 magne
397 2441 552 2497 sanctitatis
566 2440 632 2509 viri,
640 2440 689 2514 qui
704 2442 828 2511 sepultus
843 2438 935 2506 terris,
948 2436 1019 2492 coelo
1033 2451 1061 2491 se
1076 2435 1170 2490 vivere
1184 2435 1280 2490 multis
1295 2434 1449 2491 virtutibus
1463 2437 1636 2496 manifestat.

884 2562 1001 2621 NOTAE.

164 2658 230 2714 Puri
251 2668 317 2715 suut
339 2662 462 2728 Prolem,
483 2662 631 2730 Merinien„
653 2663 881 2734 Asterop-Mul„
895 2664 1042 2730 Munerat,
1064 2663 1175 2718 Greuea.
1200 2669 1228 2716 et
1251 2663 1354 2717 Melon.
1378 2661 1550 2719 decederent
1575 2665 1708 2722 undecim
1729 2666 1774 2733 alii,

128 2749 184 2805 uisi
199 2751 229 2804 in
244 2748 299 2804 fine
312 2749 465 2820 adjicerent
475 2751 627 2821 passionem
642 2759 739 2807 sancte
753 2753 874 2808 destino.

746 2876 947 2934 VAlllANTES
965 2876 1173 2934 LECTIONES.

163 2976 194 3031 In
215 2975 342 3031 minutiis
355 2984 510 3031 versantur.
526 2975 628 3101 Scripsi
645 2977 772 3032 Scitlricm
786 2994 848 3034 cum
865 2995 928 3033 ma·
981 2989 1059 3050 cepto
1074 2977 1209 3045 Pratensi‚
1225 2977 1299 3032 haud
1318 2976 1401 3033 dubie
1420 2975 1579 3046 emendato,
1597 2987 1624 3034 et
1640 2980 1773 3035 Molan.h

125 3046 181 3119 jori
206 3047 333 3103 codicum
354 3063 481 3112 numero,
501 3047 567 3103 licet
605 3047 630 3102 ic
649 3049 692 3102 vel
708 3048 766 3119 ipse
786 3048 928 3105 Grevenus
981 3050 1115 3107 Munerat.
1132 3059 1172 3106 est
1187 3050 1224 3103 ibi
1239 3065 1288 3120 pro
1303 3048 1389 3114 inibi,
1404 3050 1475 3104 etin
1490 3049 1772 3123 Antuerp.·Maj.nc-

128 3126 202 3175 recte
224 3118 322 3174 habeat
338 3119 481 3189 Scythiam.
497 3118 542 3174 Sic
554 3120 627 3189 Epeo
641 3134 703 3174 cum
719 3120 858 3189 omnibus,
874 3136 928 3176 err-
980 3122 1123 3190 arsestcbct
1138 3138 1186 3193 pro
1202 3120 1363 3190 monilbstct.

808 3245 1111 3302 OBSERVATIONES.

163 3343 302 3400 Andream
325 3359 341 3398 a
364 3341 466 3398 Graecis
481 3344 658 3398 Protocletum
674 3359 721 3398 seu
737 3344 828 3470 ppimo
843 3359 929 3399 voca-
944 3352 965 3411 c
981 3344 1081 3399 arianis
1100 3343 1239 3400 indicatur
1255 3360 1284 3398 111
1300 3342 1479 3415 Septembris.
1496 3343 1577 3400 Adde
1600 3345 1773 3400 mutasses

127 3423 187 3471 tum
212 3414 344 3486 appellari
369 3415 545 3469 consuevisse
568 3415 652 3470 tradit
673 3416 709 3470 Pa
729 3431 742 3470 e
764 3415 874 3470 rocbius
897 3415 926 3470 in

128 3487 245 3559 Ephem.
261 3484 541 3541 Graeco-Moscisante
551 3491 658 3539 tomum
674 3487 685 3540 l
727 3487 926 3557 aii,pag.sx11,

127 3574 179 3614 nec
203 3555 354 3627 quidquam
378 3554 494 3625 impedit
513 3571 568 3626 quo
585 3555 678 3610 minus
694 3555 788 3610 eodem
809 3572 891 3611 seusu
912 3573 928 3612 a

128 3627 209 3683 nobis
224 3625 333 3680 dicatur
348 3625 596 3694 Proto-apostolus,
616 3641 664 3680 seu
684 3626 773 3696 primo
788 3627 928 3696 apostolus

129 3699 244 3761 electus,
262 3703 290 3748 et
305 3695 377 3748 inter
398 3693 501 3764 primos
517 3694 627 3766 publico
642 3703 670 3750 et
685 3695 829 3750 celebriori
849 3698 927 3752 cultu

129 3767 159 3821 in
183 3765 313 3819 universa
336 3763 459 3818 Ecclesia
477 3763 604 3832 donatus,
620 3772 651 3819 ut
667 3764 793 3835 pluribus
807 3767 928 3822 demon-

129 3836 210 3893 strari
232 3843 333 3906 posset,
354 3833 407 3887 uisi
432 3834 588 3890 sufficerent
602 3835 712 3890 Tabulae
727 3852 821 3893 omnes
835 3840 928 3894 eccle-

129 3907 246 3964 siasticae
270 3904 479 3974 antiquissime,
501 3905 675 3972 Kalendaria,
700 3904 927 3976 Sacramentaria,

129 3976 336 4047 Martyrologia.
348 3973 408 4028 Non
420 3975 532 4044 reperiri
546 3975 662 4031 Andreae
674 3993 774 4033 nornen
785 3979 812 4033 ιιι
824 3980 928 4036 lluche·

130 4046 320 4102 rianomirum
331 4045 436 4099 nemini
448 4045 647 4117 videbitur,qui
660 4049 816 4104 meminerit
828 4052 927 4106 Kalen·

131 4118 241 4174 darium
256 4117 330 4172 istud
345 4116 383 4171 ita
394 4116 471 4171 urbis
488 4119 615 4173 Romanae
628 4121 770 4190 proprium
788 4121 881 4189 luisse,
897 4129 929 4176 ut

130 4189 203 4244 solas
218 4189 287 4244 duas
301 4186 527 4244 annuntiationes
542 4196 695 4258 extraneas,
711 4208 809 4264 nempe
824 4193 929 4265 Perpe-

130 4269 184 4316 tuae
199 4268 226 4313 et
239 4259 402 4325 Felicitatis,
415 4276 446 4314 ac
462 4259 595 4332 Cypriani
610 4262 759 4318 contineat.
784 4265 821 4318 At
844 4272 929 4320 vetu-

129 4340 199 4387 stam
214 4331 305 4386 cultus
320 4329 508 4385 extensionem
524 4332 645 4387 ostendit
658 4334 854 4389 Kalendariurn
866 4336 929 4392 Car·

129 4401 178 4456 tha
197 4402 301 4467 inerme,
320 4402 349 4457 iu
364 4418 418 4473 quo
433 4401 534 4456 diserte
551 4403 709 4473 ponitur‚...
725 4405 791 4460 Kal.
808 4406 926 4461 Decemb.

132 4473 160 4528 S.
194 4472 928 4553 adreoeaportolietmartqris,ubivixtresaliiapostoli

130 4543 161 4599 iu
183 4549 242 4598 toto
260 4545 310 4598 illo
331 4543 498 4598 Kalendario
511 4545 701 4599 rrrveniuntur.
717 4547 847 4602 Alienon
861 4565 929 4630 per-

130 4629 222 4680 curro,
238 4621 269 4667 ut
278 4613 483 4684 Martyrologiis
498 4615 657 4680 inhaeream,
673 4615 817 4689 interque
834 4619 927 4674 lhero-

981 3416 1097 3471 bosilicae
1106 3416 1191 3470 eoacti
1200 3416 1323 3482 Andrem,
1334 3432 1364 3469 ιιι
1373 3414 1537 3469 Novembris
1551 3433 1557 3481 ;
1570 3431 1602 3472 ac
1611 3416 1722 3472 demum
1731 3416 1774 3471 boe

981 3486 1041 3542 die:
1059 3489 1092 3543 ln
1106 3487 1201 3553 Actio,
1217 3487 1260 3541 vel
1273 3488 1301 3539 ia
1311 3486 1451 3556 prouincia
1471 3487 1592 3557 Aqopioe,
1608 3488 1714 3543 civitate
1726 3489 1775 3543 Pc-

982 3565 1049 3622 trcs‚
1074 3559 1174 3612 soletis
1188 3557 1273 3612 sancti
1286 3557 1402 3612 Andreae
1416 3559 1541 3627 apostoli.
1559 3558 1604 3612 Ex
1639 3559 1717 3616 uibus
1735 3573 1775 3613 as·

982 3637 1081 3684 sertam
1108 3627 1264 3700 nuperrime
1286 3629 1313 3682 S.
1339 3628 1455 3682 Andreae
1481 3630 1577 3685 cultus
1599 3645 1632 3686 ce
1658 3629 1776 3684 britatem

982 3699 1090 3755 abunde
1104 3700 1195 3754 evinci
1210 3699 1367 3771 perspicies.
1388 3698 1502 3756 Romani
1518 3700 1598 3770 parvi
1613 3699 1776 3756 annuntiatio

983 3769 1188 3841 simplicissima
1202 3779 1242 3825 est
1257 3788 1262 3824 :
1283 3771 1397 3824 Andreae
1411 3771 1534 3840 apostoli.
1552 3772 1623 3827 ltem
1638 3771 1726 3839 Beda,
1741 3787 1776 3842 ge

982 3840 1095 3897 minatis
1106 3841 1242 3896 duntaxat
1257 3841 1366 3896 verbis:
1384 3842 1481 3896 Notale
1495 3842 1583 3896 sancti
1597 3843 1776 3914 Andrsoeapc-

982 3912 1054 3967 stoli.
1068 3912 1133 3979 Quae
1149 3913 1230 3982 paulo
1246 3913 1353 3982 plenius
1372 3911 1475 3967 habeut
1491 3912 1592 3968 Florus
1608 3921 1637 3969 et
1652 3914 1776 3980 hebenus,

982 3999 1045 4038 oum
1066 3983 1171 4038 Adonis
1193 3983 1294 4055 elogio,
1315 3984 1387 4038 inter
1406 3982 1582 4039 Festivitates
1600 3987 1776 4056 apostolorum

982 4054 1080 4122 relato,
1099 4054 1218 4109 conferri
1243 4070 1276 4108 ne
1296 4061 1392 4109 neunt.
1414 4054 1538 4125 Sumpsit
1553 4055 1601 4111 hic
1615 4072 1652 4111 ex
1665 4056 1777 4113 celcler-

984 4125 1062 4180 rimis
1078 4126 1164 4192 Actis,
1180 4125 1230 4179 sub
1246 4069 1357 4180 adare
1368 4124 1595 4196 presbyterorum
1611 4135 1641 4182 et
1654 4127 1778 4184 diacoue-

983 4212 1044 4249 rum
1060 4196 1171 4250 nomine
1185 4194 1219 4249 ab
1234 4195 1310 4250 omui
1326 4194 1413 4251 ierme
1427 4212 1486 4250 aevo
1496 4195 1662 4253 Christiano
1673 4199 1777 4255 circum·

983 4266 1049 4321 ferri
1073 4266 1184 4333 solitis;
1209 4282 1243 4320 ex
1262 4266 1359 4321 Adone
1379 4274 1470 4321 autem
1493 4274 1603 4323 textum
1627 4285 1707 4325 suum
1732 4267 1778 4323 buc

983 4337 1080 4392 Noster
1098 4337 1249 4392 transtulit.
1266 4337 1346 4394 Circa
1360 4338 1473 4409 praelata
1487 4338 1557 4394 Acta
1572 4348 1687 4396 uumsse
1699 4340 1778 4396 Baro·

983 4409 1061 4462 nium
1075 4410 1287 4479 apocryphorum
1302 4409 1395 4463 timore
1408 4409 1530 4464 advertit
1546 4411 1736 4467 Florentinius
1746 4409 1779 4465 ci·

983 4480 1126 4546 tatoloco;
1146 4496 1196 4536 neo
1210 4496 1274 4534 sane
1291 4479 1417 4535 dubitare
1427 4480 1517 4550 potuit
1535 4482 1780 4553 perspicacissimus

982 4550 1132 4605 Annalium
1144 4551 1393 4607 ecclesiasticorum
1405 4567 1502 4621 parens
1512 4552 1582 4623 quin
1599 4569 1616 4608 a
1629 4550 1779 4609 Manicbaeis

983 4621 1098 4692 aliisque
1122 4620 1259 4677 haereticis
1280 4622 1324 4676 vel
1346 4621 1427 4688 farta,
1448 4622 1493 4676 vel
1511 4631 1654 4691 temerata,
1678 4624 1722 4678 vel
1741 4622 1778 4676 in·

130 4685 265 4753 nymiaua
283 4685 392 4738 nullum
408 4686 563 4755 apostolum
578 4695 619 4741 tot
633 4687 757 4757 repetitis
773 4689 928 4745 festivitati·
944 4692 1115 4763 Dterpolate
1138 4691 1251 4759 inerint,
1277 4694 1373 4748 saltem
1398 4699 1478 4763 prout
1503 4692 1571 4747 olim
1594 4692 1731 4760 exstitere,
1753 4699 1779 4748 et

131 4751 183 4806 bus
205 4752 361 4818 celebrant;
388 4769 422 4808 an
447 4754 549 4825 ubique
564 4772 637 4821 vere,
652 4766 860 4814 controversum
875 4769 926 4828 est,

131 4838 181 4878 nec
205 4821 315 4877 admitti
337 4839 414 4894 posse
436 4840 544 4891 censen,
565 4826 638 4897 quod
659 4829 793 4883 nonnulla
815 4846 927 4901 posuere

133 4893 165 4948 ιθ
181 4893 333 4959 Februarii,
350 4894 415 4948 dum
432 4909 480 4963 pro
495 4896 582 4950 altero
592 4898 701 4951 Aodrea
716 4906 744 4952 et
757 4901 858 4968 Aporio
868 4902 927 4957 sive

130 4965 266 5036 Apponio,
275 4965 326 5019 sub
338 4965 443 5019 llerode
455 4965 483 5019 iu
495 4966 653 5021 Bethlehem
663 4967 738 5022 ludae
748 4971 925 5040 martyribus,

130 5036 271 5107 irrepsisse
294 5036 405 5091 videtur
424 5036 546 5091 Andreas
567 5041 701 5108 apostolus
722 5039 802 5095 sicuti
825 5058 856 5097 eo
882 5043 927 5100 die

129 5106 287 5162 observavit
314 5106 513 5172 henschenius,
541 5108 712 5164 Florentinio
740 5119 800 5182 post
827 5116 927 5170 multas

128 5178 257 5250 ambages
271 5178 348 5234 illius
362 5178 473 5233 deruum
490 5178 614 5250 opinioni
631 5181 716 5236 ferme
727 5182 924 5241 subscribente.

128 5248 260 5305 Consulat
275 5250 399 5306 curiosus
413 5250 498 5305 lector
512 5251 677 5306 Florentinii
692 5262 771 5309 notas
785 5263 811 5309 et
824 5257 928 5312 exerci-

128 5320 246 5377 tationes
259 5320 293 5376 ad
309 5320 465 5376 indiculum
480 5323 677 5392 apostolorum,
693 5341 708 5377 a
741 5341 782 5397 ag.
801 5326 860 5382 lib.
876 5328 926 5383 Est

128 5398 259 5469 praeterea
273 5392 302 5446 in
317 5392 456 5463 praedictis
470 5392 633 5464 apographis
650 5411 667 5448 v
682 5341 835 5464 Februarii,
846 5399 926 5453 ordi-

128 5464 200 5511 natio
216 5462 378 5532 episcopatus
396 5464 511 5518 Andreae
524 5466 647 5535 apostoli.
664 5466 767 5522 Rursus
783 5485 810 5521 ιιι
827 5469 924 5538 Medii,

126 5526 276 5585 Mediolano
305 5536 529 5590 commemoratio
554 5536 663 5608 aliqua,
692 5538 719 5590 ia
749 5539 859 5594 basilica
888 5541 925 5594 od

122 5603 230 5675 por-tom
245 5603 409 5671 Montanum
426 5606 538 5677 quodie
553 5623 603 5662 nos
621 5624 681 5663 cum
699 5609 821 5665 Usuardo
837 5611 924 5667 fusius

124 5681 232 5738 egimus
254 5670 287 5749 de
308 5675 434 5743 Androm,
451 5677 531 5732 Luem
546 5686 573 5733 et
588 5677 726 5735 Timothei
741 5682 923 5739 translatione

123 5735 403 5814 Constantinopolim.
424 5746 477 5802 Sed
495 5749 639 5805 translatio
659 5749 713 5806 alia
737 5752 766 5808 in
788 5753 923 5826 Hierony-

983 4763 1017 4816 ah
1039 4762 1158 4818 Eusebio
1180 4764 1295 4835 aliisque
1317 4762 1416 4833 rejecta
1437 4763 1578 4819 novimus.
1603 4765 1700 4821 Utrum
1718 4778 1778 4818 vero

984 4833 1187 4889 chlorentinii
1197 4835 1332 4889 sententia
1342 4833 1376 4887 ab
1386 4835 1777 4908 erroribusreprerqetuveiaos

983 4903 1072 4957 eadem
1081 4904 1137 4958 sint
1149 4921 1208 4975 quae
1218 4905 1247 4958 iu
1258 4905 1471 4972 Passionalibus‚
1487 4913 1546 4960 tum
1559 4923 1627 4962 mss.
1642 4916 1702 4962 tum
1713 4904 1776 4978 typis

983 4975 1101 5041 excvrsis,
1125 4976 1225 5046 passim
1249 4977 1433 5046 reperiuntur,
1458 4977 1616 5047 operiosius
1639 4977 1707 5034 alibi
1732 4975 1775 5031 crit

983 5046 1209 5101 esarninandum.
1232 5047 1299 5102 Mihi
1322 5054 1395 5102 certe
1419 5063 1474 5102 non
1498 5047 1614 5104 videtur
1637 5044 1775 5121 rejicimur

984 5117 1104 5172 narratio
1121 5125 1161 5172 tot
1176 5119 1286 5173 Petrum
1302 5118 1439 5189 suffragiis
1453 5118 1644 5188 corroborata,
1658 5119 1695 5176 ob
1707 5116 1774 5174 tuse

983 5187 1088 5242 riorum
1116 5190 1284 5260 corruptelas
1312 5189 1418 5260 aliquas
1446 5197 1473 5243 rt
1503 5189 1772 5261 depravationes,s

981 5275 1096 5330 quorum
1107 5260 1335 5331 impiismauibus
1342 5261 1405 5316 neci
1409 5277 1463 5332 psae
1469 5275 1554 5317 sacrm
1563 5261 1668 5318 litterae
1677 5261 1771 5318 intans

980 5338 1181 5398 remanserunt,
1206 5331 1437 5403 quemadmodum
1451 5331 1482 5386 in
1496 5347 1581 5403 opere
1602 5334 1639 5391 de
1650 5347 1686 5390 eo
1699 5344 1770 5413 atql-

980 5410 1093 5468 ment0‚
1134 5417 1190 5456 non
1231 5402 1270 5458 ita
1331 5401 1418 5458 ridem
1459 5401 1558 5471 edito,
1595 5402 1770 5461 emuistsum

979 5472 1105 5542 probavit
1129 5480 1221 5528 noster
1242 5418 1460 5529 Bartiotomaeus
1487 5472 1623 5543 Germou,
1647 5470 1768 5532 vident·

978 5543 1093 5623 omnino
1109 5559 1125 5597 a
1139 5560 1199 5670 pap.
1218 5543 1281 5612 221,
1302 5551 1360 5626 toto
1375 5560 1434 5626 cap.
1456 5543 1483 5610 2,
1498 5560 1535 5625 es
1548 5544 1704 5602 Pbrlsstrio
1715 5540 1766 5607 Bri·

978 5629 1078 5680 mensu,
1103 5632 1197 5671 secur
1221 5623 1311 5688 quam
1334 5623 1478 5689 scriptore,
1502 5616 1667 5686 denuderis,
1693 5622 1765 5689 pm!

977 5686 1069 5758 aliqua
1088 5693 1115 5741 et
1128 5687 1246 5758 genuina
1260 5686 1377 5745 Andreas
1390 5686 1463 5746 Acts
1474 5686 1653 5761 turpissimis
1664 5680 1765 5747 sam-

976 5772 1071 5812 corum
1093 5755 1310 5829 inquinamentis
1328 5755 1762 5833 stedeheim&
