3834 6136
139 222 192 282 959

634 217 842 278 ADREVALDI
861 217 1112 279 neumanensis
1131 220 1294 280 MONACHl

1742 217 1796 276 stt

140 379 174 438 ad
187 396 234 438 eos
247 377 370 448 accessit,
382 384 410 437 et
424 377 574 436 leuissimis
588 375 682 435 verbis
695 393 790 435 eorum
806 377 941 436 tumentia
958 381 984 439 A
998 377 1111 435 nomine
1120 377 1312 448 hlummolum,
1323 378 1462 454 suasitque
1471 377 1497 435 ei
1510 385 1541 435 ut
1549 376 1584 435 ad
1595 376 1796 434 monasterium

141 472 224 530 eorda
237 470 346 529 mollire
356 469 473 527 studuit.
482 468 530 527 llis
542 469 616 527 euim
625 467 721 527 verbis
733 486 780 527 eos
789 469 937 528 convenit:

147 561 189 620 «0
204 560 273 618 mihi
287 559 441 618 dulcissimi
452 569 480 617 et
490 560 607 618 nimium
617 562 798 620 amantissimi
812 563 874 630 ulii,
884 579 939 637 quo

140 650 261 724 impulsu
283 649 374 707 fredus
393 658 537 723 paternum
565 652 773 725 fraternumque
791 653 906 710 violatis
926 655 940 710 ‘l

140 740 214 811 Quid
238 739 309 797 illud
325 746 366 796 est
385 740 459 814 quod
479 756 530 798 vos
544 741 670 816 proprios
684 741 782 798 iratres
806 742 872 799 iecit
886 759 940 800 ne-

139 830 291 889 sciretne
314 830 448 902 ignoratis
471 831 544 905 qnod
567 831 694 889 diabolus
709 848 791 888 causa
805 832 940 904 superbia

140 927 167 977 et
180 919 326 977 discordia
340 936 355 975 a
369 922 432 978 omli
448 923 624 994 perturbatus
644 923 681 978 sit
704 923 850 981 culmine?
867 923 939 981 Num

140 1017 232 1066 mente
259 1012 378 1067 excessit
405 1010 531 1084 superbis
559 1011 627 1067 solis
657 1010 776 1067 ablatam
806 1027 864 1068 esse
890 1028 939 1085 pro

139 1116 247 1158 summa
257 1101 381 1158 vindicta
391 1102 523 1159 unionem
537 1102 649 1175 lingum,
660 1109 687 1158 et
705 1120 846 1177 nunquam
861 1120 939 1178 repa·

140 1196 228 1245 ratum
246 1190 299 1247 uisi
315 1191 437 1248 adventu
452 1191 572 1268 Spiritus
586 1193 674 1250 sancti
688 1195 833 1265 coagulum
850 1194 938 1252 chari·

140 1279 207 1335 tatis
221 1275 404 1352 significantis
425 1281 451 1338 ir
467 1281 539 1356 iguis
554 1281 669 1354 speciei
690 1282 793 1340 Discite
817 1300 880 1357 ergo
904 1284 938 1340 si·

140 1368 307 1426 multatibus
329 1371 500 1442 renuntiare,
527 1380 553 1429 et
577 1375 689 1432 Domini
715 1375 807 1433 verbis
827 1376 939 1433 obedire

139 1457 276 1517 dicentis:
296 1462 395 1519 Discite
416 1482 434 1520 ο
459 1481 509 1534 me,
525 1467 590 1537 quin
602 1467 674 1524 milis
697 1485 757 1524 sum
781 1474 806 1523 et
831 1468 940 1524 humilis

996 467 1048 523 iret
1070 467 1148 541 quasi
1173 469 1274 525 multas
1296 468 1425 542 pecunias
1448 467 1551 525 ibidem
1576 473 1750 539 reperturus.
1766 465 1796 523 ln

994 556 1074 629 cujus
1089 564 1264 630 pectuscum
1280 565 1373 616 notam
1389 557 1443 615 sibi
1462 557 1548 616 facem
1566 554 1710 630 cupiditas
1722 553 1797 630 inje-

994 646 1086 715 cisset,
1103 646 1296 704 incunctanter
1318 649 1372 704 iter
1390 648 1519 721 arripuit,
1543 654 1572 704 et
1595 646 1796 703 monasterium

995 745 1175 812 sanctumque
1185 740 1276 796 viram
1290 739 1375 797 adiit:
1388 749 1415 795 et
1424 739 1489 813 quia
1502 739 1600 796 crebro
1620 753 1687 795 cum
1701 737 1794 796 eodem

994 825 1146 882 hlummolo
1160 828 1194 884 de
1208 828 1331 885 utilitate
1347 827 1448 884 animm
1462 826 1591 883 conferre
1609 833 1672 883 erat
1685 826 1793 896 solitus,

995 914 1064 971 nihil
1081 915 1186 973 veritus
1204 932 1266 973 eum
1286 917 1417 990 suscepit,
1443 923 1470 973 et
1495 914 1647 989 magnifico
1664 916 1793 975 convivio

994 1019 1055 1061 eum
1070 1005 1159 1062 curari
1179 1006 1255 1064 lecit.
1271 1007 1329 1062 lam
1341 1022 1406 1063 vero
1422 1005 1589 1062 insidiarum
1605 1005 1793 1064 concinnatio

994 1109 1042 1150 uas
1056 1110 1103 1166 per
1117 1094 1277 1152 Audoenem
1292 1104 1458 1168 cognoverat
1476 1094 1641 1168 episcopum
1658 1092 1793 1170 [Dothe-

995 1205 1149 1260 mageussm
1162 1190 1184 1266 ].
1209 1190 1359 1248 Mummolo
1386 1207 1451 1264 ergo
1472 1189 1628 1264 prandente
1646 1198 1674 1248 et
1689 1192 1792 1251 esteris

994 1278 1089 1336 scleris
1112 1279 1357 1352 conspiratoribus,
1373 1280 1467 1338 sabito
1488 1280 1647 1338 Archadius
1670 1280 1705 1338 ad
1721 1281 1791 1340 sind·

995 1367 1141 1427 liludinem
1154 1370 1231 1428 iudae
1245 1371 1326 1427 turba
1341 1370 1458 1444 stipatus
1480 1371 1603 1442 maligna
1618 1370 1791 1440 constitisse

995 1459 1155 1532 magistrum
1173 1460 1382 1534 comprehendi,
1393 1460 1507 1528 vinciri,
1524 1460 1704 1534 fustibusque
1716 1460 1790 1519 tundi

139 1549 218 1606 corde
234 1551 341 1622 (natm.
358 1556 411 1627 rr).
428 1554 507 1624 Quod
521 1556 543 1612 si
570 1565 682 1630 propter
697 1575 741 1615 me
763 1558 816 1616 hoe
835 1558 937 1631 agitur,
991 1547 1074 1620 jussit
1088 1569 1094 1606 ;
1110 1549 1184 1623 quod
1199 1557 1225 1605 et
1236 1550 1397 1607 factumest.
1409 1551 1518 1608 Interea
1533 1551 1579 1606 vir
1589 1550 1680 1608 totius
1693 1549 1791 1624 patieu-

139 1638 202 1697 dico
218 1641 382 1702 vobisloaas
396 1647 488 1703 verbis
505 1666 511 1705 :
527 1649 621 1705 Tollite
634 1656 706 1706 meet
721 1649 940 1705 miltileiamore
994 1639 1050 1707 liaes
1064 1639 1243 1697 reminiscens
1258 1641 1318 1710 Dei,
1334 1648 1361 1698 ti
1382 1642 1532 1698 ⁰⁰¹115¹¹t¹111
1553 1649 1687 1698 ¹¹⁰⁸ltt1ffl
1701 1641 1789 1701 198ιῦ

141 1728 215 1797 (los.
233 1731 267 1803 ι)
283 1751 289 1790 :
305 1733 391 1793 satius
407 1745 448 1792 est
464 1736 535 1795 mihi
556 1755 572 1792 a
598 1739 678 1795 vobis
691 1740 797 1797 secerni
811 1754 936 1811 corpore,
953 1745 975 1804 Β
995 1730 1135 1789 Christum
1151 1750 1205 1790 nou
1221 1750 1270 1807 pro
1285 1751 1323 1802 se,
1340 1734 1387 1792 sed
1410 1752 1459 1808 pro
1473 1734 1554 1792 uobis
1568 1734 1712 1793 amariora
1731 1752 1791 1811 per·

138 1830 220 1887 quam
235 1835 356 1892 praeseus
368 1830 462 1879 vestra
471 1824 590 1881 cruciari
602 1825 785 1884 dissensione.
798 1853 807 1876 ι

200 1946 302 2001 iterum
313 1949 397 2018 poulo
407 1954 468 2019 post
479 1949 634 2006 rebellantes
645 1952 755 2022 placare
769 1951 874 2009 nititur.

174 2065 218 2123 lt.
234 2065 290 2123 llao
317 2067 442 2124 oratione
466 2068 543 2125 visus
564 2075 606 2126 est
629 2070 741 2143 quidem
768 2070 801 2126 nd
829 2078 938 2144 tempus

137 2156 330 2228 compressisse
339 2165 445 2215 motum
453 2167 481 2216 et
491 2160 630 2233 mitigasse
636 2162 757 2218 furorem
769 2180 775 2219 :
788 2163 936 2220 intantum

138 2251 169 2301 ut
183 2244 235 2319 ipsi
256 2246 409 2304 faterentur
427 2250 547 2323 culpam,
562 2252 743 2310 obtenderent
766 2254 937 2312 satisfactio-

138 2353 215 2406 nem;
231 2338 278 2395 sed
291 2346 350 2394 erte
364 2340 553 2413 praetexebant
568 2342 689 2415 eulpam.
707 2344 788 2398 Anno
802 2342 876 2399 enim
895 2342 936 2398 in·

32 2413 37 2428 ⁴
137 2432 215 2500 tegro
229 2427 360 2485 diabolus
374 2429 402 2485 iu
413 2429 553 2502 speluncis
561 2430 687 2488 cordium
698 2431 811 2488 illorum
826 2431 877 2488 sub
889 2432 936 2488 tali

137 2517 316 2590 simplicitate
330 2520 460 2588 delituit;
480 2537 530 2578 neo
542 2520 597 2576 viri
612 2520 661 2578 Dei
678 2522 766 2579 valuit
780 2539 936 2597 quanquam

138 2606 252 2675 enebris,
267 2608 324 2665 imo
337 2609 480 2666 continuis
494 2610 634 2667 monitisa
647 2611 763 2668 latibulo
779 2613 880 2670 mentis
892 2630 936 2671 co·

139 2717 199 2758 rum
209 2707 339 2774 tanquam
357 2702 431 2775 aspis
445 2702 573 2760 obturata
582 2720 649 2761 aure
657 2705 771 2776 abduci,
785 2706 852 2781 quio
864 2723 936 2763 seru·

137 2805 186 2864 per
200 2789 434 2860 machinarentur,
450 2799 585 2865 quatenus
599 2802 720 2867 coeptum
746 2812 825 2852 suum
842 2804 936 2868 optato

136 2878 191 2938 fine
206 2881 413 2938 concluderent.
430 2881 481 2939 Sed
491 2898 554 2940 cum
567 2883 624 2956 jam
639 2885 706 2941 talia
721 2886 934 2957 permultorum

136 2986 186 3028 ora
200 2972 360 3042 volitarent,
371 2979 399 3029 et
410 2973 444 3029 ad
457 2990 547 3048 regem
557 2989 644 3047 nsque
654 2975 878 3047 perveherentur,
889 2993 934 3033 ve-

136 3170 182 3212 eos
202 3155 444 3225 animadverteret,
460 3157 642 3214 decreuerunt
654 3163 685 3211 ιιι
697 3157 766 3213 altar
781 3172 887 3226 eorum,
903 3157 932 3216 id

134 3252 175 3301 est
197 3245 360 3309 Archadius.
376 3245 543 3302 monasterio
560 3244 723 3313 discederet,
742 3253 932 3302 commoturus

133 3334 248 3393 clericos
262 3335 395 3404 civitatis,
415 3345 443 3393 et
465 3351 643 3411 quoscunque
663 3334 836 3393 secularium
853 3336 932 3392 vale·

132 3431 183 3481 ret.
210 3425 363 3484 Columbae
387 3443 452 3484 vero
473 3427 547 3484 inira
571 3425 769 3484 monasterinm
797 3424 929 3505 residens,

132 3513 241 3587 eosqui
256 3529 272 3569 a
287 3522 383 3571 saneto
405 3515 467 3571 viro
483 3513 656 3572 desciverant
671 3514 698 3569 in
715 3512 830 3587 perfidia
842 3521 931 3586 coepta

131 3600 318 3668 oonllrmaret,
334 3610 362 3658 et
376 3602 400 3659 si
413 3619 482 3676 quos
498 3611 589 3674 posset
604 3602 656 3659 sibi
672 3601 796 3658 sociaret.
814 3603 850 3658 At
864 3618 930 3659 vero

72 3683 74 3687 ’
131 3696 242 3745 sanctus
256 3689 301 3745 vir
315 3689 444 3760 Aigullus
465 3704 573 3763 semper
592 3689 727 3746 doctrinae
747 3688 868 3746 instabat
882 3689 931 3746 di-

130 3791 195 3834 cens
211 3793 218 3833 ε
234 3776 354 3847 Fratres,
367 3777 487 3849 Spiritus
501 3779 589 3835 sancti
611 3778 771 3835 verbasunt
786 3778 904 3837 maeotis
921 3798 927 3836 :

130 3865 265 3924 Dominus
293 3866 438 3924 unanimes
458 3867 525 3923 iacit
548 3866 672 3924 habitare
696 3867 726 3923 io
741 3867 824 3923 domo
840 3869 927 3940 (l’sol.

130 3955 231 4028 uxvu).
256 3956 309 4024 Qui
327 3973 391 4029 ergo
410 3955 624 4014 unanimitatem
640 3971 695 4013 non
706 3963 812 4027 teuent,
826 3957 928 4015 habita·

130 4043 233 4102 tionem
249 4045 348 4102 domas
358 4046 408 4103 Dei
424 4045 616 4118 perdiderunt,
627 4053 655 4103 et
669 4045 697 4102 iu
708 4045 811 4104 diaboli
826 4056 928 4105 sortem

129 4142 334 4192 concesseruut.
354 4135 473 4209 ldeoque
486 4142 594 4208 oportet
605 4152 656 4193 nos
669 4135 812 4194 charitatis
824 4137 928 4195 vincu-

129 4223 164 4280 lis
177 4223 261 4293 necti,
278 4234 306 4282 et
318 4241 375 4282 non
390 4225 572 4284 scissionibus
586 4226 688 4285 dividi.

127 4347 277 4406 Arcadium
299 4349 435 4407 seditionis
458 4349 617 4407 incentorem
648 4351 744 4423 rejicit.
776 4353 890 4428 Capitur
904 4363 927 4412 el

401 4423 501 4494 ligatur
515 4439 574 4478 cum
588 4423 653 4479 suis.

993 1822 1098 1891 tulisse,
1107 1831 1133 1879 et
1148 1823 1211 1879 ideo
1221 1830 1278 1880 lota
1289 1822 1391 1880 liducia
1404 1823 1578 1894 decantabat,
1594 1824 1712 1883 dicens:
1728 1827 1792 1894 Quid

992 1912 1138 1967 retribuam
1158 1912 1271 1968 Domino
1292 1929 1344 1984 pro
1363 1913 1552 1985 omnibusque
1566 1915 1697 1971 retribuit
1709 1915 1791 1972 miii?

994 2007 1108 2064 Calicem
1128 2009 1259 2065 salutaris
1281 2011 1410 2083 accipiam
1433 2018 1458 2067 et
1471 2027 1568 2068 nomen
1589 2011 1703 2069 Domim
1718 2012 1791 2069 ἰιιιιο-

992 2097 1055 2153 cobo
1069 2098 1164 2168 (Paul.
1181 2116 1237 2155 cxv
1251 2100 1272 2170 ).
1292 2101 1437 2158 Laceratus
1452 2117 1515 2174 ergo
1536 2110 1566 2160 et
1580 2103 1708 2174 vinctus,
1724 2102 1791 2162 ludi·

991 2185 1107 2260 brioque
1129 2186 1250 2255 habitus,
1276 2196 1339 2244 ante
1367 2206 1415 2246 ora
1444 2199 1656 2265 persecutorum
1685 2208 1790 2251 suumn

991 2276 1191 2346 exponebatur,
1217 2293 1359 2351 quousque
1379 2294 1436 2334 nox
1460 2279 1516 2337 luci
1536 2279 1790 2353 superduceretur:

992 2379 1052 2436 qum
1066 2379 1130 2420 cum
1141 2382 1191 2422 suo
1205 2373 1329 2439 tempore
1340 2375 1427 2424 terras
1440 2367 1549 2440 operire
1560 2369 1704 2443 cepisses,
1715 2369 1789 2427 mini

991 2455 1041 2511 stri
1056 2454 1162 2514 Satanae
1176 2473 1306 2531 eosquos
1321 2465 1416 2515 sancto
1430 2475 1491 2514 viro
1511 2459 1685 2518 familiarius
1700 2460 1791 2518 adha-

991 2544 1058 2601 sisse
1082 2544 1215 2615 sciebant,
1240 2563 1256 2602 a
1280 2548 1408 2604 claustris
1432 2549 1594 2606 monasterii
1616 2549 1743 2620 eductos,
1760 2548 1790 2607 sd

990 2638 1098 2695 Patrem
1122 2638 1264 2696 adducunt
1292 2646 1422 2715 tanquam
1448 2640 1551 2715 pariter
1579 2639 1747 2713 audiendos,
1765 2659 1790 2700 re

990 2736 1081 2785 autem
1096 2745 1160 2784 vera
1176 2737 1207 2785 ιιι
1223 2729 1306 2786 simul
1329 2745 1478 2803 passuros:
1506 2745 1564 2787 non
1588 2731 1669 2788 euim
1686 2729 1789 2789 volebat

986 2818 1129 2875 Divinitas
1138 2818 1290 2892 solumpati
1298 2827 1444 2891 pastorem,
1456 2818 1616 2877 sedhabere
1630 2821 1787 2896 participem

989 2923 1108 2980 gregem.
1123 2911 1158 2977 At
1171 2923 1238 2964 vero
1249 2908 1335 2965 sancti
1352 2925 1424 2966 verm
1438 2907 1563 2978 virtutis,
1572 2916 1606 2966 ut
1616 2918 1681 2984 pote
1688 2910 1786 2985 Spiritu

989 3007 1083 3055 sancto
1093 2997 1252 3067 confortati,
1268 2997 1343 3071 quasi
1364 2995 1534 3071 jamjamque
1546 2995 1664 3072 jugulos
1682 3000 1787 3058 ensibus

21 3067 31 3077 '
136 3073 229 3122 rentes
242 3065 456 3138 conspirationis
475 3074 600 3123 auctores
619 3065 690 3138 regis
710 3083 743 3122 ne
756 3066 888 3124 seueritas
905 3067 934 3124 iu
950 3105 972 3166 c
990 3084 1142 3157 pfaebigurg
1155 3087 1287 3142 ultimum
1300 3086 1361 3142 ,ape
1372 3085 1424 3142 ,pbr
1436 3085 1575 3155 diffluant,
1589 3087 1786 3146 ,3131oeQO

989 3173 1019 3230 in
1031 3175 1124 3232 oscula
1136 3183 1246 3232 ruentes
1256 3173 1485 3232 commendabant
1496 3175 1605 3248 seipsos
1615 3177 1787 3247 Domino,di·

988 3273 1082 3322 centes
1094 3265 1119 3321 ei
1132 3281 1195 3322 cum
1214 3265 1336 3321 maxima
1350 3264 1468 3321 fiducia:
1485 3265 1603 3338 Propter
1612 3272 1650 3336 te,
1664 3267 1785 3336 Domine,

989 3360 1077 3410 inmte
1091 3353 1236 3422 afficimur;
1253 3363 1311 3411 tota
1324 3354 1380 3423 die,
1391 3341 1521 3411 aestimati
1535 3370 1635 3414 sumus
1645 3357 1717 3414 sicut
1726 3373 1784 3414 oves

989 3443 1135 3502 occisionis
1150 3444 1236 3517 (Psoi.
1253 3448 1355 3516 surim:
1376 3459 1411 3501 ne
1428 3460 1492 3515 ergo
1511 3459 1564 3501 nos
1578 3446 1699 3519 repellas
1717 3448 1745 3503 in
1757 3446 1783 3503 i·

988 3551 1061 3591 nem.
1082 3535 1205 3609 itumque
1217 3534 1366 3592 dicebant:
1388 3532 1536 3592 Collocasti
1553 3550 1608 3592 uos
1627 3536 1657 3592 in
1674 3536 1782 3595 obscum

984 3623 1056 3681 sicut
1071 3633 1195 3680 mortuos
1209 3625 1302 3682 saeculi
1319 3624 1406 3695 (Psal.
1423 3623 1522 3695 esuri).
1544 3624 1594 3681 His
1609 3634 1637 3682 et
1650 3625 1781 3683 similibus

984 3713 1099 3771 uocibus
1119 3722 1146 3771 et
1169 3715 1259 3775 noctis
1276 3713 1403 3772 tenebras
1423 3720 1450 3771 et
1473 3714 1604 3789 proprias
1627 3715 1780 3775 solabantur

984 3820 1129 3862 aerumnas.

1142 3919 1270 3991 Aipulfus
1284 3938 1297 3976 e
1310 3936 1413 3976 carcerc
1432 3919 1505 3977 seire
1519 3904 1639 3981 recusat.

1020 4018 1064 4076 ld.
1081 4019 1155 4075 later
1165 4018 1225 4076 hac
1240 4025 1332 4074 autern
1348 4026 1376 4074 et
1395 4017 1500 4075 mutuis
1515 4020 1701 4079 armabantur
1713 4021 1777 4079 allo-

983 4108 1066 4182 quiis,
1083 4124 1117 4164 ue
1134 4109 1196 4182 quis
1209 4106 1384 4165 infirmorum
1399 4107 1429 4164 in
1444 4107 1548 4166 talibus
1562 4109 1709 4184 deficeret,
1723 4126 1776 4170 ern

982 4195 1056 4253 dieat
1071 4196 1211 4255 veridicus
1233 4196 1401 4269 Apostolus:
1416 4197 1477 4253 Non
1498 4205 1562 4254 sunt
1575 4199 1716 4258 candiana
1725 4215 1776 4274 pst·

981 4287 1066 4343 siones
1079 4287 1159 4359 huius
1174 4284 1297 4359 temporis
1310 4286 1347 4342 ad
1365 4285 1488 4356 faturum
1503 4287 1624 4359 glorium
1639 4305 1701 4362 qum
1717 4303 1776 4346 rste·

983 4378 1084 4434 labitur
1102 4377 1219 4434 innubis
1235 4378 1323 4447 (Rom.
1348 4376 1424 4449 vlu).
1444 4375 1516 4434 Sane
1531 4385 1563 4434 ut
1588 4395 1617 4436 se
1632 4378 1717 4437 habet
1734 4379 1776 4437 bu·

941 4469 968 4530 D
982 4468 1056 4524 mani
1069 4468 1193 4542 corporis
1206 4475 1313 4537 natura,
1323 4486 1379 4542 prae
1393 4467 1508 4526 tristitia
1525 4485 1612 4544 sopor
1624 4472 1711 4529 solito
1719 4487 1776 4546 grt-

130 4574 135 4586 ·
163 4544 205 4602 1³·
231 4542 334 4601 Tililef
356 4545 406 4602 5¹¹0
430 4554 526 4620 ὃιθΰῑθ
548 4555 576 4603 θῑ
598 4546 726 4618 diffinit,
745 4548 861 4622 quadam
880 4549 925 4606 dit
980 4558 1042 4614 vior
1056 4574 1103 4615 eos
1117 4558 1220 4633 pariter
1229 4558 1355 4632 corripit,
1370 4565 1398 4614 et
1412 4557 1522 4616 vinctos
1531 4559 1645 4619 scilicet
1657 4568 1776 4620 etcuste

126 4632 280 4690 Archadius
295 4649 421 4691 reversus
436 4636 527 4694 fucata
542 4637 710 4706 humilitate,
723 4638 850 4714 fictisque
863 4658 923 4697 ver·
978 4649 1027 4706 des
1045 4651 1110 4708 :sod
1125 4667 1197 4708 unus
1209 4651 1355 4708 custodum
1368 4650 1561 4709 misericordia
1575 4659 1669 4713 nctus
1682 4662 1775 4714 ameum

123 4721 178 4791 bis,
194 4723 328 4794 promissa
355 4725 560 4797 praeteritorum
574 4729 754 4797 correctione,
769 4730 924 4787 habitatio·
978 4740 1111 4799 custodias
1126 4742 1223 4810 subiit,
1239 4743 1349 4799 eulmen
1360 4739 1524 4808 nudavit,et
1535 4741 1572 4799 ad
1583 4742 1680 4817 iugum
1694 4758 1776 4819 capes

123 4829 187 4871 uem
199 4813 345 4888 pristinam
354 4817 525 4888 precabatur.
537 4820 686 4877 Virautem
697 4823 809 4878 Domini
820 4833 924 4897 pestem
978 4830 1091 4887 senilam
1115 4838 1224 4888 sauctus
1247 4830 1380 4888 invitavit
1400 4838 1534 4888 :sauctus
1560 4847 1630 4889 vero
1656 4832 1777 4908 Aigulius

123 4903 280 4979 praevidens
310 4906 453 4976 latentem,
482 4908 614 4966 tratribus
640 4911 840 4980 adnitentibus,
866 4931 923 4971 non
978 4919 1078 4991 gratias
1091 4919 1169 4976 illius
1182 4919 1325 4977 devotioni
1341 4919 1407 4993 egit,
1423 4919 1470 4976 sed
1484 4926 1513 4976 st
1526 4918 1657 4979 hortatui
1669 4921 1776 4980 minime

124 4994 207 5052 modo
223 5010 280 5052 nou
301 4996 410 5066 annuit,
426 4996 474 5053 sed
498 4998 581 5054 etiam
606 5016 668 5057 euru
689 5007 767 5058 extra
782 5011 923 5062 monaste·
977 5008 1116 5082 acquievit
1137 5007 1253 5066 dicens:
1277 5010 1357 5066 «Siue
1375 5009 1498 5079 cisimus,
1510 5010 1628 5068 Domino
1647 5011 1776 5076 cinisem

124 5082 196 5139 rium
221 5082 388 5142 eliminavit.
414 5085 467 5143 Sed
495 5087 543 5144 illa
570 5087 683 5162 irsjuriae
709 5090 858 5165 impatiens
888 5097 923 5155 ad
976 5100 1182 5168 sicambriam,
1198 5100 1312 5156 Domino
1334 5097 1485 5165 morimur;
1508 5098 1642 5173 siresrgo
1656 5101 1774 5168 munes

124 5174 269 5244 quemdam
284 5192 313 5234 se
331 5177 461 5235 contulit.
479 5177 594 5238 Vicetia
612 5181 735 5240 civitatis
749 5185 923 5260 principems
976 5189 1029 5245 siae
1049 5190 1194 5256 morimur,
1217 5187 1326 5254 Domini
1349 5204 1440 5245 summ
1460 5187 1553 5262 (nom.
1571 5189 1650 5264 xcv).
1664 5190 1703 5250 Ει
1716 5188 1775 5268 quit

159 5300 253 5382 ¹lege
270 5303 362 5384 Ucetia
376 5302 491 5359 ciuitatis
512 5305 672 5387 principem,
697 5309 725 5366 id
750 5318 791 5367 est
810 5312 922 5394 episco-
975 5321 1002 5370 et
1029 5315 1197 5397 putassetis
1217 5316 1342 5386 praesenti
1373 5315 1445 5395 lecto
1473 5315 1652 5400 respondet:
1668 5315 1774 5403 haemi

125 5383 194 5493 guipp
196 5387 349 5502 1ppppdtltucrpn
356 5391 419 5503 'app
431 5392 500 5503 capp¹
503 5383 801 5511 eprspcpposdapppllapp.
813 5385 845 5488 ln
856 5384 921 5510 tha
975 5387 1201 5514 keppoupqmpula
1218 5402 1274 5466 nou
1286 5403 1382 5476 parum
1395 5386 1480 5445 distat
1494 5389 1652 5516 abhllestrs
1663 5394 1774 5450 crum

334 5462 351 5518 p
412 5464 451 5515 ,a
502 5465 539 5504 un
621 5470 743 5518 ,ιοιιιι
787 5472 920 5510 ammaus
998 5474 1071 5515 aree
1107 5466 1427 5514 anoriensissaaerna
1465 5458 1771 5542 grapoV.C.D.lle·

125 5506 259 5563 ozidinsis
274 5553 283 5578 ,
297 5514 326 5594 id
349 5526 390 5574 est
412 5518 549 5578 Uticensis
570 5523 716 5594 episcopus,
741 5524 769 5581 S.
792 5527 919 5582 Amando
974 5528 1084 5585 rovallri
1113 5544 1162 5603 pro
1181 5529 1281 5588 Vicetia
1295 5529 1395 5601 legitur
1442 5530 1533 5602 meleu,
1548 5547 1599 5591 sau
1614 5530 1694 5604 Nise,
1715 5548 1773 5608 que

126 5593 221 5647 pacem
245 5582 357 5643 ιιιοιιιιιι
380 5603 447 5644 esse.
475 5590 539 5658 Qum
563 5591 687 5650 hominis
705 5596 823 5666 saevitia,
845 5597 918 5655 sicut
973 5599 1040 5656 urbs
1050 5599 1150 5658 herine
1161 5599 1281 5661 vicinior
1293 5608 1345 5658 est.
