3834 6136
134 211 184 270 671

800 209 952 268 t'sUAttttt
970 209 1141 268 NONAClll.

1737 205 1792 264 672

903 363 1020 419 NOTAE.

168 465 344 524 Conveniunt
351 467 473 534 Proteo„
484 463 926 534 Herinien,Rosmeyd.,Aotucrp.
943 469 968 525 A
982 463 1214 534 ,trilucem-Mac,
1231 461 1409 532 llltrcy'ectiu,
1423 461 1545 533 hepatem,
1560 457 1723 527 domnico,
1742 458 1792 515 at-

133 546 161 595 et
180 537 376 604 Mea-Liviae,
398 536 543 604 illuceret,
562 536 672 592 Grcvcu.
695 541 722 590 et
741 535 843 593 llolcuv.
859 535 927 591 lteiu

985 535 1088 606 beryctt.
1106 541 1134 590 ct
1147 532 1244 590 Decio.

168 707 184 746 a
198 690 326 763 Quinque
340 689 383 746 illi
401 697 548 761 martyres
563 687 592 743 iu
609 688 693 745 litura
714 698 877 758 versantur;
894 705 945 747 uec
965 697 1057 745 tamen
1070 704 1085 744 a
1097 685 1288 746 Prateusiulla
1299 685 1425 760 exempla
1447 683 1615 757 discrepant.
1642 683 1720 757 Rogo
1734 682 1791 741 oui·

134 798 197 839 uam
212 778 374 837 ascribenda
388 780 425 836 sit
441 779 585 837 correctio.
602 779 771 837 Bnutituur.

748 908 952 966 vnutatttus
971 907 1176 966 LECTIONES.

169 1005 327 1077 Legendum
341 1013 411 1063 esset
425 1021 460 1061 eii
475 1007 596 1063 Romano
607 1023 692 1079 parvo
708 1015 735 1063 et
749 1008 845 1064 Adone
857 1009 929 1077 Sym·

131 1078 287 1148 pirouicci,
303 1095 359 1133 uon
385 1078 576 1148 simphoriani,
600 1088 631 1135 ut
646 1080 716 1135 male
739 1079 841 1135 habent
859 1081 930 1137 llos-

134 1149 238 1221 weyd,
254 1149 455 1215 blau-babeo,
472 1149 589 1205 Greveu.
605 1158 632 1206 et
646 1151 769 1217 Nolan.;
786 1159 856 1206 atex
872 1166 929 1205 me·

135 1219 213 1275 lioris
223 1227 295 1276 nota
305 1219 618 1276 codicibusservandum
629 1222 683 1276 luit
694 1222 885 1293 Simpronioni.
898 1223 929 1277 ln

134 1290 290 1372 apographo
304 1298 399 1347 nostro
413 1292 537 1348 Prateusi
560 1292 636 1349 deest
652 1294 780 1349 Castorii.
796 1292 929 1349 Nonnulli

134 1361 243 1418 codices
253 1362 379 1418 scribunt
389 1380 519 1418 carcerem
533 1364 618 1429 missi,
633 1364 678 1421 sed
714 1365 830 1432 odores,
846 1374 876 1420 ιιι
891 1375 931 1420 est

135 1432 164 1488 iu
179 1442 267 1490 textu.
291 1434 434 1490 Haesitasse
459 1435 633 1506 potissimum
657 1381 788 1493 visentur
802 1435 930 1492 codicum

134 1503 282 1631 scriptores
291 1505 365 1562 eirca
374 1506 501 1561 ultimam
514 1514 606 1562 textus
616 1507 774 1572 formulam,
786 1507 929 1573 nimirum,

134 1579 187 1656 scri
209 1575 346 1632 cuduinus
373 1584 443 1634 esset
470 1578 517 1632 sub
548 1579 697 1633 noruinibtcs
717 1579 931 1650 supradictorum

134 1663 250 1718 qumque
271 1654 430 1718 racrtyrvm,
453 1664 488 1703 au
512 1651 605 1722 potius
630 1656 746 1721 quotuor
768 1658 928 1722 martyrum.

984 1008 1091 1063 Praten.
1108 1015 1135 1062 et
1153 1007 1288 1061 Munerat.
1306 1003 1375 1058 male
1392 1003 1485 1072 legunt
1499 1008 1618 1071 quotuor
1633 1018 1644 1065 ;
1666 999 1788 1056 Greven.

984 1086 1011 1134 ct
1025 1079 1125 1133 Nolon.
1137 1092 1283 1132 numerum
1296 1074 1474 1155 supprimunt
1488 1091 1495 1139 ;
1511 1072 1604 1128 caeteri
1618 1087 1654 1126 ex
1672 1071 1787 1128 Romani

986 1151 1072 1220 parii,
1089 1149 1204 1215 Adonis,
1229 1163 1260 1202 ac
1278 1144 1394 1227 proinde
1418 1153 1445 1199 et
1460 1142 1577 1199 Usuardi
1601 1151 1697 1198 mente
1718 1150 1790 1199 recte

986 1221 1127 1292 legunt,ut
1137 1235 1232 1274 sensus
1247 1217 1344 1288 exigit,
1356 1215 1571 1284 supradictorum
1587 1215 1708 1284 quinque
1718 1231 1788 1268 mur-

986 1299 1082 1359 tyrum.
1104 1290 1213 1362 Reliqui
1227 1289 1256 1344 in
1271 1295 1350 1344 textu
1370 1284 1515 1357 Corpolori
1529 1293 1557 1340 et
1578 1285 1725 1356 repperiri.
1751 1287 1788 1342 llo

985 1363 1157 1424 Niclicstrcti,
1175 1360 1293 1417 Severini
1312 1375 1360 1431 pro
1377 1358 1475 1423 Seueri,
1497 1359 1628 1412 coleretur
1644 1372 1697 1428 pro
1720 1373 1787 1411 reco-

987 1436 1095 1502 leretur,
1121 1432 1192 1488 nihil
1209 1446 1371 1511 magnopere
1385 1427 1549 1484 notandum.
1566 1429 1602 1483 Αι
1626 1428 1656 1482 iu
1677 1427 1785 1484 Proteo.

985 1505 1096 1560 videtur
1107 1504 1226 1560 doluisse
1247 1502 1380 1574 particula
1405 1517 1464 1570 quoe
1487 1507 1550 1555 aute
1571 1499 1699 1566 Domino,
1716 1499 1787 1555 uude

985 1576 1129 1631 formanda
1143 1583 1213 1631 esset
1234 1573 1414 1640 constructio,
1439 1572 1511 1627 sicut
1534 1570 1618 1627 habet
1637 1570 1786 1638 Munerat,

985 1655 1114 1703 statutum
1128 1654 1164 1703 est
1178 1652 1276 1702 cubui.

809 1772 1113 1830 OBSEtht‘tortus,

170 1869 253 1925 binas
268 1877 361 1926 textus
375 1871 464 1927 nostri
485 1879 638 1944 martyrum
659 1873 758 1928 classes
773 1873 812 1929 sic
827 1873 933 1955 primus
950 1872 972 1931 B

135 1936 374 2019 iuflhlartyrologio
384 1941 531 2012 coniunxit
545 1944 762 1998 auctorllomaui
773 1960 862 2015 parvi,
874 1959 931 1998 non

134 2011 930 2086 primustameuipsecombinatiouisauetor,utpotequam

134 2080 253 2149 reperire
268 2085 388 2151 potuerit
406 2084 433 2135 in
448 2082 674 2138 Sacraiirentariis
685 2088 825 2152 Romanis,
842 2094 868 2139 et
883 2102 931 2140 no·

136 2157 227 2229 tenter
242 2150 271 2205 iu
291 2150 470 2223 Gregoriano,
483 2153 531 2208 nbi
547 2161 573 2208 et
588 2171 710 2226 quinque
723 2156 828 2227 priores
843 2156 930 2211 nomi·

134 2228 232 2290 nattm,
244 2229 271 2277 et
286 2231 404 2348 quatuor
419 2223 547 2281 Coronati
559 2227 692 2297 anonymi
704 2227 732 2281 in
743 2226 837 2282 eadem
849 2227 932 2283 missa

134 2291 277 2374 conjuncti
308 2294 424 2351 abeatur
436 2296 623 2368 ,sicquidem
633 2305 664 2353 ιιι
673 2299 701 2352 iii
710 2297 798 2369 prima
809 2299 932 2354 oratioue

136 2364 276 2444 Claudius,
287 2367 464 2427 Nicostratus,
480 2378 545 2436 etc,
566 2370 688 2439 expressi
702 2370 767 2436 siut,
783 2370 812 2424 iit
827 2370 932 2425 Praela-

134 2443 209 2516 tione
222 2447 311 2493 autern
329 2437 362 2493 de
377 2446 495 2520 quatuor
509 2438 653 2496 Coronatii
665 2441 811 2513 anonymis
825 2449 930 2512 agatur:

134 2508 260 2578 cnyusrei
272 2509 330 2564 liaec
343 2510 514 2567 retromissa
529 2511 582 2582 ipsi
593 2511 743 2584 praeligitur
756 2531 761 2568 :
786 2538 795 2560 ·
809 2514 932 2581 Quatnor

135 2576 333 2658 Coronatorum
346 2582 458 2636 nomina
469 2581 607 2638 hieosuut:
620 2582 745 2652 Severus,
757 2585 930 2650 Severianus,

136 2646 297 2728 llictorinus
311 2658 339 2705 et
351 2650 554 2723 carpophorus,
570 2669 688 2725 quorum
703 2654 762 2711 dies
777 2656 875 2710 natalis
903 2672 932 2711 er

135 2733 271 2773 incuriam
296 2722 446 2792 neglectus,
466 2725 579 2778 minime
598 2725 713 2796 reperiri
729 2733 853 2796 poterat:
870 2672 932 2782 iseo

135 2794 268 2843 statutum
284 2798 324 2844 ost
339 2791 414 2871 utin
438 2809 532 2871 eoruin
555 2796 678 2863 ecclesia,
696 2795 793 2851 horum
810 2798 932 2870 quinque

134 2865 303 2926 sanctorum,
320 2877 367 2941 qni
380 2878 411 2942 in
424 2879 506 2918 inissa
520 2866 679 2932 recitantur,
695 2868 794 2922 natalis
807 2868 932 2923 eelebre-

133 2935 190 2997 tur,
213 2937 243 2985 ut
258 2948 320 2987 oum
341 2942 402 2987 istis
424 2949 518 2989 eorum
543 2951 651 3008 quoque
675 2939 806 2993 memoria
830 2941 932 3010 pariter

134 2998 215 3082 liat.»
245 3002 289 3058 Ad
324 3019 363 3058 ure
380 3005 443 3059 vide
465 3005 602 3063 variantes
619 3009 865 3080 manuscriptorum
888 3010 931 3065 le-

133 3078 239 3128 ctiones
249 3073 278 3128 iri
321 3075 416 3131 enardi
430 3076 503 3132 uotis
519 3094 578 3203 pap.
597 3077 657 3147 185,
669 3078 715 3133 ubi
728 3079 798 3135 etde
814 3088 932 3152 quatuor

133 3142 333 3202 Coronatorum
350 3148 475 3216 ecclesia,
500 3148 554 3205 titu
567 3166 593 3216 0,
618 3157 671 3206 etc.
696 3150 764 3206 Cum
790 3151 834 3206 his
850 3152 931 3207 modo

132 3215 306 3273 conteramus
320 3218 619 3303 Romaui'parvivsrba
632 3223 788 3293 sequeutia:
808 3225 929 3292 «Roma,
947 3226 969 3286 G
985 3228 1012 3276 et
1028 3221 1167 3277 Ostiense?

134 3295 286 3371 martyrum
295 3288 414 3369 Claudii,
424 3291 581 3360 Nicostrati,
593 3292 820 3375 Symphroniani,
837 3294 928 3351 Casto·

131 3373 177 3427 rii,
189 3360 325 3432 Simplicii
337 3362 474 3419 artificum
484 3364 744 3436 insignissimorum.
757 3366 792 3420 Et
803 3366 861 3437 ipso
872 3367 926 3434 die,

132 3447 160 3485 iv
175 3430 375 3514 Coronatorum
395 3435 500 3504 Severi,
516 3435 667 3503 severiani,
684 3436 864 3519 Carpophori,
881 3438 927 3493 Vi·

131 3509 233 3558 ctorini
246 3522 252 3570 ;
265 3520 385 3585 quorum
396 3506 849 3564 festivitatemstatuitMelchiades
860 3525 929 3580 papa

131 3572 356 3652 subnomiuibus
378 3578 500 3649 quinque
525 3588 677 3650 martyrum
700 3579 842 3649 celebrari,
863 3581 928 3652 quia

131 3657 244 3721 nomina
258 3660 354 3700 eorum
370 3663 425 3702 non
442 3649 657 3717 reperiebantur,
674 3649 721 3704 sed
736 3650 928 3705 intercurren-

131 3713 206 3768 tibus
215 3714 707 3773 anniscuidamsanctovirorevelata
716 3729 809 3774 sunt.»
827 3723 857 3775 lii
868 3723 928 3792 qui·

130 3781 182 3837 bus
203 3783 280 3864 vides
299 3785 420 3842 eamdem
438 3787 523 3843 lorme
538 3789 747 3844 sacramentarii
763 3798 926 3847 sententiam

131 3853 238 3933 referri.
262 3853 367 3921 Quaerit
386 3859 543 3925 hisnardus,
571 3867 682 3915 etcum
709 3875 742 3914 eo
761 3862 927 3918 recentiores

130 3925 227 3997 aliqui,
239 3927 376 3997 quomodo
386 3929 547 3985 Melchiadis
556 3938 678 4001 tempore
689 3930 811 4000 ignorata
824 3932 926 3988 luerint

129 4003 286 4051 sauctorum
309 3997 509 4055 Coronatorum
537 4003 659 4069 nomine,
689 4004 840 4072 praesertim
862 4020 925 4059 oiim

129 4065 180 4146 sub
190 4067 355 4148 Diocletiani
367 4072 556 4143 persecutione
565 4072 637 4143 passi
651 4071 779 4128 dicantur
789 4075 803 4130 ι
814 4076 866 4132 Sed
876 4092 925 4147 ego

130 4135 176 4192 hic
186 4136 257 4219 nihil
272 4139 353 4196 video
368 4142 441 4213 quod
452 4150 592 4214 tantopere
608 4145 759 4212 mirentur;
776 4147 853 4219 quasi
869 4164 924 4202 non

129 4209 231 4278 plures,
245 4226 303 4291 imo
319 4212 442 4282 plurimi,
466 4223 603 4287 grassante
618 4216 733 4271 immani
753 4218 922 4287 carnificina,

128 4282 323 4363 coronati-siut
332 4284 398 4339 vivo
409 4295 435 4343 et
450 4286 520 4341 lorte
534 4295 673 4358 spectante
684 4288 845 4358 Melchiade,
858 4307 922 4372 quo·

129 4366 188 4404 rum
205 4352 389 4412 nihilomiuus
403 4357 534 4414 distincta
548 4360 661 4414 nomina
675 4359 704 4414 in
721 4360 780 4431 ejus
795 4363 922 4418 notitiam

128 4437 184 4477 uon
199 4428 383 4508 pervenerint.
408 4430 468 4486 llue
489 4430 561 4485 refer
573 4430 703 4503 Saussayi
722 4434 858 4502 criticam,
875 4435 922 4506 qui

127 4493 243 4550 Romani
259 4512 347 4568 parvi,
372 4499 457 4556 invisi
471 4501 524 4556 sibi
541 4503 676 4572 opusculi,
698 4506 813 4576 angulos
827 4521 923 4562 omnes

987 1871 1089 1961 potius,
1104 1871 1127 1925 si
1151 1885 1247 1924 verum
1264 1868 1365 1924 Bedam
1387 1868 1518 1935 novisset,
1534 1866 1666 1923 vellicare
1681 1875 1787 1939 poterat

985 1948 1154 2012 baiissayus;
1171 1941 1218 1996 ille
1233 1940 1336 1996 etenim
1349 1939 1457 1995 cavillis
1472 1938 1533 1993 istis
1547 1954 1642 1994 ansani
1657 1938 1783 2010 praebuit,

985 2013 1050 2068 dum
1068 2014 1104 2067 ita
1115 2011 1276 2068 indistincte
1289 2011 1409 2094 siqitavit
1425 2028 1431 2065 :
1456 2012 1582 2077 «Reium,
1599 2018 1720 2081 quatuor
1731 2010 1785 2066 Co-

986 2092 1144 2140 renatorum
1160 2083 1279 2147 Claudii,
1296 2082 1456 2147 Nicostrati,
1472 2081 1682 2150 Symphoriani,
1693 2080 1784 2136 Casto·

985 2154 1019 2208 rii
1036 2162 1064 2209 ot
1079 2152 1226 2224 Simplicii,
1242 2178 1251 2199 ›
1272 2150 1319 2205 ubi
1334 2151 1452 2205 aliorum
1466 2151 1655 2206 uominaaliis
1669 2151 1782 2223 supponi

986 2225 1125 2291 videntur,
1147 2224 1180 2279 ail
1197 2222 1320 2279 camdem
1340 2221 1450 2276 interim
1474 2222 1691 2292 explicationem
1712 2239 1782 2278 reso-

985 2297 1081 2352 cauda.
1098 2294 1177 2362 Quod
1194 2294 1216 2349 si
1232 2310 1262 2349 ea
1278 2310 1333 2348 non
1343 2293 1457 2364 placeat,
1474 2309 1537 2348 curu
1548 2293 1654 2349 Ordine
1664 2294 1781 2349 Romano

1005 2367 1062 2422 rius
1077 2367 1196 2422 luctetur
1206 2366 1356 2436 Saussayus
1366 2380 1448 2445 quam
1459 2365 1658 2436 lllartyrologia
1669 2366 1781 2420 convel-

986 2384 1041 2494 Fore
1052 2439 1165 2493 nitatur.
1179 2438 1209 2493 lu
1222 2436 1395 2492 Kalendariis
1405 2436 1500 2490 Allatii
1512 2444 1538 2490 et
1549 2437 1703 2492 Frontonis
1715 2437 1780 2492 siui-

986 2510 1095 2581 plicitor
1109 2509 1222 2581 ponitur
1236 2508 1344 2563 hoodie
1362 2525 1368 2561 :
1386 2508 1480 2562 Natale
1495 2507 1542 2563 SS.
1557 2517 1680 2580 quatuor
1698 2507 1780 2564 Coro-

987 2588 1147 2637 natorum·
1169 2581 1206 2636 At
1215 2578 1462 2636 Saerniuentariuin
1474 2578 1616 2634 'llioniasii
1632 2594 1691 2634 retii
1701 2585 1778 2634 totam

986 2653 1076 2708 denuo
1086 2651 1255 2708 confundere
1266 2649 1390 2705 videtur:
1410 2674 1419 2696 ‹
1432 2650 1596 2706 Sanctorum
1607 2657 1727 2723 quatuor
1735 2650 1779 2708 Co

985 2732 1146 2779 renatorum
1161 2722 1294 2788 Cassiani,
1308 2720 1415 2789 Claudi,
1433 2720 1549 2789 Castori,
1567 2721 1774 2793 simproniani·

985 2795 1238 2867 Quomodoounqne
1255 2795 1312 2849 haec
1326 2799 1416 2847 vertas
1430 2800 1478 2847 aut
1497 2808 1600 2859 verses,
1617 2793 1653 2848 ad
1666 2793 1778 2864 superio·

985 2882 1043 2921 rein
1058 2866 1221 2922 senteutiam
1236 2864 1415 2935 intelligenda
1426 2871 1499 2919 sunt.
1518 2864 1581 2919 Alia
1594 2865 1628 2920 de
1643 2864 1778 2921 Coronatis

986 2938 1100 3008 quaestio
1123 2953 1226 2992 moveri
1244 2943 1333 3008 potest
1355 2952 1390 2988 ex
1405 2935 1573 2990 Kalendario
1588 2935 1731 3004 bucherii,
1746 2936 1778 2991 sic

986 3010 1109 3078 legente:
1130 3033 1138 3055 ι
1154 3026 1193 3063 vii
1206 3007 1245 3062 ld.
1263 3006 1390 3076 Augusti,
1401 3007 1530 3073 Secundi,
1543 3006 1727 3078 Carpophori,
1739 3007 1778 3062 ti·

984 3079 1087 3135 etorini
1100 3087 1125 3134 et
1141 3079 1291 3145 Severiani‚
1309 3078 1415 3132 Albano
1426 3084 1452 3133 et
1464 3077 1600 3133 Ostiense.
1618 3103 1627 3125 ·
1645 3078 1778 3145 Quadrant

985 3151 1185 3217 nominasses
1207 3158 1233 3204 to
1244 3150 1343 3219 primo,
1357 3147 1404 3203 sed
1434 3148 1481 3203 uid
1496 3149 1549 3203 sibi
1563 3150 1665 3205 volunt
1679 3150 1777 3204 illlam

1184 3167 1225 3274 ln
1241 3220 1397 3274 liicverede
1413 3166 1556 3275 Coronatis
1566 3221 1776 3292 nostrisagiturl

984 3293 1082 3348 Fateor
1096 3291 1154 3347 lime
1169 3291 1238 3346 mihi
1255 3289 1371 3346 necdum
1391 3290 1457 3345 satis
1471 3306 1529 3345 esse
1544 3292 1701 3362 explorata.

1018 3363 1112 3419 Nodos
1132 3363 1205 3419 haud
1227 3363 1319 3417 minus
1334 3360 1456 3416 difficilis
1479 3368 1529 3428 est,
1550 3377 1634 3433 quem
1657 3379 1700 3418 vii
1718 3362 1775 3417 iulii

983 3435 1134 3504 attigimus,
1151 3434 1199 3490 ubi
1210 3451 1272 3489 cuin
1287 3435 1410 3490 llniuano
1426 3447 1520 3502 parvo,
1531 3432 1641 3501 Adone,
1661 3433 1776 3489 Usuarilo

982 3515 1009 3561 et
1023 3506 1144 3563 Notkero
1165 3506 1324 3578 putavimus
1349 3503 1497 3558 hodiernos
1518 3504 1644 3575 quinque
1664 3504 1777 3560 artifices

982 3577 1193 3650 distinguendos
1209 3594 1224 3632 a
1239 3577 1361 3648 quinque
1374 3575 1430 3629 lere
1444 3575 1612 3700 spnoiiymis
1626 3576 1716 3632 sancti
1730 3576 1776 3631 Se-

982 3648 1098 3704 bastiaui
1122 3648 1336 3713 catechumenis,
1361 3645 1394 3701 de
1410 3645 1456 3716 qui
1478 3661 1510 3699 us
1533 3647 1572 3700 ihi
1595 3662 1690 3702 sermo
1715 3655 1775 3711 erat,

981 3728 1013 3775 ut
1026 3721 1106 3791 plane
1116 3721 1225 3775 diversa
1238 3727 1303 3773 sunt
1312 3720 1382 3775 Acta
1391 3716 1523 3771 ambabus
1535 3717 1636 3773 turmis
1644 3718 1680 3773 ab
1688 3717 1776 3774 Adone

981 3799 1081 3862 aptata.
1093 3791 1155 3846 Scio
1164 3790 1329 3845 hodiernum
1339 3787 1390 3842 sub
1400 3787 1512 3843 nomine
1526 3789 1602 3843 Flori
1612 3789 1774 3848 auctarium.

981 3862 1102 3933 quinque
1126 3870 1234 3917 nostros
1255 3877 1289 3915 ex
1306 3860 1333 3915 S.
1357 3858 1508 3915 Sebastiani
1533 3860 1611 3915 Actis
1635 3875 1774 3926 exornare,

980 3933 1037 3986 scio
1051 3933 1120 3987 alios
1145 3934 1183 3988 ita
1197 3948 1306 4004 quoque
1321 3931 1441 3997 sentire,
1458 3945 1555 3984 verum
1569 3930 1776 3987 confundendos

981 4003 1112 4059 hacteuus
1128 4021 1183 4060 uon
1197 4004 1288 4071 video,
1304 4003 1326 4058 si
1343 4010 1416 4057 recte
1430 4000 1550 4057 discerni
1568 4003 1686 4072 possint.
1699 4003 1775 4058 rimi

980 4074 1032 4130 hoc
1046 4075 1091 4130 dio
1113 4076 1142 4130 in
1158 4076 1299 4131 notatione
1313 4074 1435 4145 disputat
1459 4071 1660 4141 Florentinius,
1676 4090 1728 4130 uec
1744 4073 1778 4128 ita

979 4162 1035 4200 rem
1049 4147 1161 4218 expedit
1171 4147 1238 4219 quin
1250 4146 1337 4199 malta
1348 4143 1487 4212 supersint
1499 4144 1728 4213 proxiinomense
1736 4144 1777 4199 lu·

979 4217 1017 4271 lio
1041 4218 1069 4272 in
1093 4218 1170 4273 Actis
1190 4217 1345 4271 accuratius
1368 4214 1554 4269 dissolvenda.
1571 4216 1611 4269 lle
1635 4214 1777 4272 Coronatis

979 4305 1034 4343 nnn
1046 4288 1172 4344 meminit
1188 4286 1410 4351 wandalbertus,
1427 4284 1480 4338 uisi
1492 4285 1612 4340 velimus
1625 4285 1732 4342 Bedam
1740 4301 1775 4341 se·

977 4368 1083 4428 cutum,
1102 4375 1187 4431 eoque
1211 4357 1378 4415 insecundo
1400 4371 1481 4410 versu
1509 4355 1654 4412 induxisse
1678 4372 1776 4412 nomeu

977 4449 1095 4498 corone,
1116 4432 1229 4487 interim
1245 4431 1349 4503 priores
1372 4427 1493 4500 quinque
1515 4428 1554 4482 ita
1572 4428 1657 4495 canit,
1675 4438 1707 4484 ut
1720 4435 1777 4483 tota

978 4503 1098 4560 laudatio
1127 4502 1292 4576 synonymis
1317 4501 1471 4574 quibusque
1494 4499 1665 4572 martyribus
1688 4498 1773 4572 aptari

127 4573 273 4636 scrutatus,
285 4569 397 4625 ridiculi
413 4571 504 4628 hioali
527 4572 574 4627 uid
588 4590 615 4629 se
630 4574 776 4632 ollendisse
791 4577 925 4646 clamitat,
942 4584 965 4642 l)
981 4583 1081 4648 queat:

126 4635 198 4705 quod
215 4638 344 4694 Coronati
359 4651 499 4712 quatuors
552 4645 713 4701 nominibus
723 4649 844 4720 quinque
856 4664 923 4703 mar·

127 4712 220 4776 tyrum
234 4709 415 4767 celebrentur.
428 4713 479 4769 Sed
492 4714 550 4768 haec
560 4715 625 4770 satis
636 4717 722 4772 solide
732 4720 849 4774 relutota
859 4729 924 4775 sunt

126 4790 142 4829 a
156 4776 336 4857 Elorentinio,
348 4781 467 4838 Admon.
481 4785 582 4855 praevia
595 4802 633 4853 iv,
645 4802 706 4858 pag.
720 4788 762 4855 lb,
774 4790 842 4844 utin
854 4790 923 4844 Pras·

125 4846 238 4903 faltonis
253 4857 353 4906 nostrae
379 4868 438 4924 cap.
462 4854 478 4910 2
500 4854 582 4910 otiam
604 4856 799 4915 indicavimus.
822 4860 922 4915 bedam

1040 4699 1140 4757 Claudi,
1155 4699 1254 4749 Castori
1276 4698 1404 4760 Simplici,
1417 4696 1611 4760 simphoriane,

1042 4764 1197 4821 Nicostrate,
1211 4762 1268 4822 puri
1285 4763 1390 4822 fulgetis
1403 4761 1459 4808 luce
1474 4773 1586 4822 eoi-onst,

1042 4826 1123 4876 Senis
1138 4832 1261 4873 ornantes
1275 4823 1337 4873 ldus
1353 4827 1443 4873 merito
1460 4832 1538 4888 atque
1554 4835 1654 4871 cruore.

855 4978 1043 5035 Alternum.

160 5066 330 5138 Terinaeum,
354 5066 384 5124 in
407 5070 496 5141 prima
515 5087 609 5143 purus,
636 5072 665 5127 iu
689 5074 808 5130 secunda
836 5076 920 5132 refert

124 5138 238 5195 nomina
249 5140 448 5198 Coronatorum
465 5159 551 5216 iisque
567 5143 602 5200 ad
621 5143 748 5200 Victorini
762 5145 899 5202 inclusive
912 5165 917 5214 ;

124 5205 224 5266 desunt
238 5212 355 5285 reliqua.

142 5281 389 5355 ,durusne-llus.
410 5287 502 5343 Etiam
528 5302 613 5359 purus
634 5285 663 5342 in
686 5286 785 5358 prima,
810 5290 918 5360 produ-

124 5355 164 5472 ξιξ
176 5354 323 5412 emundant
341 5359 376 5415 ad
389 5359 448 5415 cesi
466 5365 536 5428 sunt,
558 5357 605 5414 sed
621 5357 648 5412 iu
672 5359 787 5432 reliquis
802 5362 917 5417 mutiliis

140 5433 152 5471 s
167 5461 174 5473 .

159 5489 323 5567 Puissuurv,
344 5501 461 5571 primam
489 5501 571 5557 babet
594 5518 679 5574 usque
706 5501 740 5557 ad
765 5502 915 5574 Simplicii3

123 5559 270 5617 secundam
280 5568 314 5624 ad
328 5572 472 5641 corisum,
488 5582 636 5646 utrumque
646 5573 784 5631 inclusive
796 5593 803 5642 ;
819 5583 916 5631 caetera

122 5630 205 5686 nihil.

158 5703 189 5783 ln
206 5705 315 5777 Devic,
326 5714 472 5771 recentiori
483 5732 567 5772 manu
577 5717 604 5771 in
619 5716 744 5773 interiori
755 5718 916 5775 oracodieis

121 5773 259 5849 adjectum
281 5788 332 5842 est.
364 5784 463 5842 ‹lteui
486 5794 582 5843 octava
604 5789 728 5845 omnium
746 5797 913 5846 sauctorum.

973 5079 1040 5133 item
1063 5075 1205 5132 translatio
1229 5076 1316 5132 sancti
1341 5075 1475 5131 Ludovici
1506 5073 1711 5130 confessoris·
1736 5075 1774 5129 lle

973 5165 1027 5221 quo
1042 5149 1106 5204 vide
1121 5149 1216 5203 Boiis.
1231 5155 1258 5202 et
1271 5148 1351 5202 alios.

1008 5219 1166 5276 Ceuruusu.
1181 5237 1186 5274 :
1206 5243 1215 5265 ι
1230 5221 1331 5281 Romae,
1346 5225 1504 5273 sanctorum
1518 5225 1676 5290 martyrum
1691 5215 1775 5273 Clau·

971 5289 1021 5359 dii,
1042 5290 1199 5359 Nicostrati,
1227 5289 1424 5360 simproniani,
1443 5288 1561 5345 Castorii
1586 5297 1669 5360 atque
1694 5287 1772 5342 Sini-

971 5363 1059 5434 plicii‚
1079 5371 1201 5433 tempore
1215 5359 1398 5433 Dyocletiani.
1416 5360 1520 5416 Eodem
1540 5360 1595 5428 die,
1612 5366 1772 5416 sanetoruui

971 5442 1087 5505 quatuor
1103 5432 1302 5491 Coronatorum
1317 5430 1420 5497 Severi,
1439 5429 1590 5499 severiani,
1613 5428 1768 5501 Carpofoii.

971 5505 1118 5561 Victorini.
1136 5505 1170 5559 lit
1184 5513 1280 5560 octava
1292 5502 1378 5559 sancti
1394 5502 1514 5573 Vigoris.
1531 5527 1540 5548 ›

1006 5577 1184 5633 Bnuxiiiuun.
1202 5575 1316 5646 incipit:
1337 5598 1345 5621 ι
1360 5574 1462 5631 Octava
1473 5572 1633 5629 festivitatis
1643 5571 1771 5628 omniunt

970 5647 1143 5704 Sanctorum.
1162 5672 1171 5696 ι
1193 5647 1434 5727 Tumdequatuor
1447 5644 1599 5711 Coronatis,
1619 5644 1660 5699 sic
1677 5652 1769 5700 tsuieu

971 5729 1001 5775 ut
1014 5727 1116 5787 textus,
1129 5719 1200 5774 male
1212 5725 1391 5790 compositus,
1403 5715 1481 5799 pejus
1488 5722 1628 5773 correctus
1636 5715 1683 5770 sit.
1698 5715 1767 5770 Τιιιιι

970 5789 1004 5847 de
1018 5791 1140 5863 quinque
1156 5790 1229 5858 aliis,
1245 5797 1306 5861 post
1319 5787 1461 5861 Simplici,
1477 5786 1623 5858 interjicit:
1643 5784 1720 5855 «Qui
1731 5784 1771 5840 la·
