3834 6136
124 239 195 306 iaso
606 245 654 308 un
672 244 861 310 urnicmis
880 251 910 313 s.
932 242 1104 310 ceaunvi
1122 284 1158 296 -
1176 245 1243 312 lie.
1263 252 1285 312 r.
1609 218 1613 227 ’
1703 256 1773 318 riso

123 405 281 470 exemptam
295 398 426 473 compede
439 400 599 474 suscepisse.
620 401 691 459 Aliis
710 404 796 476 ipsam
811 419 921 477 quoque
935 413 960 472 Α
974 405 1144 463 intercludit.
1171 407 1259 480 llujus
1281 408 1432 482 decipulas,
1454 420 1536 483 quam
1556 410 1695 479 subdolas,
1715 419 1772 469 tam

124 486 203 543 immi
208 488 298 543 nentis
311 487 436 546 decessus
450 490 546 548 boram
558 490 689 548 novimus
698 492 861 559 revelatam;
878 491 923 548 ad·
978 495 1103 564 subtiles,
1117 495 1252 553 subducto
1261 514 1357 554 cavere
1368 515 1513 555 monemur
1522 501 1658 574 exemplo.
1668 501 1774 569 Quem-

123 592 156 632 eo
166 584 234 632 utet
244 576 351 633 lavacra
361 588 388 634 et
399 580 517 636 vestium
527 580 704 649 mutationes,
715 589 797 652 prout
807 579 924 637 mortuis
979 583 1042 640 dam
1052 583 1181 641 Senonici
1192 586 1264 642 ruris
1275 587 1405 657 incolam,
1417 589 1538 661 pecualis
1547 606 1620 646 cura
1631 589 1775 662 diligentia

123 663 281 720 exbibenda
302 674 389 735 erant,
405 668 458 740 ipsi
473 669 563 726 adbuc
578 669 704 726 viventes
723 670 796 725 ultro
815 684 925 742 praeve-
979 689 1036 731 rain
1056 673 1221 730 familiarem
1243 691 1300 731 non
1322 677 1441 747 segniter
1459 687 1642 747 exercentem,
1659 677 1776 750 contigit

123 753 227 808 norint.
242 751 390 812 Nonnullis
403 756 525 828 ejusdem
539 756 692 814 beatissimi
707 757 796 814 Patris
809 773 926 830 persona
980 763 1122 835 proprium
1144 762 1234 819 lilium
1259 763 1439 838 providendis
1462 766 1658 839 pascendisque
1679 766 1776 823 suibus

124 844 206 900 uultu
216 844 422 916 venustissimo,
434 848 583 905 reverenda
596 848 708 916 caiiitie,
722 847 875 920 pontificali
885 846 925 902 di·
980 850 1143 926 praefecisse.
1155 853 1236 909 Hune
1245 854 1410 910 antelucano
1420 853 1475 909 diei
1485 853 1640 924 cujusdam,
1650 863 1681 910 ut
1691 855 1777 910 fami-

124 934 229 1006 gnitate
243 943 399 1006 conspecta,
415 944 441 992 ot
455 937 652 994 consolationis
666 938 818 1010 plurimum
833 944 860 993 et
879 952 926 992 se·
982 941 1049 997 liare
1061 940 1164 999 talibus
1177 948 1228 1010 cst,
1245 958 1261 996 a
1275 958 1373 997 somno
1386 949 1588 1014 experrectum,
1603 957 1665 998 sues
1677 942 1706 997 in
1720 959 1778 1014 pas·

124 1023 252 1079 curitatis
269 1038 324 1078 non
345 1040 441 1096 parum
466 1026 604 1082 exhibuit.
631 1027 689 1085 Hoc
713 1044 728 1083 e
750 1025 845 1082 multis
870 1041 926 1081 non
981 1047 1033 1087 cua
1056 1030 1155 1087 ducere
1178 1046 1241 1087 cum
1265 1029 1447 1102 praecepisset,
1475 1047 1544 1102 puer
1566 1031 1613 1086 siti
1637 1038 1780 1104 correptus

125 1115 344 1172 extraordinarie
353 1114 468 1173 fortasse
474 1118 660 1190 tetigerimus;
671 1126 703 1174 ut
710 1119 800 1191 palam
811 1118 924 1190 liqueat,
981 1119 1235 1187 vehementissima,
1244 1119 1343 1191 raptim
1355 1134 1383 1174 se
1393 1117 1427 1173 ad
1438 1118 1548 1174 situlam
1559 1119 1687 1189 contulit,
1699 1119 1779 1177 baus-

126 1205 201 1264 huno
215 1207 313 1264 devote
328 1208 381 1264 sibi
396 1208 605 1283 obsequentium
630 1209 712 1265 anxie
726 1201 818 1266 euram
835 1223 927 1280 gerere
982 1216 1097 1280 tumque
1109 1208 1218 1263 laticem
1231 1208 1334 1281 absque
1346 1207 1474 1264 salutmis
1488 1207 1676 1280 praemissione
1690 1207 1779 1280 signa·

126 1295 304 1353 faniulorum.
320 1297 391 1356 Hinc
405 1296 439 1353 ad
454 1298 560 1371 reliqua
571 1307 752 1356 transeamus.
982 1298 1038 1355 culi
1055 1297 1247 1355 incunctanter
1261 1296 1433 1369 absumpsit:
1451 1297 1490 1353 ita
1503 1297 1546 1353 vis
1559 1297 1666 1354 ardoris
1681 1297 1779 1368 (insti-

160 1385 206 1443 lb.
223 1386 405 1443 lmmoderata
421 1388 490 1458 gula
505 1387 670 1460 appetentia,
684 1388 719 1444 ob
735 1404 816 1461 quam
833 1404 929 1445 omnes
984 1398 1073 1464 gante,
1085 1398 1116 1446 ut
1126 1389 1224 1462 liquet,
1235 1387 1371 1460 daemone)
1384 1387 1519 1445 medullas
1533 1388 1714 1445 adolescentis
1730 1387 1780 1445 in-

126 1482 237 1547 peccato
250 1475 390 1549 mortique
404 1475 622 1546 succumbimus,
637 1477 697 1533 leve
710 1485 824 1550 putatur
838 1484 865 1533 et
881 1477 928 1532 lu·
983 1486 1099 1534 vaserat.
1125 1476 1286 1549 Lugendum
1309 1475 1388 1533 dictu
1402 1478 1408 1532 l
1437 1492 1494 1533 uno
1520 1476 1604 1534 miser
1630 1477 1781 1550 eodemque

126 1561 250 1631 dicrum;
268 1562 314 1619 sed
333 1580 387 1636 quo
397 1573 510 1623 cavetur
520 1565 622 1634 minus,
634 1581 666 1622 eo
676 1566 797 1621 atrocius
807 1565 927 1638 perimit.
983 1567 1085 1624 baustu
1107 1577 1134 1624 et
1157 1573 1259 1639 pestem
1282 1566 1396 1638 glutivit
1417 1573 1444 1621 et
1465 1568 1613 1639 poculum:
1634 1567 1782 1624 confestim

127 1657 204 1715 llanc
219 1658 264 1714 vir
285 1667 396 1717 sanctus
419 1678 482 1719 oum
509 1661 538 1717 in
563 1660 710 1733 semetipso
732 1660 927 1733 exstingueret,
984 1673 1103 1731 namque
1115 1657 1210 1713 allisus
1222 1672 1239 1711 a
1250 1655 1384 1724 daemone,
1395 1661 1539 1729 tortusque
1554 1655 1720 1727 diutissime,
1731 1672 1782 1715 ca-

126 1755 185 1803 tum
199 1747 273 1820 quod
288 1749 317 1804 ln
341 1749 404 1805 aliis
430 1767 538 1824 quoque
564 1748 617 1807 sibi
643 1749 798 1823 displiceat,
823 1748 931 1806 studuit
945 1777 968 1837 Β
984 1747 1057 1803 tenis
1072 1745 1220 1814 addicitur,
1236 1745 1419 1819 claustrisque
1434 1744 1613 1802 validissimis
1625 1743 1780 1803 cohibetur.

126 1834 327 1892 commendare.
341 1834 376 1892 Ut
387 1836 517 1894 fidelibus
527 1854 587 1894 mos
596 1847 637 1894 est
647 1834 826 1895 devotionem
841 1853 929 1907 suam,
1020 1833 1064 1889 bl.
1081 1834 1206 1906 Cumque
1221 1850 1269 1906 per
1283 1841 1391 1906 tempus
1404 1833 1516 1907 aliquod
1538 1834 1687 1906 irrequieta
1703 1833 1782 1890 mise·

127 1922 229 1994 quibus
240 1934 365 1996 possunt,
378 1926 499 1982 modulis
510 1925 663 1993 declarare;
682 1933 745 1981 ante
758 1925 828 1981 sacri
842 1924 932 1997 sepul·
986 1921 1027 1977 ria
1050 1929 1203 1992 urgeretur,
1225 1921 1378 1977 salubriore
1403 1930 1528 1994 parentes
1549 1922 1635 1979 adlati
1654 1921 1781 1990 consilio,

127 2025 204 2066 crum
220 2013 344 2085 corporis
358 2021 444 2069 strata
456 2013 585 2085 jacebant
599 2028 680 2086 poma
694 2011 850 2068 autumnali
867 2011 933 2066 viri·
986 2009 1020 2064 ad
1043 2009 1255 2065 famosissimam
1279 2010 1310 2064 B.
1327 2009 1457 2065 Germani
1472 2011 1633 2067 memoriam
1648 2011 1784 2068 deducen-

126 2096 213 2157 dltate
226 2102 390 2169 vernantla;
410 2110 510 2174 quaeut
524 2102 634 2159 diversa
649 2117 757 2175 genere,
771 2100 931 2173 odoreque·
987 2097 1053 2155 dum
1076 2096 1276 2165 decreverunt,
1297 2096 1440 2154 credentes
1465 2114 1547 2171 quam
1569 2098 1712 2156 verissime
1733 2099 1784 2155 im·

127 2206 181 2263 que
201 2189 367 2261 gratissima,
384 2190 520 2263 geminam
533 2191 727 2249 accedentibus
744 2198 871 2265 aspectus
893 2192 932 2249 ol·
987 2187 1105 2244 mundos
1124 2185 1240 2257 spiritus
1260 2186 1331 2242 sacri
1355 2185 1479 2257 corporis
1503 2186 1655 2257 praesentias
1676 2187 1783 2257 cedere,

127 2278 273 2350 factusque
284 2278 327 2334 sni
338 2279 453 2351 gratiam
466 2279 672 2348 ministrarent3
689 2280 805 2350 interea,
821 2281 933 2354 populis
987 2277 1066 2351 cujus
1080 2277 1213 2332 virtutem
1233 2284 1261 2332 et
1277 2275 1376 2332 merita
1391 2276 1535 2333 constabat
1551 2293 1597 2334 eos
1613 2277 1785 2350 frequentius

128 2365 163 2423 ad
172 2366 245 2423 beati
256 2365 357 2424 festum
370 2369 496 2442 praesulis
507 2387 541 2427 ax
552 2386 628 2427 more
638 2369 798 2439 fluentibus,
813 2369 933 2444 quibus·
987 2366 1139 2439 expavisse.
1153 2364 1184 2421 ld
1196 2381 1260 2423 cuni
1274 2363 1413 2433 fecissent,
1427 2364 1589 2438 applicitum
1599 2367 1658 2423 solo
1669 2383 1783 2440 puerum

84 2450 91 2457 ’
129 2473 182 2530 que
198 2456 408 2530 permittebatur
421 2459 559 2530 accedere,
576 2460 646 2517 sacri
663 2460 852 2532 pavimentum
868 2460 932 2517 lecti
987 2463 1050 2512 ante
1075 2454 1231 2527 sepulcrum
1256 2453 1413 2510 venerabile
1440 2464 1633 2527 porrexerunt,
1656 2462 1785 2512 votorum

130 2545 259 2617 religiosa
281 2549 459 2606 veneratione
488 2549 725 2616 deosculantibus,
751 2564 765 2603 e
790 2562 862 2616 rure,
887 2542 932 2601 cui
988 2560 1124 2603 summam
1151 2544 1274 2601 ubeitme
1303 2543 1437 2600 orationis
1464 2552 1490 2600 et
1517 2544 1632 2601 fletuum
1655 2544 1787 2601 obnixius

129 2636 251 2692 Nantilla
265 2637 431 2696 vocabulum
447 2648 498 2708 est,
512 2640 651 2714 distatque
665 2640 699 2695 ab
712 2638 780 2695 urbe
794 2654 851 2694 non
866 2636 933 2708 plu·
989 2643 1193 2708 prosequentes.
1210 2635 1318 2691 Fratres
1334 2650 1452 2707 quorum
1470 2641 1527 2690 erat
1547 2634 1632 2693 oflicii
1650 2633 1787 2707 religiosis

131 2725 243 2794 rimuni,
260 2728 426 2785 rusticorum
442 2730 588 2802 quemdam
608 2728 725 2801 contigit
743 2728 882 2783 interesse.
909 2725 934 2780 ls
989 2730 1081 2786 locuni
1096 2728 1221 2786 excubiis
1236 2726 1392 2796 observare,
1407 2734 1434 2782 et
1448 2726 1572 2782 cruciatu
1587 2724 1665 2799 pueri
1687 2733 1714 2782 et
1735 2740 1788 2797 pa-

131 2815 274 2871 uculorum
289 2817 412 2890 gulaque
427 2826 522 2892 captus
538 2818 676 2887 illecebra,
691 2833 774 2873 manu
789 2814 874 2872 sacris
886 2813 934 2869 in-
989 2829 1098 2878 renium
1112 2820 1260 2877 devotione
1275 2817 1403 2892 permoti,
1424 2816 1559 2874 accedunt
1576 2815 1722 2884 cominus;
1742 2814 1788 2872 ad·

129 2901 212 2975 jecta,
224 2922 336 2980 pomum
352 2909 479 2965 clanculo
493 2908 594 2980 rapuit,
610 2924 641 2964 ac
655 2915 784 2980 tanquam
801 2920 834 2961 eo
848 2903 935 2959 volu·
989 2908 1141 2980 bibitisque
1153 2907 1347 2965 ecclesiasticis
1361 2906 1534 2974 exorcismis,
1546 2906 1672 2962 levamen
1687 2904 1789 2963 misero

132 2996 200 3067 ptati
218 3012 321 3052 morem
337 3005 473 3071 gesturus,
487 2996 628 3055 abscessit.
647 2996 736 3068 liujus
751 2993 934 3051 temeritatem
989 3014 1037 3070 per
1052 2996 1121 3055 sacri
1137 2997 1270 3053 virtutem
1286 2995 1412 3069 praesulis
1425 2995 1615 3065 deprecantur.
1628 2992 1790 3053 Permodieo

132 3089 276 3162 evestigio
287 3108 378 3148 eomes
392 3091 462 3148 ultio
475 3091 620 3162 castigavit
637 3109 643 3147 :
660 3105 734 3157 nam,
753 3097 783 3145 nt
799 3103 848 3143 esu
859 3082 933 3157 pomi
989 3087 1064 3143 bore
1080 3086 1282 3143 interveniente
1296 3083 1446 3150 curricula,
1462 3081 1550 3153 surgit
1563 3081 1728 3149 incolumis;
1745 3081 1789 3137 la·

132 3178 233 3235 illicito
247 3180 381 3237 satisfecit
395 3180 541 3249 desiderio,
557 3179 706 3237 interdicto
721 3174 852 3250 loquendi
868 3190 929 3242 usu,
961 3180 971 3200 ¹
986 3175 1079 3247 tisque
1094 3173 1254 3246 parentibus
1269 3178 1402 3246 percepta
1416 3186 1510 3226 secum
1525 3167 1621 3225 retulit
1636 3167 1735 3240 gaudia
1749 3183 1789 3226 aa·

134 3276 226 3324 mutus
241 3269 363 3339 allectus,
375 3287 452 3328 reum
463 3286 491 3327 se
501 3269 627 3328 criminis
635 3268 717 3324 misor
726 3274 849 3337 agnovit.
861 3262 933 3319 lluic
987 3264 1093 3322 nitatis.
1109 3266 1261 3339 Supersunt
1275 3262 1413 3336 hodieque
1426 3259 1634 3335 quamplurimi,
1649 3260 1737 3333 quise
1750 3259 1790 3317 rei

133 3357 283 3415 calamitati
300 3358 381 3415 linem
398 3375 487 3415 annus
503 3358 635 3427 imposuit
648 3373 655 3420 ;
669 3370 732 3410 cuin
749 3351 933 3409 solemnitatis
989 3364 1070 3428 gestae
1092 3354 1261 3423 interfuisse,
1283 3352 1351 3409 sutis
1368 3351 1489 3408 subnixa
1508 3349 1641 3406 relatione
1655 3349 1788 3406 fatentur.

134 3447 256 3519 ejusdem
272 3464 364 3505 annuo
380 3453 517 3502 remeante
536 3444 703 3515 spectaculo,
727 3441 814 3498 sancti
838 3438 934 3512 sepul·
1024 3455 1069 3514 gg,
1095 3457 1161 3513 pem
1186 3462 1212 3512 et
1235 3454 1351 3511 omnim,
1375 3451 1526 3510 cavendam
1551 3459 1579 3507 ei
1601 3449 1731 3524 ppurjmjg
1749 3451 1789 3506 jn.

133 3555 211 3594 crum
228 3545 364 3623 repetens,
379 3529 935 3605 fletureatumdiluit,votlsqueaddictus
989 3555 1152 3606 cunctanter
1170 3553 1310 3618 expertam
1333 3541 1472 3618 praegerife
1493 3538 1627 3612 jujufjffln
1650 3539 1789 3611 duxerim·

134 3623 359 3698 quamplurimis,
376 3623 511 3696 loquelam
527 3623 629 3695 pariter
644 3622 792 3678 etveniam
808 3626 936 3694 reporta·
990 3654 1054 3696 cum
1078 3643 1185 3695 constet
1208 3635 1237 3691 j„
1258 3634 1339 3691 ,ebus
1362 3647 1471 3706 quoque
1492 3628 1617 3687 minimis
1638 3628 1788 3686 maximam

135 3716 186 3770 lii·
204 3714 262 3770 ³0⁰
275 3713 351 3785 Plini
364 3721 535 3785 winierium
550 3729 607 3769 ¹¹⁰ss
622 3720 674 3781 ⁰⁵²·
689 3712 778 3770 (100θο
792 3711 826 3780 1⁸»
838 3710 866 3766 5¹³
881 3725 936 3783 (11¹⁰
991 3727 1132 3786 interdum
1147 3727 1269 3784 eminere
1283 3725 1387 3781 divinae
1400 3722 1513 3778 virtutis
1526 3719 1707 3777 evidentiam.
1720 3718 1791 3778 Curii

134 3810 277 3877 peractum
287 3803 385 3871 fuerat,
397 3802 437 3859 rei
448 3810 529 3873 gestae
539 3803 638 3859 seriem
651 3799 832 3857 indicaret.ld
843 3807 936 3856 actum
992 3818 1067 3875 enim
1092 3816 1257 3877 sacrosancti
1279 3813 1440 3872 memoriam
1464 3809 1630 3868 consemffi
1650 3804 1793 3865 mummi,

133 3902 176 3951 est
188 3909 230 3964 ea,
246 3909 306 3966 quai
325 3892 457 3948 llalendis
471 3891 637 3949 Octobribus
651 3890 754 3957 evenit,
776 3888 937 3956 festivitate,
992 3906 1320 3981 immensoqugpaqam
1336 3901 1493 3961 ,impiam
1511 3898 1663 3967 miraculis,
1681 3896 1710 3954 jn
1725 3911 1793 3969 pgr.
1873 3932 1877 3939 ,

135 3984 319 4057 fl¹¹²ffil¹¹⁰⁰b
334 3979 404 4038 ⁸³⁰&
419 3977 478 4050 ejus
492 3978 693 4050 (ῙθΡθθῑῖῙθΠθῐΠ
708 3975 939 4048 ⁰⁰fl¹⁰fi⁸⁸l³¹⁰¹¹·
992 3993 1069 4066 J'uros
1093 4011 1201 4067 quoquo
1222 4011 1276 4052 non
1300 3993 1391 4065 segnis
1412 3991 1544 4064 probatur
1562 3989 1637 4046 ultor
1655 3986 1791 4052 existere;

136 4071 273 4130 didiorem
294 4070 400 4129 ceteris
423 4069 513 4142 prisca
527 4073 652 4125 veterum
667 4063 872 4125 commendavit
885 4080 939 4120 au·
994 4090 1026 4138 ω
1048 4081 1156 4153 liquido
1181 4080 1311 4145 emineat,
1339 4086 1499 4135 ,anctorum
1525 4078 1640 4148 pigno„
1665 4075 1794 4133 humani,

137 4161 261 4218 ὒῑθΐῑῑὸθ·
995 4169 1136 4226 interdum
1160 4165 1273 4222 ausibus
1295 4180 1351 4221 nou
1374 4163 1488 4234 impune
1511 4160 1659 4217 lacessiri:
1682 4176 1745 4215 nam
1768 4159 1792 4214 si

173 4263 217 4320 lb.
233 4263 290 4320 llus
300 4260 437 4335 quoddam
451 4259 545 4316 nobile
555 4258 728 4316 vastinensis
744 4256 805 4330 pagi
816 4255 940 4314 Cordibi·
995 4261 1058 4335 quis
1081 4267 1128 4316 aut
1151 4254 1312 4330 cupiditatis
1336 4253 1441 4322 illectu,
1464 4256 1512 4306 aut
1535 4247 1623 4306 animi
1644 4247 1794 4320 pertinacis

138 4352 189 4409 lias
199 4350 312 4420 dicitur,
327 4367 341 4406 e
355 4347 435 4421 cujus
445 4348 545 4404 incolis
554 4346 667 4421 quidam
680 4346 760 4403 annis
770 4345 938 4420 pubertatem
996 4349 1128 4424 impulsu,
1154 4345 1298 4406 mendacio
1327 4340 1495 4417 patrocinari
1523 4337 1668 4406 definiens,
1696 4336 1792 4392 saltem

140 4441 338 4498 inducentibus
352 4438 472 4495 infausta
487 4454 607 4511 genuum
631 4434 772 4492 debilitate
796 4432 938 4500 multatus,
996 4439 1025 4495 in
1050 4439 1159 4495 armilla
1179 4435 1298 4509 janua·
1319 4429 1514 4505 jusjurandum
1533 4426 1644 4501 explere
1664 4440 1794 4499 praesum·

139 4533 173 4591 ad
190 4533 309 4606 praefata
325 4547 493 4590 concurrens
511 4527 671 4587 festivitatis
689 4525 797 4599 gaudia,
822 4493 980 4580 naturaliD
996 4529 1090 4601 pserit,
1107 4529 1182 4585 buno
1198 4523 1272 4599 quod
1294 4524 1330 4581 sit
1347 4537 1410 4578 reus
1426 4517 1553 4594 perjurii,
1574 4525 1634 4574 tuin
1654 4514 1694 4571 rei
1714 4513 1793 4570 fami·

141 4624 307 4680 reformatus
321 4619 493 4688 rectitudini,
510 4620 681 4693 cujusquam
694 4616 815 4672 maxime
825 4620 882 4670 erat
892 4613 941 4669 in·
996 4619 1073 4677 liaris
1092 4617 1248 4693 dispendio,
1267 4622 1327 4672 tum
1342 4626 1480 4686 corporeae
1498 4609 1599 4667 damno
1613 4604 1792 4675 valetudinis,

139 4711 231 4784 (lilim,
247 4719 345 4784 Opltlae
356 4727 448 4768 secum
464 4708 559 4766 retulit
573 4706 668 4763 munia
682 4703 832 4777 sospitatis·
996 4710 1098 4784 absque
1126 4707 1272 4776 dilatione,
1304 4703 1466 4778 pedissequa
1493 4697 1609 4772 corripit
1634 4696 1715 4765 ultio,
1732 4693 1794 4796 ‘du-

177 4809 221 4867 to.
237 4812 415 4868 Institutione
434 4808 622 4882 apostolorum
647 4803 780 4879 principis
802 4802 942 4859 informa·
996 4799 1088 4872 risque
1115 4796 1268 4870 implexum
1295 4791 1424 4861 nexibus,
1452 4796 1500 4846 aut
1526 4788 1582 4889 cita
1607 4786 1795 4844 satisfactione

139 4917 213 4970 mur,
229 4909 326 4958 contra
341 4911 500 4958 veternosas
515 4896 629 4972 maligni
644 4895 734 4954 bostis
747 4894 873 4963 astutias,
888 4891 942 4966 spi·
997 4887 1128 4957 liberum,
1145 4892 1193 4942 aut
1207 4883 1335 4958 proximo
1348 4875 1792 4978 interitu-efficitcondemnatum.

138 4990 234 5047 ritales
247 4999 275 5047 et
289 4990 440 5048 indefectas
455 4997 613 5049 constanter
623 5002 750 5046 exercere
766 4985 884 5059 vigilias,
894 4983 942 5057 qui
996 4977 1028 5035 Id
1049 4993 1105 5034 non
1129 4972 1229 5046 integri
1251 4972 1341 5030 solum
1362 4984 1488 5042 corporis
1506 4971 1651 5063 praesentia
1672 4965 1793 5061 meruiti

138 5088 273 5154 tanquam
302 5081 345 5137 leo
370 5080 525 5138 Dominicis
544 5095 652 5152 semper
673 5077 791 5133 infestus
805 5073 940 5142 ovilibus,
996 5081 1093 5124 verum
1117 5064 1200 5122 etiam
1228 5061 1386 5133 ubicunque
1399 5059 1534 5158 locorum
1558 5057 1712 5152 sanctitatis
1735 5064 1795 5148 equs

140 5172 284 5229 incautum
309 5186 445 5245 quemque
463 5178 490 5227 et
503 5168 687 5241 negligentem
708 5163 824 5239 excipit,
845 5161 942 5232 laniat,
996 5153 1130 5214 memoria
1143 5153 1255 5222 colitur,
1271 5154 1432 5207 reverentias
1446 5151 1554 5202 tautum
1569 5141 1705 5207 obtinuit;
1719 5144 1750 5194 ut
1765 5150 1794 5192 in

178 5350 323 5407 ¹Ariiii‘ttn
341 5351 435 5421 janue
455 5347 520 5431 quid
540 5349 586 5415 sit,
611 5362 667 5402 non
687 5343 774 5417 reperi
799 5342 942 5398 hactenus.
1000 5334 1136 5402 demum
1152 5333 1187 5389 ad
1200 5329 1312 5403 januam
1326 5326 1394 5385 foris
1412 5323 1575 5390 consistens,
1598 5328 1625 5378 et
1644 5318 1688 5376 vel
1709 5328 1796 5374 annu·

142 5423 273 5496 Suspicor
294 5422 428 5478 annulum
452 5419 601 5492 significari
626 5417 701 5487 (nam
725 5424 752 5472 et
775 5430 829 5495 pro·
840 5412 943 5494 annulo
998 5410 1056 5466 lum
1069 5404 1161 5487 janua
1174 5401 1346 5472 contingens,
1358 5392 1478 5471 pejerare
1490 5410 1522 5452 ae
1535 5392 1596 5451 falsi
1611 5400 1706 5471 testem
1719 5389 1796 5444 invo-

143 5494 254 5550 armilla
269 5494 401 5560 sumitur)
420 5508 474 5564 quo
497 5491 582 5563 janua
605 5490 675 5544 solet
693 5486 726 5542 ab
741 5483 944 5558 egredientibus
998 5496 1059 5537 care
1078 5486 1150 5533 ausit
1169 5480 1295 5532 sanetum
1320 5468 1474 5543 praesulem,
1497 5467 1565 5522 baiae
1587 5463 1657 5536 quod
1679 5466 1714 5516 sit
1735 5475 1796 5515 reus

143 5564 258 5633 attrahi,
285 5572 316 5620 ut
339 5581 354 5621 a
378 5565 445 5620 foris
466 5562 574 5620 occludi
598 5559 684 5633 possit
700 5577 706 5616 ι
724 5567 754 5613 ut
773 5573 868 5613 sensus
882 5555 941 5611 sit:
995 5549 1122 5624 perjurii,
1138 5555 1190 5603 etc.

142 5635 213 5694 Nam
231 5637 254 5693 si
270 5637 342 5710 quis,
358 5636 469 5693 occluso
487 5633 570 5691 etiam
593 5630 698 5703 templo
719 5629 762 5686 vel
790 5628 891 5685 sacello
914 5625 942 5681 S.
1040 5651 1042 5655 >
