3834 6136
55 241 110 301 stt

623 238 670 297 BE
689 235 879 301 ululetltts
899 238 927 300 S.
948 240 1149 302 BENEBICTI.

1659 249 1712 306 stt

55 395 177 456 sterium
192 390 294 465 posito,
309 391 469 464 qnidicitnr
479 390 724 450 VetnsFloriacns.
735 391 856 460 Quadam
872 397 897 454 A
912 395 1079 452 sanctissimi
1102 396 1243 454 Benedicti
1265 402 1424 454 constructa
1438 411 1454 452 a
1469 397 1619 456 venerabili
1638 417 1711 474 prae·

55 488 152 560 itaque
165 483 212 540 die
225 481 338 538 Sabbati
354 481 410 538 dno
419 498 560 554 compares
570 482 662 539 locum
676 482 779 541 adeunt
791 501 860 541 mer·

54 575 139 637 caudi
155 573 259 648 gratia:
274 587 392 645 qnorum
409 573 479 629 alter
493 573 520 629 in
531 572 640 630 sacculo
656 575 699 645 (ut
715 574 771 646 ipse
786 575 861 631 lere-

54 669 117 742 hat)
142 665 291 725 duodecim
315 663 433 721 habebat
456 664 594 733 denarios,
618 676 691 739 quos
715 666 797 723 simul
826 682 861 721 ex

54 746 198 816 mercibus
212 752 355 811 distractis
371 760 531 824 acceperant
547 768 646 826 eosque
660 753 729 810 inibi
745 754 861 812 intense

55 846 186 907 dividere
198 850 399 902 convenerant.
415 843 466 900 Sed
482 844 608 900 dumille
623 844 670 916 qui
685 844 755 901 nibil
769 860 802 900 ex
822 844 862 902 eis

54 936 203 1005 habuerat,
227 949 244 990 a
265 932 342 989 socio
360 929 413 988 sibi
438 931 559 989 debitam
578 934 729 1006 requireret
745 942 861 1007 partem,

56 1024 108 1083 ille
131 1039 199 1081 vero
222 1038 250 1080 se
273 1021 299 1077 ei
323 1020 475 1077 reddidisse
502 1020 654 1090 lateretnr3
683 1023 862 1080 contentione

56 1113 169 1184 oborta,
188 1110 278 1185 judex
303 1109 368 1179 lori,
392 1109 539 1183 Engilrans
556 1109 703 1179 vocabulo,
731 1112 860 1168 accurrit.

56 1204 186 1278 Cumque
205 1202 285 1259 litem
310 1199 441 1257 dirimere
460 1199 553 1263 vellet.
573 1209 655 1276 atque
670 1202 717 1258 ille
732 1202 779 1274 qni
796 1218 862 1274 pre-

56 1294 130 1353 tium
143 1290 287 1359 habuerat,
299 1289 421 1362 compari
433 1306 462 1345 se
471 1289 623 1348 reddidisse
634 1291 724 1348 modis
732 1292 862 1350 omnibns

56 1382 219 1446 affirmaret,
236 1393 287 1436 nec
300 1377 383 1434 dictis
399 1376 460 1451 ejus
468 1376 535 1435 tides
544 1378 734 1450 adhiberetur,
746 1381 861 1438 necessi·

56 1479 115 1530 tate
123 1467 860 1542 compulsusdexteramcontrsbasilicamextendens,

56 1576 127 1620 cnm
143 1560 235 1618 lurore
246 1557 436 1631 juramentum
452 1559 578 1631 protulit,
596 1559 636 1616 its
649 1558 794 1634 iuquiens:
811 1561 862 1619 Per

915 483 1001 540 sentis
1015 483 1070 542 loci
1084 482 1181 541 abbate
1191 484 1305 541 nomine
1315 484 1446 553 hledoue;
1462 484 1577 558 parvula
1588 487 1710 560 quidem,

915 571 963 628 sed
979 573 1007 627 iu
1022 573 1162 630 secretiori
1175 574 1218 645 (nt
1231 590 1262 630 eo
1276 573 1424 647 putabatur
1434 575 1569 648 tempore)
1586 575 1647 634 loco
1660 578 1713 634 sita

915 661 1047 730 civitatis,
1063 678 1095 719 ac
1109 678 1158 736 per
1170 662 1224 721 hoc
1241 666 1384 737 aptissima
1407 667 1550 724 monacbis
1573 675 1600 724 et
1621 667 1712 725 abbati

917 751 944 809 in
964 754 1124 809 necessariis
1145 753 1226 811 rebus
1247 754 1360 827 agendis
1379 757 1523 815 habitatio.
1541 758 1625 815 Porro
1639 758 1713 815 circa

916 848 1039 915 tempora
1053 841 1164 912 hiemis,
1178 844 1362 917 irruptionem
1375 846 1403 901 in
1417 849 1559 919 superiora
1572 848 1713 905 meditan-

916 931 991 988 tibus
1004 933 1126 1005 paganis,
1142 934 1302 989 necessitate
1317 933 1416 992 lratres
1428 936 1516 993 coacti
1531 951 1564 992 eo
1576 953 1604 993 se
1614 937 1713 994 conle-

917 1028 991 1076 rnnt.
1018 1020 1108 1088 Certe,
1123 1029 1153 1076 ut
1164 1019 1319 1095 jam'supra
1333 1022 1412 1080 brevi
1428 1025 1653 1096 memoravimus,
1669 1025 1713 1085 bis

916 1112 1028 1170 civitate
1043 1112 1172 1170 incendio
1185 1122 1368 1181 concremata,
1390 1113 1472 1169 tertio
1488 1114 1628 1182 distracta,
1645 1117 1714 1173 nnl-

917 1202 959 1257 lus
970 1199 1028 1273 jam
1042 1201 1068 1256 ei
1082 1199 1250 1258 defensionis
1263 1218 1295 1258 ac
1309 1202 1401 1258 tutela
1412 1201 1629 1260 videbaturnsus
1642 1204 1712 1262 ines·

915 1305 959 1345 se:
985 1290 1072 1347 donec
1092 1289 1258 1347 venerabilis
1283 1291 1408 1364 pontifex
1422 1291 1544 1364 ejusdem
1559 1292 1635 1351 urbis
1648 1311 1712 1352 eum

915 1394 1023 1435 summa
1045 1378 1178 1435 dicendus
1193 1379 1356 1448 reverentia,
1374 1377 1522 1450 Galterius,
1542 1382 1599 1437 Deo
1618 1380 1712 1454 inspi-

916 1475 992 1522 rante
1008 1483 1101 1524 muros
1112 1484 1160 1540 per
1173 1476 1273 1525 cuncta
1284 1467 1341 1523 lere
1355 1467 1509 1525 destructos
1519 1467 1651 1539 civitatis,
1663 1487 1711 1527 sa-

916 1561 1030 1634 gacitate
1044 1559 1146 1617 nobilis
1159 1559 1263 1632 ingenii
1279 1577 1332 1634 qua
1346 1561 1505 1633 propellere
1516 1562 1712 1635 cognoscitur·

56 1652 149 1710 istum
169 1649 197 1709 S.
216 1648 396 1706 Benedictum
411 1664 460 1721 ego
480 1649 544 1706 illos
558 1649 583 1705 ei
599 1649 707 1708 reddidi
720 1651 857 1709 denarios.
915 1659 1082 1718 restaurans,
1107 1648 1261 1706 defensioni
1284 1657 1422 1721 coaptaret
1449 1650 1625 1722 populorum.
1653 1650 1712 1710 flue

56 1739 143 1810 Quod
157 1739 222 1814 quia
231 1746 332 1796 temere
346 1754 378 1795 nc
394 1737 463 1793 falso
475 1735 626 1810 juraverat,
640 1755 811 1814 nequaquam
827 1757 862 1796 ex
875 1750 898 1811 Β
915 1741 1008 1813 itaque
1022 1740 1093 1797 servi
1104 1738 1154 1795 Dei
1168 1737 1355 1806 devenientes,
1369 1746 1477 1811 tempus
1490 1756 1539 1811 pro
1553 1740 1713 1813 opportuni·

56 1830 228 1906 impunitate
244 1828 370 1901 gravisus
390 1836 449 1885 est:
471 1828 493 1885 si
510 1829 621 1903 quidem
638 1847 760 1899 manum,
776 1849 858 1906 quarn
913 1837 969 1886 tate
984 1828 1359 1900 religiosaetrausignntvitre.
1371 1828 1714 1886 Adfuitaulemiuterhaec

56 1937 124 1981 enm
138 1919 253 1979 brachio
268 1919 423 1993 improvide
433 1917 523 1991 pejora
538 1935 605 1976 urus
615 1920 778 1990 tetenderat,
789 1920 823 1977 ad
831 1935 860 1978 se
914 1919 986 1991 apnd
1010 1934 1113 1973 sacram
1140 1916 1283 1972 aediculam
1304 1917 1429 1989 quaedam
1450 1917 1553 1973 femina
1570 1934 1604 1974 ex
1627 1917 1714 1989 burgo

55 2023 190 2066 mvocare
210 2005 338 2080 nequivit
351 2024 357 2072 ;
382 2005 430 2062 sed
453 2006 483 2061 in
505 2022 556 2063 sno
574 2006 719 2064 conamine
740 2007 859 2080 obriges·
914 2006 1047 2073 civitatis,
1059 2004 1098 2061 ita
1111 2013 1142 2061 ut
1156 2020 1328 2078 nequaquam
1342 2003 1457 2077 pedibus
1468 2006 1593 2062 incedere
1605 2014 1712 2077 posset:

57 2112 137 2167 cena,
157 2096 267 2171 stupida
281 2097 423 2153 remansit.
439 2095 540 2153 Territi
562 2114 657 2155 omues
673 2099 721 2171 qui
735 2098 858 2168 aderaut,
915 2095 960 2153 sed
974 2113 1020 2169 per
1030 2104 1130 2152 terram
1145 2094 1488 2167 reptand0,scamellorum
1505 2091 1713 2168 [scabellorum]

58 2185 131 2262 qnid
144 2186 271 2244 consulto
284 2199 353 2259 opus
367 2192 437 2243 esset
449 2193 607 2242 scrutantur
621 2188 772 2259 evestigio.
783 2184 860 2242 Nilril
916 2187 1002 2257 magis
1021 2183 1166 2256 jovamiue
1190 2199 1248 2240 sese
1266 2184 1447 2257 protraheret,
1471 2200 1532 2257 quae
1553 2183 1716 2241 excubando

58 2289 130 2333 vero
152 2273 264 2333 consilii
287 2274 450 2332 salubrioris
470 2281 620 2347 repertum,
641 2290 723 2348 quam
744 2283 776 2331 ut
800 2291 862 2332 rens
917 2290 965 2346 pro
976 2269 1179 2346 loribusipsius
1190 2271 1312 2328 ecclesiae
1328 2272 1511 2344 eleemosynis
1523 2272 1715 2343 religiosorum

57 2362 195 2421 virtutem
214 2361 273 2435 jam
292 2370 422 2436 expertus
440 2361 576 2430 divinam,
592 2362 700 2418 veniam
726 2362 862 2434 petiturus
916 2364 1033 2420 fratrum
1056 2361 1131 2435 pasci
1154 2360 1234 2417 solita
1257 2368 1334 2417 erat:
1354 2368 1516 2432 exspectans
1533 2360 1555 2416 si
1577 2360 1715 2432 quomodo

58 2450 150 2509 aedem
169 2467 274 2510 sacram
288 2457 439 2524 expeteret.
455 2450 535 2518 Quod
549 2450 596 2507 ille
611 2451 728 2524 impiger
742 2466 862 2508 exsecu-
916 2452 977 2510 fieri
1000 2459 1101 2525 posset,
1127 2459 1159 2506 ut
1184 2450 1284 2522 pietate
1305 2450 1354 2505 Dei
1376 2466 1407 2506 ac
1429 2449 1535 2505 meritis
1563 2448 1716 2506 beatissimi

59 2553 120 2617 tus,
135 2544 258 2620 dejectus
270 2547 363 2604 animo
375 2562 408 2603 ac
421 2545 689 2619 supplexecclesiam
700 2544 779 2617 petit,
791 2545 862 2602 dele·
917 2540 1082 2601 confessoris
1095 2557 1253 2613 corpoream
1269 2539 1375 2613 assequi
1392 2548 1543 2596 mereretur
1558 2540 1714 2599 sanitatem.

59 2650 128 2693 rens
143 2637 228 2692 altera
243 2633 272 2692 in
293 2650 376 2692 mauu
391 2651 451 2707 quaa
467 2649 535 2708 pene
549 2631 671 2690 obnoxia
690 2649 862 2708 nequaquam
918 2631 988 2690 Cum
1003 2630 1087 2703 igitur
1100 2629 1233 2685 diuturno
1248 2628 1336 2700 spatio
1351 2629 1483 2700 temporis
1498 2627 1527 2684 id
1541 2637 1641 2700 ageret,
1658 2635 1716 2684 tan·

59 2725 164 2797 inerat,
184 2726 243 2783 voti
263 2727 351 2798 gratia
368 2725 474 2782 iuream
491 2724 606 2780 lerream
622 2724 779 2781 tridentem.
796 2724 863 2780 Pos-
918 2724 981 2782 dem
997 2733 1122 2796 respectu
1136 2722 1240 2779 divinae
1263 2722 1382 2796 pietatis,
1409 2722 1569 2795 meritisque
1584 2729 1611 2778 ot
1625 2722 1717 2779 inter-

60 2825 154 2875 tremo
163 2818 297 2875 sternitur
306 2823 369 2872 aute
379 2813 591 2872 sacratissimam
601 2813 736 2884 tumbam,
749 2830 863 2870 vacuam
919 2820 1004 2870 ventu
1019 2811 1185 2870 sanctissimi
1200 2810 1345 2868 Benedicti
1357 2811 1466 2867 sanitati
1482 2811 1717 2879 restituitur,diu·

61 2907 178 2984 quidem
193 2914 289 2965 sancto
303 2920 426 2980 corpore,
440 2904 487 2961 sed
500 2904 603 2961 virtute
617 2903 714 2960 divina
731 2920 766 2960 ex
780 2903 864 2960 socie·
919 2921 972 2978 que
992 2902 1020 2959 in
1043 2901 1139 2959 eodem
1164 2902 1224 2958 loco
1247 2918 1313 2957 sana
1328 2909 1355 2957 et
1369 2900 1518 2959 incolumis
1546 2917 1718 2974 permanens,

61 3005 124 3054 tate
139 2995 279 3069 quondam
295 2994 416 3067 priorum
430 2993 533 3049 ossium
545 2991 673 3048 refertam
683 3011 689 3050 :
700 2993 864 3066 veniamque
919 3001 980 3067 post
994 2991 1105 3048 virilem
1118 2999 1240 3049 assecuta
1255 2992 1393 3064 copulam,
1409 3007 1473 3048 cum
1489 2993 1564 3063 prole
1579 2991 1608 3046 in
1624 2990 1720 3048 eadem

61 3085 236 3143 temeritatis
250 3099 282 3140 ac
295 3082 417 3141 criminis
427 3099 462 3139 ex
476 3080 597 3156 perjurio
612 3083 745 3138 contracti
757 3086 862 3150 exorat,
879 3109 901 3170 G
920 3093 1042 3140 moratur
1059 3081 1184 3140 civitate.

62 3176 155 3233 simul
177 3177 260 3233 etiam
280 3174 493 3232 misericordiam
513 3171 626 3230 Domini
641 3179 777 3245 precatur,
793 3186 866 3243 qua·
1185 3187 1299 3247 CApUT
1314 3186 1458 3244 xxxvq

61 3275 152 3324 tenus
166 3266 321 3324 interventu
336 3266 452 3339 piissimi
472 3265 599 3338 pastoris,
618 3263 697 3337 cujus
710 3264 866 3321 venerabile
1141 3278 1297 3335 pupparum
1312 3277 1498 3348 resumitur,

61 3373 171 3416 nomen
194 3364 364 3413 sacramento
393 3358 471 3412 velut
494 3355 657 3410 vilissimam
684 3363 866 3412 attentaverat
955 3369 1074 3437 Quidam
1093 3368 1176 3425 homo
1201 3382 1236 3422 εχ
1260 3366 1367 3422 familia
1389 3365 1416 3421 s¹
1438 3364 1527 3420 Patris
1550 3363 1726 3421 pauliacensi

62 3462 138 3516 rem,
151 3445 297 3502 inanimem
313 3444 421 3517 assequi
437 3449 596 3498 mereretur.
609 3443 707 3499 Adfuit
719 3445 867 3502 clementia
922 3459 1104 3532 (Pauliacum,
1110 3458 1227 3527 Pouilly,
1235 3455 1368 3527 oppidum
1379 3456 1409 3510 in
1419 3454 1560 3525 Nivernis)
1569 3469 1638 3526 pago
1646 3470 1722 3510 man.

63 3533 227 3596 conditoris
241 3534 370 3607 precibus
383 3532 540 3588 affectuosus
556 3529 649 3586 miseri
662 3531 799 3603 poscentis
811 3549 866 3588 au·
923 3549 1078 3606 ,iunoniam
1100 3562 1134 3603 01
1151 3544 1206 3602 pepi
1221 3553 1369 3614 structura,
1385 3545 1491 3600 vimine
1505 3542 1657 3599 3011100220
1671 3558 1723 3614 8⁰·

64 3625 170 3683 lilium
186 3623 283 3681 eximii
300 3621 390 3689 ducis,
402 3619 514 3693 eiusque
528 3619 720 3677 5ffi⁸¹⁰⁰³⁸i⁰¹¹⁰
734 3622 869 3679 ffl0d0¹³111
924 3645 1011 3703 nesta,
1032 3652 1113 3710 super
1132 3634 1320 3692 haereditatem
1337 3639 1530 3691 construxerat
1549 3648 1646 3688 suam:
1669 3647 1724 3705 quo

65 3714 197 3773 infimum
218 3712 408 3784 001¹⁸⁰i¹¹ii⁰fs
430 3713 562 3783 linusque
577 3708 667 3766 f⁰f¹¹¹¹¹
683 3713 792 3784 ‘⁰1³0‘st
816 3712 870 3771 Sed
923 3734 1024 3784 cuncta
1038 3742 1098 3799 quae
1119 3723 1260 3797 acquirere
1275 3723 1365 3795 potnit
1378 3722 1547 3789 conducens,
1568 3739 1643 3796 spem
1658 3739 1725 3779 om-

66 3807 452 3883 1¹⁰¹⁰¹'telllflsil11i1fistitia
472 3825 522 3883 Pf0
539 3807 654 3881 Ρθῑᾶῑῑῗὸ
677 3805 879 3863 ὓῧὸθῐῦθῑθῑῦῐι
924 3834 987 3873 nem
1005 3815 1195 3889 protrahendae
1210 3814 1390 3887 pauperrima
1403 3811 1641 3870 contuleratvitae.
1654 3810 1725 3870 Casu

66 3901 204 3969 nummi&
225 3900 362 3958 0011⁸⁰¹³si
375 3915 437 3955 enm
452 3899 589 3954 D⁰ffll¹¹¹¹⁸
603 3898 732 3969 dissssssllss
744 3903 796 3964 0³⁸»
810 3896 870 3968 01⁸¹ss
924 3906 1043 3980 denique
1067 3904 1217 3973 accidente,
1239 3904 1301 3976 igne
1318 3902 1525 3976 comprehensa,
1549 3901 1725 3958 flammarum

67 3992 185 4061 Virtute,
210 3988 290 4062 BBJ'BS
314 3987 421 4045 dulillo
441 3989 557 4044 salutem
573 3984 719 4041 illisoluit
734 3984 868 4042 conferre.
925 3994 1036 4069 globum
1061 3996 1144 4067 ooepil
1167 3995 1302 4050 emittere,
1318 3991 1550 4064 perstrepentium
1564 3999 1656 4047 autem
1676 4000 1726 4047 tu.

67 4082 195 4156 Namque
213 4078 352 4155 (mirabile
367 4079 444 4136 dictu
456 4078 477 4150 l)
504 4093 567 4134 cum
586 4075 678 4133 omnis
696 4075 753 4133 fere
775 4076 870 4151 impuli
925 4087 1026 4153 multu,
1041 4091 1072 4139 ut
1085 4083 1114 4139 in
1128 4083 1176 4139 tali
1192 4084 1291 4138 assolet
1305 4099 1345 4147 re,
1360 4082 1515 4138 vicinarum
1526 4080 1652 4138 homiues
1673 4080 1725 4137 vil·

65 4172 222 4231 multitudo
244 4190 260 4231 a
283 4173 343 4229 loro
368 4172 402 4229 ad
421 4170 533 4244 propria
550 4169 714 4237 recessisset,
736 4169 871 4243 paucique
924 4173 1013 4228 larum
1036 4180 1178 4242 caeperunt
1200 4184 1373 4227 concurrere.
1394 4168 1447 4223 Sed
1467 4184 1531 4224 cum
1547 4168 1605 4238 jam
1626 4184 1723 4240 rogum

64 4262 218 4321 admodum
241 4261 447 4330 remansissent,
463 4276 496 4317 eo
514 4260 543 4316 in
559 4261 620 4317 loco
635 4275 690 4334 quo
705 4256 793 4331 major
806 4258 869 4315 dis-
924 4262 1097 4319 flammarum
1119 4260 1202 4317 altius
1224 4256 1429 4324 ascendentem,
1450 4255 1722 4328 concremationique

63 4368 166 4412 currus
181 4351 272 4409 inerat
282 4350 370 4424 plebis
380 4350 539 4422 respiciens,
550 4349 622 4406 vidit
632 4346 869 4420 sacculumjaceu.
924 4355 1078 4429 proximam
1092 4359 1245 4417 cernerent,
1259 4349 1372 4421 gradum
1387 4360 1582 4417 compressere,
1598 4343 1722 4401 dicentes

63 4453 125 4502 lem
135 4455 200 4501 cum
213 4438 582 4514 nummisqwslttrdideffll·
597 4441 684 4506 Quem
695 4437 867 4511 recolligent,
925 4461 984 4501 eam
998 4461 1014 4501 a
1032 4443 1110 4499 nullo
1125 4456 1202 4514 posse
1215 4437 1325 4495 liberari
1341 4452 1401 4509 qna
1415 4440 1555 4490 exstructa
1568 4432 1721 4490 viminibus

65 4531 169 4609 podio
184 4530 287 4604 majore
300 4530 428 4598 allicitur,
441 4544 496 4584 non
507 4529 596 4584 solnm
612 4544 662 4600 pro
672 4528 759 4585 salute
772 4544 868 4600 corpo.

65 4637 125 4691 rea,
140 4636 236 4678 verum
254 4621 336 4677 etiarn
351 4635 400 4692 pro
415 4619 528 4674 invento
543 4618 710 4690 paupertatis
723 4636 777 4676 sua
792 4621 866 4679 labo·

66 4711 144 4770 rioso
158 4718 274 4785 qnaestn.
296 4711 367 4767 llnic
380 4708 537 4766 admirabili
551 4709 630 4781 signo
648 4709 723 4768 aliud
738 4710 867 4784 adjicitur

15 4859 18 4865 ,
67 4807 209 4858 monente
231 4799 448 4872 christigratia,
472 4798 591 4872 longiori
615 4816 771 4877 quanquam
788 4810 867 4861 terra

67 4889 231 4949 interstitio.

332 4987 447 5048 CAPUT
471 4987 601 5047 XXXVI.

300 5078 502 5138 Muliereluuda
513 5086 635 5135 curetur.

104 5176 158 5236 so
172 5178 246 5234 intra
259 5177 361 5235 maenia
374 5177 453 5235 urbis
465 5178 620 5235 Aureliana
635 5175 706 5233 ades
719 5176 749 5233 in
764 5174 868 5236 bonore

105 5297 117 5324 ι
131 5275 207 5333 iiiuc
220 5284 332 5349 apparet
345 5276 532 5335 Adrevaldum
549 5276 592 5333 his
607 5274 748 5332 miraculis
760 5272 869 5330 descri-

68 5346 172 5406 bendis
192 5363 302 5420 operam
323 5348 430 5406 dedisse
446 5347 556 5405 sedente
575 5347 665 5403 adhnc
680 5345 801 5404 Galterio
821 5357 870 5402 sen

70 5419 215 5489 Ganwrio,
233 5420 377 5490 walterio,
392 5420 439 5493 qui
454 5436 527 5476 auno
539 5419 592 5477 876
605 5418 724 5476 concilio
734 5417 813 5474 Ponti
832 5432 869 5472 o-

70 5491 152 5550 rtensi
176 5491 349 5564 subscripsit,
374 5498 401 5548 et
423 5491 482 5548 sedi
503 5490 695 5547 Aurelianensi
718 5505 791 5544 anno
816 5433 870 5545 {ab

69 5563 166 5621 adhuc
180 5563 342 5636 presidebat
355 5580 390 5621 ex
404 5562 538 5636 Sansseyo
549 5581 555 5620 :
568 5563 614 5635 qni
623 5561 766 5618 aediculam
779 5559 807 5617 S.
821 5558 871 5642 Be-

70 5632 178 5692 nedicti
204 5633 251 5691 hic
273 5644 449 5692 memoratam
468 5650 627 5693 conversam
646 5649 704 5690 esse
722 5631 819 5690 scribit
841 5646 870 5686 rn

924 4542 951 4591 et
969 4540 1110 4605 compacta
1123 4536 1243 4599 genesta,
1258 4529 1347 4583 levem
1362 4531 1470 4597 pastum
1488 4521 1595 4578 voranti
1610 4521 1719 4592 praebe-

924 4633 965 4681 ret
978 4623 1105 4680 flammae.
1118 4621 1261 4686 Praeterea,
1272 4616 1393 4672 humano
1411 4610 1554 4671 recedente
1568 4608 1719 4683 adjutorio,

924 4731 1026 4791 pauper
1039 4714 1086 4770 ille
1098 4712 1132 4770 ad
1146 4710 1273 4768 divinum
1289 4723 1438 4764 conversus
1453 4705 1590 4762 auxilinm
1605 4703 1645 4759 ita
1659 4703 1720 4759 aie-

923 4806 988 4863 bat:
1015 4803 1187 4870 OBomiue,
1208 4800 1337 4856 miserere
1360 4797 1425 4866 mei,
1451 4813 1485 4852 ne
1511 4796 1583 4852 lame
1607 4792 1721 4848 allectus

925 4896 1045 4953 moriar!
1068 4895 1096 4952 S.
1112 4891 1269 4959 Benedicte,
1284 4887 1400 4946 subveni
1416 4886 1495 4955 mibi,
1511 4894 1539 4942 et
1551 4883 1652 4956 adjuva
1665 4898 1719 4937 ser·

924 5004 991 5043 vum
1013 4994 1105 5052 tuum3
1127 4999 1237 5040 ornnem
1252 4979 1327 5037 enim
1343 4984 1527 5053 paupertatem
1543 4976 1573 5029 in
1587 4973 1640 5028 hoc
1656 4987 1718 5026 con·

925 5077 1058 5134 duxeram
1079 5071 1285 5145 tuguriunculo.
1306 5071 1378 5126 Burn
1401 5067 1459 5123 haec
1479 5072 1506 5122 et
1526 5062 1581 5118 alia
1600 5057 1720 5132 plurima

926 5165 1017 5223 llendo
1029 5164 1217 5236 ingeminaret,
1227 5159 1366 5218 Divinitas
1377 5155 1449 5212 llexa
1457 5152 1492 5210 ad
1502 5146 1719 5208 misericordiam

925 5265 1065 5325 ecclesiam
1081 5261 1263 5335 paroecialem,
1280 5264 1464 5328 nuncupatam
1483 5252 1511 5308 S.
1528 5245 1668 5306 Benedicti
1686 5245 1720 5302 de

927 5337 1036 5405 Redito,
1048 5337 1130 5406 vulgo
1141 5333 1218 5389 Seirai
1227 5330 1334 5387 Bennist
1344 5329 1380 5383 du
1392 5329 1500 5390 Betour,
1511 5327 1620 5403 sumpta
1630 5318 1720 5390 appel·

927 5410 1029 5466 latione
1052 5423 1068 5463 a
1090 5403 1221 5462 relatione
1243 5399 1366 5472 corporis
1379 5397 1407 5453 S.
1428 5394 1569 5474 Beuedrctr
1585 5406 1614 5447 rn
1628 5404 1720 5471 mona·

927 5480 1041 5539 sterium
1054 5475 1235 5542 Floriaceuse,
1251 5487 1311 5545 qnae
1330 5468 1428 5527 relatio
1442 5465 1576 5524 Walterro
1590 5459 1721 5537 pontifice

926 5551 1083 5625 contigerit.
