3834 6136
522 203 840 264 uauttuotoutult.
861 239 895 250 -
914 152 1018 265 Militis.
1039 211 1123 266 NOV.

1604 214 1656 273 Μ

106 333 112 390 l
126 333 208 390 caelos
225 331 389 387 transmisit.
400 329 587 401 Qnaejubente
597 331 740 388 Antonino
751 334 840 395 im·A
857 336 960 393 similis
976 345 1017 394 est
1038 337 1182 394 codicibus
1203 340 1301 397 media
1325 348 1407 409 notae,
1432 341 1555 398 inserens
1571 342 1654 398 etiarn

106 403 170 461 ead
193 402 324 458 ultimum
341 402 476 459 decollata
497 410 547 457 est.
564 403 639 458 llanc
654 403 707 459 Gra
725 405 801 461 orius

106 492 144 533 tm
160 482 276 529 matrem
292 482 373 529 vocat
387 474 417 528 in
431 473 549 529 omeliis.
565 475 596 529 lu
627 491 678 530 ao
717 476 800 532 asba-

108 546 128 605 d
153 554 195 602 est
224 545 413 670 HasFegonne,
437 545 575 617 depositio
596 581 624 601 .,
644 491 797 616 ξΓιΊιάῡηίε,

106 618 151 676 eri
174 627 201 673 et
224 632 276 672 con
291 615 412 683 essoris,
438 616 617 672 ammirandae
646 619 800 675 sanctitatis

125 691 167 747 De
189 688 322 744 Severiuo
345 703 422 758 pure,
447 687 603 744 Lucretiam
626 689 744 748 remittit
765 690 799 746 ad

106 768 257 836 aquentem.

106 866 194 910 cntcr.
212 848 246 905 de
261 847 403 905 Clemente
417 847 508 905 addit:
518 871 527 895 ι
539 849 590 904 llic
599 857 702 920 septem
713 851 798 922 regio·

106 922 164 980 risit
188 919 306 976 notariis
329 918 459 975 fidelibus
484 920 624 987 Ecclesia,
650 922 699 993 qul
725 930 798 1003 gesta

106 1009 148 1051 am
163 990 284 1048 sollicite
299 997 327 1045 et
350 991 459 1046 curiose
474 991 674 1063 perquirerent.
699 993 750 1049 Hrc
764 1009 799 1049 ex

106 1072 131 1123 to
145 1064 178 1120 B.
200 1061 274 1117 Petri
299 1062 420 1133 suscepit
442 1062 572 1118 Ecclesia
594 1062 797 1134 pontificatum.

106 1143 128 1194 tt
148 1135 245 1193 Cletus
259 1139 322 1187 aute
338 1148 400 1187 eum
417 1132 588 1202 scribuntur,
611 1134 675 1207 quia
689 1134 723 1191 ab
738 1135 797 1207 ipso

106 1223 121 1265 e
143 1205 332 1278 apostolomm
348 1203 382 1258 ad
407 1204 593 1260 ministerium
619 1206 796 1275 sacerdotale,

106 1278 196 1336 isunt
210 1275 342 1332 ordinati.
354 1300 362 1321 ·
372 1274 443 1332 Vide
457 1275 636 1348 appendicem
651 1277 758 1333 Adonis
768 1279 797 1335 in

106 1347 293 1420 ellosweydi.

106 1438 489 1499 sinemurus-Ummium:
520 1460 530 1483 ι
554 1437 705 1495 Clementis
721 1456 797 1522 papa

106 1511 178 1595 qais.
194 1510 348 1566 Felicitatis
365 1509 495 1583 martyris
509 1517 537 1563 et
551 1509 655 1566 uiduae.
671 1511 797 1567 Severini

106 1581 285 1639 dulmcretire
302 1581 428 1652 virginis.
447 1608 456 1630 »

106 1688 133 1728 rx
152 1672 185 1728 D.
200 1671 236 1726 Lu
255 1672 337 1726 litun
359 1672 429 1742 sign.
450 1672 492 1728 A:
516 1696 525 1719 ‹
546 1670 687 1742 Depositio
709 1681 796 1729 sancti

105 1742 125 1799 ri
139 1741 312 1799 contessoris.
329 1767 338 1789 »
363 1743 471 1798 Colitur
484 1743 529 1799 die
544 1743 680 1815 sequenti.

106 1846 211 1887 amedu.
228 1846 306 1885 rrum.
322 1829 393 1886 5949
408 1830 508 1886 desunt
523 1837 578 1886 tres
593 1829 681 1886 sancti
703 1831 796 1887 ultimi

854 408 915 464 loco
929 409 1084 480 penultimo
1099 409 1268 467 Clementem
1285 412 1445 468 llletensem.

890 480 985 536 Bunrs.
1007 480 1171 537 Severinum
1196 484 1337 539 transtulit
1351 483 1385 540 ad
1400 500 1491 539 xxmr.
1516 483 1603 540 llulta
1620 484 1654 542 de

854 558 953 608 cetero
968 553 1038 608 male
1052 560 1179 609 contorta
1193 562 1268 610 sunt.

890 622 1036 679 Cassum:
1060 648 1069 669 ι
1089 624 1198 690 Mathis,
1222 625 1359 699 depositio
1381 627 1469 684 sancti
1490 626 1653 697 Clementis,

854 693 937 765 primi
955 693 1077 766 ejusdem
1100 693 1177 751 urbis
1196 698 1337 771 episcopi,
1363 700 1454 772 patrui
1481 698 1568 754 sancti
1595 697 1653 754 Cle-

854 766 956 821 mentis
970 782 1055 839 papae,
1070 783 1085 821 a
1100 767 1180 822 beato
1201 769 1282 825 Petro
1303 786 1367 826 cum
1381 771 1444 826 aliis
1459 768 1578 836 duobus,
1595 768 1655 825 sci-

854 835 918 892 licet
937 836 1045 894 Caelesti
1066 846 1093 893 et
1107 837 1192 895 Felici
1213 840 1281 897 illuc
1304 840 1412 898 directi.
1439 842 1471 897 ln
1493 840 1652 908 Cameraco,

854 906 922 962 Sarii
949 908 1101 982 presbyteri
1126 916 1154 964 et
1178 911 1351 969 confessoris.
1383 914 1413 969 ln
1436 911 1574 968 territorio
1596 912 1655 968 Re-

855 979 957 1046 mensi,
968 981 1057 1036 sancti
1073 981 1187 1036 Goberti
1210 983 1385 1040 confessoris.
1408 984 1544 1039 Bituricas
1564 983 1652 1038 sancti

853 1051 944 1106 Fateri
970 1051 1134 1124 presbyteri.
1161 1053 1299 1111 Faustina
1315 1054 1425 1126 reginae,
1452 1071 1513 1127 quae
1536 1054 1565 1110 iu
1589 1069 1653 1110 con·

853 1121 971 1177 sessione
984 1122 1069 1179 beatce
1084 1123 1243 1180 Katherinae
1265 1125 1389 1194 credens,
1406 1126 1583 1197 postmodum
1604 1141 1654 1197 pro

853 1192 907 1248 fide
930 1192 1054 1262 Christi,
1074 1201 1141 1320 gost
1165 1196 1349 1253 mamillarum
1378 1197 1579 1253 extractionem
1608 1196 1653 1252 de-

852 1264 953 1321 collata
976 1274 1026 1322 est.
1051 1266 1071 1321 Τ
1094 1265 1211 1334 eoduma,
1238 1269 1334 1324 uxoris
1351 1267 1425 1324 beati
1443 1266 1559 1324 Sisinnii
1582 1283 1652 1323 mar·

852 1337 934 1407 tyris.
951 1361 960 1383 ·

887 1408 995 1464 Morsu.
1013 1408 1163 1465 Clementis
1176 1409 1296 1480 elogium
1316 1410 1417 1467 litteris
1443 1409 1548 1467 Italicis
1562 1412 1651 1465 textui

852 1479 999 1535 immiscet.
1011 1504 1020 1525 ι
1030 1480 1191 1551 llicseptem
1208 1482 1333 1553 regiones
1347 1482 1445 1538 divisit
1455 1480 1572 1536 notariis
1585 1480 1652 1535 side·

852 1550 936 1618 libus‚
952 1551 1000 1623 qui
1013 1560 1087 1623 gesta
1102 1560 1255 1624 martyrum
1270 1552 1585 1625 soliciteperquirerent.
1602 1551 1653 1606 llic

789 1672 794 1684 ,
850 1637 884 1676 ex
901 1631 1034 1694 praeceptu
1049 1623 1122 1678 beati
1142 1623 1213 1678 Petri
1229 1625 1358 1680 Ecclesia
1373 1624 1493 1697 suscepit
1509 1621 1651 1696 pontifica-

809 1697 831 1757 Β
850 1702 921 1747 turri.
943 1693 1029 1748 Linus
1043 1703 1070 1749 et
1094 1694 1188 1750 Cletns
1203 1695 1263 1749 ideo
1283 1705 1346 1751 ante
1365 1696 1455 1768 ipsum
1478 1695 1648 1762 scribuntur,

852 1765 916 1836 quia
930 1764 964 1819 ah
979 1765 1039 1890 ipso
1055 1765 1178 1846 principe
1192 1767 1391 1836 apostolorum,
1413 1767 1446 1822 ad
1460 1765 1649 1846 ministerium

851 1835 1019 1891 sacerdotae
1033 1852 1153 1909 episcopt
1168 1843 1233 1891 sunt
1250 1837 1381 1893 ordinati.
1393 1838 1445 1903 Qui
1455 1837 1570 1909 jubente
1585 1836 1649 1891 Tra·

106 1900 259 1961 Usuardini.
276 1900 432 1972 Adjicitur:
455 1902 508 1957 «lu
523 1902 611 1970 ltalia,
628 1902 796 1957 monasterio
848 1905 924 1988 iano,
952 1905 1051 1963 missus
1071 1916 1111 1964 est
1135 1908 1163 1962 iu
1183 1908 1300 1963 exilium
1323 1916 1400 1964 trans
1419 1908 1537 1964 Pontum
1563 1923 1646 1974 mare,

107 1973 197 2030 uncti
212 1972 378 2030 Columlraui
393 1972 532 2029 abbatis·

106 2062 238 2121 xCasaar
259 2064 387 2118 Kauom:
405 2065 433 2120 S.
450 2064 590 2119 morentii
603 2064 740 2134 ururlpria.

106 2168 208 2209 urruns.
230 2151 301 2208 male
320 2152 402 2223 legit:
426 2153 564 2225 «lapago
587 2152 735 2219 Austnvio,
752 2155 794 2208 vel

106 2224 138 2294 io,
152 2224 181 2280 S.
198 2222 345 2279 Trudonis.
362 2248 370 2270 ι

106 2330 172 2371 tuus.
193 2313 239 2370 SS.
257 2315 329 2369 l'im.
341 2322 368 2368 et
387 2314 481 2441 AEoll.
501 2331 506 2368 :
532 2317 585 2370 ‹ln
599 2332 667 2385 pago
680 2315 796 2370 Laudn-

106 2385 183 2443 ancti
194 2386 343 2442 Godeberti
353 2402 414 2458 pres
436 2387 505 2457 yteri
522 2394 548 2442 et
557 2386 753 2443 confessoris.»

108 2473 337 2532 oLuaaco-Cor..
355 2473 389 2527 de
404 2471 544 2529 Clemente
558 2489 589 2527 ea
604 2474 689 2528 torure
703 2475 797 2529 omnia

106 2563 157 2621 quae
180 2545 237 2618 jam
263 2546 349 2600 relata
368 2551 443 2611 sunt,
459 2553 485 2599 et
500 2551 630 2614 praeterea
653 2545 793 2616 adjungit:

106 2618 207 2685 statuit,
231 2624 262 2672 ut
288 2616 451 2688 baptizatus,
477 2623 559 2740 prout
578 2614 661 2670 citius
688 2624 794 2688 potest,

106 2697 185 2757 retur,
201 2688 276 2762 quod
298 2702 354 2742 nou
369 2694 440 2741 essct
461 2703 475 2740 a
489 2687 541 2741 itcr
555 2687 691 2757 perlectus
711 2688 798 2744 Chri-

106 2803 112 2817 .
127 2760 179 2816 llic
193 2759 384 2832 persecutione
398 2757 508 2827 Trajani
527 2758 711 2829 imperatoris,
727 2757 796 2829 aju-

106 2830 235 2888 tlridiano
251 2831 279 2885 in
296 2846 370 2885 mare
380 2829 571 2955 praecipitatus
588 2837 638 2895 est,
654 2837 681 2884 et
695 2830 797 2885 oranti-

851 1992 880 2032 m
896 1993 998 2044 eremo,
1014 1977 1062 2032 ubi
1078 1977 1173 2034 multis
1187 1978 1221 2033 ad
1237 1978 1319 2034 iidem
1334 1980 1440 2035 vocatis
1455 1995 1503 2050 per
1517 1979 1650 2033 miracula

851 2056 878 2104 et
892 2048 1048 2105 doctrinam
1073 2047 1142 2120 ejus,
1157 2049 1344 2121 praecipitatus
1364 2050 1447 2105 estin
1467 2065 1552 2116 auare,
1568 2048 1651 2119 ligata

850 2119 885 2175 ad
900 2120 1003 2175 collum
1019 2120 1077 2191 ejus
1089 2121 1226 2188 airchora;
1241 2121 1288 2176 sed
1308 2122 1420 2178 recessit
1440 2136 1524 2188 mare,
1541 2119 1652 2174 oranti-

850 2190 903 2247 bus
920 2191 1074 2264 discipulis,
1086 2208 1134 2263 per
1147 2192 1200 2246 tria
1220 2191 1307 2261 milia,
1320 2202 1346 2247 et
1364 2194 1530 2248 inuenerunt
1551 2207 1651 2262 corpus

850 2262 880 2318 iu
893 2279 957 2317 arca
966 2279 1048 2318 saxea
1063 2264 1089 2318 iu
1099 2279 1252 2318 marmoreo
1265 2267 1376 2335 templo,
1393 2273 1419 2320 et
1428 2264 1549 2318 arichora
1557 2260 1649 2332 juxta,

850 2334 954 2405 taliquc
978 2335 1113 2406 martyrio
1133 2335 1204 2388 Petri
1229 2333 1383 2415 discipulus
1405 2341 1590 2390 coronatur.»
1611 2333 1649 2387 lle

851 2405 990 2473 Trudone,
1007 2413 1066 2477 post
1081 2404 1226 2473 llcislruuio,
1247 2404 1334 2474 addit,
1357 2406 1409 2461 «in
1425 2403 1581 2469 Sarchini0,
1597 2402 1650 2481 dc-

852 2477 962 2547 positio,
976 2501 985 2524 ι
1007 2483 1034 2532 et
1048 2484 1109 2547 post
1122 2475 1289 2545 confessoris,
1312 2502 1321 2523 ι
1335 2475 1504 2533 admirandae
1521 2479 1649 2528 sanctita-

851 2547 887 2603 tis
896 2546 961 2601 viri.
978 2572 987 2594 ·
1009 2548 1039 2601 ln
1055 2546 1127 2602 fine:
1150 2547 1313 2603 ‹Cameroci
1333 2547 1362 2602 in
1383 2546 1498 2603 ccclesia
1510 2544 1559 2600 Dei
1575 2542 1648 2615 geni·

851 2617 929 2674 tricis
943 2617 974 2672 B.
991 2618 1094 2684 Mariae,
1116 2617 1189 2672 beati
1204 2619 1275 2673 Sarii
1296 2618 1447 2690 presbyteri
1471 2615 1647 2672 confessoris.

852 2688 972 2745 Civitate
996 2689 1086 2756 llletis,
1114 2688 1201 2744 sancti
1229 2689 1380 2746 Clementis
1407 2687 1508 2759 patrui,
1537 2694 1595 2766 etc..
1619 2685 1648 2741 ln

852 2758 992 2815 territorio
1006 2760 1195 2825 Laudunensi,
1210 2759 1297 2815 sancti
1313 2759 1426 2816 Goberti
1445 2757 1642 2814 contessoris.»

851 2831 1019 2887 Posteriores
1043 2830 1179 2886 editiones
1200 2829 1234 2885 de
1251 2830 1392 2887 Clemente
1417 2831 1445 2884 in
1462 2836 1540 2884 textu
1559 2827 1649 2881 solum

106 2903 238 2959 tristianis
251 2910 278 2957 et
300 2900 377 2956 llerrti
399 2917 441 2967 us,
464 2900 582 2955 marein
602 2900 693 2957 sinum
716 2917 796 2956 suum
851 2901 964 2970 habeut,
981 2903 1063 2973 ligatu
1077 2902 1217 2957 adcollum
1226 2901 1284 2969 ejus
1293 2902 1421 2968 auclore,
1432 2906 1496 2955 aute
1506 2896 1649 2967 rnortyrio.

106 2990 127 3029 tr
146 2973 201 3030 tria
222 2973 341 3028 miliaria
358 2972 516 3028 retrocessit
531 3014 539 3039 ‚
559 2979 587 3027 ct
611 2971 726 3044 ingressi
749 2988 797 3044 per
850 2973 915 3028 Post
928 2973 962 3029 de
976 2975 1043 3029 solis
1055 2973 1181 3037 notariis,
1191 2979 1244 3028 etc.
1256 2974 1296 3028 lle
1309 2972 1449 3038 Frudone,
1464 2976 1496 3026 ut
1506 2970 1534 3024 iu
1549 2970 1648 3040 prima.

115 3044 212 3117 populi
229 3053 385 3115 repererunt
399 3043 532 3113 tenrplum
545 3059 728 3099 marmoreum
745 3059 790 3098 an·
805 3051 827 3110 c
844 3051 914 3106 Item
937 3045 971 3100 de
985 3044 1063 3100 Sario
1078 3054 1105 3100 et
1119 3043 1260 3100 Clemente
1284 3044 1410 3100 Meteusi.
1427 3042 1578 3097 Gobertum
1594 3038 1649 3120 col·

118 3115 245 3171 manibus
264 3121 453 3186 praeparatum,
479 3122 506 3168 et
526 3115 553 3169 iu
576 3114 671 3170 eodem
693 3131 791 3187 corpus
856 3116 938 3184 locat,
954 3117 983 3170 iu
1003 3116 1136 3170 territorio
1150 3115 1279 3172 ilamensi.
1294 3115 1406 3169 Tumer
1425 3113 1525 3167 llorolo
1544 3109 1649 3179 ioadp·

106 3185 198 3241 nentis
221 3186 366 3256 sepultum,
391 3184 584 3256 aucorajuxta
606 3202 668 3241 eum
693 3189 791 3257 posita.
847 3187 905 3243 cit:
929 3211 937 3233 ι
960 3187 1010 3242 Die
1033 3187 1165 3257 vigesima
1187 3187 1279 3252 tertia,
1296 3185 1384 3241 sancti
1411 3183 1498 3238 Patris
1523 3126 1648 3260 gregorii

111 3264 202 3312 autem
225 3256 324 3312 ibidem
353 3273 400 3328 per
430 3272 517 3311 annos
542 3257 714 3329 septuaginta
733 3275 792 3314 sex.
848 3251 1649 3331 Agrigentini.Etdmphilocltiiepiscopileonii.·Utrms·

106 3343 132 3384 re
146 3344 211 3383 vero
224 3327 328 3384 Nicolai
349 3344 425 3399 papae
440 3329 616 3383 ltranslatum
632 3337 672 3384 est
693 3344 793 3399 corpus
848 3345 901 3454 (Ίῃιε
923 3331 992 3385 Acta
1013 3345 1060 3400 per
1077 3328 1279 3453 Metagltrasten
1299 3334 1408 3381 exstant
1432 3323 1505 3405 apud
1525 3324 1647 3375 Surium.

109 3398 258 3457 Clementis
274 3401 387 3455 Romam
404 3407 430 3454 et
452 3401 616 3457 collocatum
636 3399 666 3455 in
680 3399 796 3455 ecclesia
872 3417 890 3454 u
912 3399 946 3455 de
969 3400 1004 3454 iis
1028 3399 1091 3455 vide
1114 3397 1145 3468 ju
1167 3398 1251 3453 icium
1280 3394 1460 3467 Papebrochu
1480 3409 1509 3448 m
1528 3389 1648 3463 Ephem.

108 3485 145 3527 uc
159 3470 260 3527 dicitur
273 3470 360 3526 sancti
376 3469 595 3527 Clementis.·ln
609 3470 724 3543 reliquis
738 3470 794 3525 lere
849 3469 1074 3536 Gracc-Moscis,
1090 3477 1153 3524 ante
1169 3477 1236 3523 tom.
1252 3469 1264 3524 l
1278 3467 1353 3534 llaii,
1373 3482 1432 3538 pag.
1453 3480 1489 3519 m.

106 3643 140 3699 ul.
1541 3637 1592 3694 nte
1605 3636 1649 3693 tt.

106 3750 134 3803 a,
154 3733 253 3790 natalis
267 3732 340 3790 beati
355 3733 521 3805 Chrisogoni
537 3733 678 3806 martyris,
690 3734 736 3805 qui
752 3740 813 3806 post
829 3732 911 3803 longa
924 3731 1037 3789 vincula
1050 3739 1077 3786 ot
1092 3746 1227 3800 carceres,
1243 3748 1294 3803 pro
1308 3729 1532 3788 constantissima
1546 3727 1650 3785 Christi

106 3822 167 3879 ioue
180 3821 321 3889 toleratos,
336 3821 452 3892 jubante
477 3823 659 3889 Diocletiano,
676 3822 766 3895 capite
780 3838 867 3878 caesns
882 3829 909 3878 et
932 3823 961 3878 in
983 3838 1057 3878 marc
1081 3819 1231 3893 projectus,
1247 3820 1414 3893 martyrium
1435 3817 1648 3875 consummavit.

106 3928 181 3981 omae,
196 3914 284 3969 sancti
301 3913 490 3970 Crescentiuni
504 3914 647 3985 martyris,
663 3915 746 3986 quiin
763 3912 889 3984 passione
901 3911 975 3968 beati
990 3909 1114 3967 Marcelli
1126 3924 1202 3981 papae
1213 3909 1324 3982 legitur.
1335 3909 1431 3967 Castro
1444 3907 1551 3974 Blavia,
1562 3904 1648 3961 sancti

106 4003 114 4057 l
130 4002 273 4076 presbiteri
290 4012 315 4058 et
332 4000 508 4068 contessoris,
519 4000 599 4071 cujus
613 4002 769 4057 sanctitatis
784 4003 954 4075 praeconium
966 4000 1165 4056 miraculorum
1182 3999 1269 4069 gloria
1290 3998 1420 4055 declarat.
1437 3996 1557 4053 Ciuitate
1578 3993 1651 4050 Cor-

106 4100 249 4148 auctarum
273 4091 414 4162 virginum
429 4089 518 4145 Florae
533 4097 560 4145 et
575 4089 679 4158 Maria,
700 4107 761 4163 quas
778 4101 840 4163 post
855 4092 1003 4147 diuturnos
1023 4104 1157 4154 carceres,
1182 4105 1231 4160 pro
1244 4088 1356 4145 Christo
1371 4088 1462 4161 gladio
1479 4087 1649 4156 interempta

106 4183 169 4256 rpud
186 4185 326 4240 Perusiam
342 4181 447 4237 tuscia
465 4181 606 4237 civitatem
622 4182 711 4238 sancti
724 4182 903 4238 Felicissimi.

764 4301 883 4359 NOTAE.

106 4414 182 4455 orum
198 4400 324 4457 codicum
340 4400 799 4470 lrocdieconseususest;nempe
854 4396 963 4464 Lubec„
995 4397 1107 4451 maren.
1140 4402 1168 4449 et
1186 4393 1291 4451 lllolou.
1323 4390 1391 4445 ltem
1417 4387 1647 4469 daldorp-Mus.

106 4512 121 4537 .,
135 4471 284 4536 Heriniea,
298 4469 662 4541 Arrtuer·p.-ll{uj.,dutuerp.
674 4478 701 4525 et
712 4470 799 4525 Mirm.-
857 4468 1008 4538 Ullrujecl„
1027 4467 1154 4537 Laudem,
1174 4464 1336 4529 Lorramert„
1353 4461 1493 4529 Alberqert.
1514 4466 1540 4513 et
1565 4458 1650 4512 Durare

607 4601 810 4659 vastantes
828 4600 1035 4660 LECTIONES.

106 4716 113 4755 t
139 4699 263 4756 Molanus
287 4708 359 4754 recle
381 4700 491 4769 scripsit
517 4701 694 4773 Chrysoqoui3
721 4701 795 4757 inter
811 4704 835 4761 D
850 4701 955 4756 Florale
973 4707 1000 4756 et
1018 4699 1178 4766 Per-asilum,
1205 4712 1254 4768 pro
1273 4711 1328 4767 quo
1348 4692 1477 4749 nonnulli
1497 4691 1649 4773 Perusiam,

107 4814 115 4839 ,
132 4770 181 4826 alii
198 4771 351 4841 Crisogoai3
364 4771 412 4825 alii
429 4773 580 4844 Grisopoui,
593 4774 719 4844 Esoqoui,
733 4772 794 4829 0νὶ-
851 4771 1067 4844 Reliqui,costro
1078 4770 1185 4833 Blavia,
1199 4776 1230 4823 ut
1238 4767 1347 4839 signant
1359 4765 1529 4839 antiquiores
1542 4762 1651 4845 codrces

122 4848 175 4897 etc.
194 4842 301 4896 Praten.
317 4851 344 4897 et
361 4842 503 4898 llerinien.
538 4845 644 4900 roxime
667 4845 701 4900 ad
715 4843 798 4916 puri·
851 4859 955 4899 omnes.
966 4843 1155 4901 llam-Lumo.
1172 4840 1254 4896 habet
1269 4841 1379 4904 Blomo3
1391 4838 1524 4903 Creven,
1538 4837 1651 4896 lllauu;

107 4913 231 4969 nteslin
247 4921 334 4968 textu.
351 4914 496 4986 Arinem·
528 4915 564 4987 aj.
579 4933 627 4988 pro
642 4917 797 4971 constantis·
851 4915 964 4982 Melan,
991 4916 1094 4972 surim.
1122 4914 1257 4969 Munerat.
1282 4918 1344 4983 post
1368 4910 1510 4964 ditaturum
1532 4920 1651 4988 ‘carceres

106 4982 152 5057 igit
171 4986 312 5038 constanti.
335 4985 471 5041 Munerat.
496 4994 522 5041 et
537 4988 616 5058 pauci
633 4988 681 5043 alii
697 4987 798 5043 habeut
851 4986 945 5042 omisit
967 5003 1019 5058 pro
1040 4986 1156 5043 Christo.
1185 4984 1300 5041 Codices
1323 4981 1409 5053 aliqui
1434 4997 1483 5051 pro
1505 4978 1651 5058 ¹striatarum·

106 5055 192 5111 ciani.
209 5055 240 5110 ln
253 5054 466 5127 Autuerp.-.llaj.
483 5073 560 5113 error
569 5059 745 5130 estpreronit,
757 5058 798 5113 uti
851 5056 954 5113 habent
968 5058 1094 5114 diutinos.
1109 5058 1140 5113 ln
1156 5057 1215 5113 solo
1229 5055 1339 5110 Molano
1352 5059 1393 5108 est
1416 5054 1541 5108 l'lruscroe.

671 5180 976 5238 OBSERVATIONES.

111 5294 209 5336 rursus
231 5279 277 5335 die
300 5287 424 5336 sanctum
449 5279 638 5352 producimus,
664 5279 711 5351 qui
734 5295 798 5336 cum
853 5277 1016 5351 apographis
1039 5277 1261 5348 Hieronymianis
1281 5271 1463 5329 inueniatur?
1483 5266 1651 5348 Quaestiouis

106 5349 150 5431 tia,
165 5349 246 5422 cujus
261 5351 338 5406 Actis
352 5350 491 5407 immistus
508 5357 558 5417 est,
575 5350 705 5406 omnibus
718 5352 798 5407 anti·
852 5350 941 5405 nodus
956 5347 1203 5428 dissolu-irridetur,¹
1216 5349 1238 5427 si
1250 5346 1441 5426 Chrysogono,
1458 5347 1553 5412 utpote
1562 5337 1650 5395 nohrlr

106 5428 161 5479 atta
179 5429 237 5477 tam
253 5421 356 5479 Graecis
371 5437 453 5494 quam
468 5422 574 5478 Latinis
597 5422 734 5493 reperitur
747 5422 797 5477 in·
853 5424 987 5487 Romano,
1001 5418 1183 5475 consessionis
1196 5424 1309 5473 mrtmm
1322 5420 1460 5494 inpetus,
1471 5426 1652 5492 consumma7

106 5510 124 5549 r.
137 5492 171 5549 ln
184 5493 331 5566 utriusque
345 5492 480 5549 honorem
501 5493 622 5549 basilica
638 5494 730 5549 Roma
742 5509 797 5551 ex·
851 5492 956 5548 tionem
984 5490 1115 5563 Aquileia
1130 5490 1173 5544 vel
1197 5489 1270 5543 circa
1286 5485 1449 5567 'Aquileiam
1473 5498 1604 5553 assignes.
1622 5482 1650 5537 St

106 5578 283 5636 ,eorumque
297 5563 381 5622 etiam
396 5566 510 5620 nomina
525 5581 540 5619 a
556 5564 654 5637 primis
666 5564 796 5621 Ecclesia
853 5563 911 5619 linc
925 5563 1027 5618 solutio
1043 5576 1097 5615 tlon
1114 5560 1503 5636 placeat,aptiorem'suggere,
1514 5553 1651 5633 quaellar·

114 5632 225 5705 Cmoui
240 5634 329 5692 missae
350 5637 454 5692 inserta
473 5636 595 5691 fuerunt.
610 5636 715 5703 Quarit
730 5636 798 5692 Flo-
852 5624 1651 5707 tyrologorumetdctorumdiscrepantiascomponatllrde

106 5720 136 5773 tq
146 5704 242 5765 Roma
255 5722 293 5763 au
306 5706 442 5780 Aquileia
452 5705 632 5763 tribuendum
648 5706 685 5763 sit
697 5705 795 5779 inclyti
851 5708 905 5762 alia
918 5703 990 5773 apud
1006 5701 1146 5758 laudatum
1162 5701 1364 5757 Florentimum
1378 5698 1445 5753 satis
1464 5705 1590 5752 accurate
1605 5711 1652 5751 no-

160 5774 277 5851 minor,
292 5792 358 5835 curn
376 5784 493 5852 utruqm
510 5776 613 5851 positio
635 5776 797 5835 indisertis
851 5784 918 5832 tata.
934 5775 987 5831 Pro
1000 5775 1123 5831 Romana
1145 5772 1281 5845 positione
1297 5776 1370 5826 stam
1384 5768 1469 5834 Beda,
1485 5767 1612 5824 llabarrus
1624 5774 1651 5819 et
