3834 6136
539 178 854 238 Maurtnotootntt.
891 215 903 223 -
929 180 1033 239 MENS.
1052 183 1133 241 DEC.

1613 191 1666 249 770

98 313 189 371 intem,
206 311 237 359 ut
262 299 366 375 partem
391 314 494 367 textus.
518 308 643 365 inserunt
666 313 811 367 anunntia-
826 324 848 382 Α
865 311 1000 368 Osmundi
1009 314 1128 385 episcopi
1136 321 1163 368 et
1177 315 1352 381 contessoris,
1364 317 1422 373 vita
1432 319 1664 378 etmiraculorum

98 392 111 432 u
129 375 256 431 Barbarae
271 394 304 430 ex
321 395 368 431 xm
385 379 554 447 Decembris,
572 388 600 434 ut
618 398 708 452 supra.
726 383 756 438 In
773 383 811 437 li-
866 384 952 454 gloria
966 385 1093 440 illustris.
1119 385 1250 453 Colania,
1266 386 1402 468 depositio
1417 391 1502 445 sancti
1528 395 1663 461 bunonis,

104 447 210 503 Eodem
224 446 279 511 die,
291 448 471 526 Sympbronii
485 460 512 507 et
522 451 644 523 Olympii
657 461 727 509 mart
748 471 809 508 rum

98 543 110 588 r,
143 517 317 589 temporibus
346 520 485 575 Valeriani
515 530 542 576 et
570 521 699 580 Gallieni.
724 471 809 593 dem,

108 589 376 669 Beruardiepiscopi
392 592 556 649 Parmensis.
572 593 603 650 ln
618 610 686 667 pago
700 596 811 651 Bituri-

113 661 203 718 sancti
228 661 368 732 sigiranni
396 662 512 720 abbatis.
541 666 572 720 lu
596 667 706 737 Angtia,
723 668 811 724 sancti

865 455 986 523 ejusdem
1011 457 1088 510 urbis
1112 457 1243 529 episcopi.
1273 460 1323 513 Die
1348 467 1454 584 quarta,
1470 463 1557 517 sancti
1579 465 1664 535 patris

864 525 978 582 Joauuis
1006 529 1177 583 Damasceni.
1212 528 1293 600 Apud
1337 531 1490 587 Foriacum
1521 544 1664 590 monaste-

864 597 949 663 rium,
959 598 1103 654 translatio
1111 600 1199 656 sancti
1210 599 1351 657 Benedicti
1363 600 1479 659 abbatis.
1491 627 1500 651 ·
1518 604 1587 660 Vide
1595 605 1664 661 alios

865 685 957 740 supra.

713 800 926 812 -u—-a

98 945 193 1013 lirica,
209 944 282 1016 apud
297 944 440 1002 Coloniam
458 947 664 1018 Thebestinam,
681 951 779 1008 natalis
803 961 903 1010 sauctae
919 955 1059 1028 Crispina
1077 959 1219 1030 martyris,
1240 976 1300 1031 quaa
1316 962 1484 1033 temporibus
1499 960 1663 1018 Diocletiani

1575 874 1663 931 Diali.

98 1033 207 1090 nmiani
222 1050 285 1090 curn
301 1034 455 1090 sacrificare
469 1036 614 1106 noluisset,
626 1036 827 1109 jussuAnolini
839 1046 1011 1114 proconsulis
1025 1046 1161 1103 decollata
1173 1056 1224 1104 est.
1242 1048 1347 1105 Eadem
1364 1049 1419 1116 dic,
1431 1051 1459 1105 in
1475 1050 1564 1118 ltalia,
1576 1050 1662 1106 sancti

98 1123 139 1182 cii
163 1123 304 1194 martyris.
318 1122 437 1180 Ciuitate
452 1125 588 1196 Treveris,
607 1129 694 1184 sancti
709 1129 813 1187 Nicecii
825 1133 957 1206 episcopi,
972 1136 1059 1191 tatius
1068 1136 1229 1193 sanctitatis
1241 1137 1307 1193 viri.
1323 1138 1391 1194 item
1402 1139 1514 1195 civitate
1528 1139 1663 1210 Thagora,

98 1212 432 1270 rumluliietPotamiae.

774 1345 892 1401 NOTAE.

98 1455 133 1498 or
145 1455 209 1511 pars
220 1437 347 1494 codicum
364 1453 432 1508 pura
449 1448 499 1507 est,
515 1449 546 1496 ut
556 1441 676 1510 Protea,
690 1441 839 1512 Herinien,
859 1445 1015 1513 Tanaim,
1031 1445 1256 1518 Antnerp.-Moj.,
1270 1448 1402 1519 antuerp.
1418 1455 1446 1504 et
1459 1451 1657 1522 Moa.·notea.,

98 1518 155 1579 vt„
172 1511 283 1566 (irenen.
299 1517 326 1564 et
340 1510 443 1566 blotan.

624 1630 825 1687 VARIANTES
844 1632 1049 1689 LECTIONES.

98 1736 160 1778 ures
171 1721 309 1793 praecipue
324 1721 484 1788 scriptorius
499 1722 601 1780 babent
612 1727 657 1781 vel
672 1733 806 1799 typogra-

98 1809 116 1850 ι.
128 1792 350 1864 daldorp-Mai.
367 1794 406 1850 sic
420 1794 547 1851 orditur:
564 1797 596 1851 ln
607 1797 721 1868 Affrica,
741 1806 808 1869 opat

98 1863 223 1933 tiaram,
239 1865 341 1919 omisso
355 1865 529 1920 substantivo
543 1868 674 1922 coloniam
692 1887 697 1923 :
713 1870 806 1925 Mune·

98 1934 144 2009 git
170 1936 363 2003 mactaremur,
379 1936 497 1992 Greveu.
513 1939 612 2005 etalii,
634 1940 804 1997 Tebestinam.

98 2022 125 2064 rs
152 2022 213 2063 sum
242 2008 361 2064 scribere
389 2008 524 2064 Dalmocii
546 2018 573 2066 et
591 2010 699 2067 Nicecit.
726 2011 807 2068 Solus

897 1730 1004 1785 Antuer
1027 1728 1118 1800 .-lttaj.
1133 1729 1215 1787 babet
1231 1749 1237 1787 :
1255 1732 1404 1789 incivitate
1418 1735 1547 1792 Denaris.
1563 1738 1662 1794 Proba-

862 1799 947 1855 tiores
960 1817 992 1857 co
1014 1801 1069 1856 ices
1093 1810 1199 1872 ponunt
1223 1803 1354 1874 Tioqoro,
1370 1805 1418 1860 alii
1447 1809 1551 1878 Tagara
1562 1826 1572 1874 ,·
1592 1811 1662 1866 male

862 1872 1119 1943 Munerat.,Rapora
1129 1873 1385 1947 ,·Belin.,pessime,
1396 1877 1516 1948 Rogana.
1525 1881 1660 1952 Antuerp.

862 1942 1103 2023 atillam-buben
1123 1944 1228 2015 legunt,
1252 1950 1337 2001 sancti
1357 1946 1435 2004 tutti.
1456 1956 1509 2005 etc.
1534 1951 1663 2023 Reliquas

862 2020 995 2070 minutias
1009 2028 1067 2068 non
1082 2029 1223 2070 enumero.

687 2142 989 2201 OBSERVATIONES.

98 2236 176 2309 spina
192 2245 218 2292 et
236 2237 355 2309 Crispini
366 2240 479 2294 nomina
494 2256 550 2294 non
565 2241 648 2296 semel
663 2241 692 2296 in
707 2241 846 2306 Hiero-B
926 2243 1071 2294 Dalmatius
1087 2251 1183 2307 martyr
1196 2243 1286 2297 Nonas
1302 2247 1473 2311 crispinaque
1488 2257 1599 2299 servant.

98 2309 149 2365 tuis
163 2317 310 2366 recurrunt
338 2327 368 2365 ιιι
393 2311 561 2379 Decembris,
577 2319 608 2366 ut
623 2313 653 2367 in
670 2313 807 2370 Auctariis

98 2389 149 2448 ,et
163 2380 217 2438 boc
240 2381 302 2447 die;
319 2388 346 2436 at
367 2382 440 2436 iuter
453 2383 562 2439 codices
582 2399 677 2439 omnes
693 2385 808 2441 minime

98 2467 141 2509 rus
155 2460 183 2508 et
206 2452 350 2507 involutus
368 2461 409 2508 est
427 2454 638 2524 Epternaceusis
660 2457 807 2525 vetustior,

98 2523 212 2595 tiegeus
230 2541 236 2578 ;
255 2525 371 2579 Ciuitate
399 2526 507 2595 Tagara,
529 2527 629 2580 oomlis
650 2527 729 2595 lolii,
748 2529 807 2583 Po-

98 2639 105 2664 ,
123 2595 257 2665 crespino
271 2596 420 2650 etalio-rom
433 2612 481 2651 vn.
497 2597 692 2668 Scrupulusop
712 2599 808 2654 ouitur

107 2665 182 2741 quod
213 2667 329 2736 Teqorre,
349 2667 416 2721 alias
441 2669 573 2738 Thagura,
597 2670 640 2724 vel
669 2671 692 2725 T
740 2688 806 2739 ora,

98 2752 164 2794 nam
186 2737 324 2793 collocet:
350 2738 397 2793 sed
421 2738 444 2792 is
469 2737 599 2795 facillime
613 2740 756 2808 eximitur,
784 2742 807 2798 si

98 2824 165 2865 nam
180 2816 302 2864 nostram
309 2809 442 2864 lateamur
456 2811 665 2881 Ttoqoritonam
674 2828 721 2867 seu
740 2813 808 2869 rto·

98 2896 143 2936 em
157 2879 251 2948 luisse,
271 2896 377 2952 passam
401 2888 492 2936 autem
526 2881 651 2951 Thateso,
673 2882 721 2939 ubi
739 2901 807 2938 mar·

98 2951 129 3022 qi
143 2951 230 3007 nostri
254 2967 313 3006 eam
337 2952 488 3007 rectissime
502 2969 564 3007 curu
589 2956 666 3009 Actis
682 2955 808 3026 genuinis

98 3030 185 3094 quant.
202 3023 291 3092 Atque
312 3022 356 3077 his
377 3032 443 3078 satis
467 3024 621 3080 conformia
645 3034 709 3081 sunt
726 3026 808 3081 verba

98 3092 172 3149 ,darii
193 3092 411 3164 Carthaginensis
435 3112 440 3149 :
465 3096 555 3150 Nanos
580 3096 641 3151 Dec.
658 3103 809 3152 sanctornm

98 3179 165 3222 unm
177 3163 234 3220 Bili
250 3163 330 3231 lbaud
343 3164 427 3220 dubie
443 3181 492 3236 pro
506 3166 564 3222 Iuli
579 3168 623 3222 rel
637 3168 717 3294 tatii]
732 3169 810 3224 Feli-

98 3235 224 3301 l'atamioe,
256 3235 385 3306 Crispina
411 3243 436 3289 et
462 3238 594 3293 comitum.
619 3238 644 3293 Α
665 3255 698 3294 co
720 3239 809 3294 icibus

98 3306 236 3379 nymianis
250 3305 367 3362 nimium
387 3308 512 3377 exigunt,
528 3309 576 3381 qui
592 3308 650 3365 baec
662 3310 746 3365 nimis
760 3326 810 3365 re-

98 3377 256 3435 eelucrdare
271 3386 423 3434 conantur:
436 3380 502 3433 satis
516 3380 550 3434 sit
564 3396 663 3434 nomeu
678 3380 809 3452 martyris

98 3464 157 3505 sex
169 3449 235 3520 ipsis
247 3456 307 3504 tuto
323 3458 349 3504 et
362 3467 425 3504 vere
440 3450 519 3506 educi
535 3467 624 3522 posse.
640 3454 679 3507 De
694 3452 767 3506 Julia
783 3458 809 3506 et

98 3520 254 3600 tiuagemus
267 3520 365 3575 ultimo
384 3523 462 3586 loco;
479 3522 667 3576 illustrissima
683 3523 810 3593 Crispina

897 2384 981 2440 Porro
997 2384 1148 2441 Dalmatius
1163 2385 1209 2442 hic
1222 2404 1237 2441 a
1251 2388 1451 2444 Wandalberto
1467 2390 1606 2459 laudatos,
1622 2393 1663 2448 sic

862 2470 878 2509 a
892 2457 1015 2511 Romano
1031 2471 1115 2526 parvo
1143 2457 1262 2528 primurn
1282 2459 1438 2515 celebratur
1454 2478 1461 2515 :
1478 2463 1515 2516 Et
1529 2462 1662 2518 Dalmatii

862 2526 1000 2597 martyris.
1016 2527 1040 2581 A
1053 2526 1163 2583 {labano
1175 2528 1239 2583 item
1253 2548 1259 2584 :
1271 2531 1368 2586 Nalote
1379 2531 1510 2586 Dalmatii
1524 2534 1661 2604 martyris.

862 2597 965 2652 Eadem
981 2603 1022 2652 est
1048 2597 1154 2652 Adonis
1171 2601 1307 2655 sententia
1336 2619 1342 2656 :
1368 2601 1468 2656 Eodem
1493 2603 1544 2670 dia,
1569 2606 1660 2660 notate

862 2668 946 2723 sancti
968 2668 1101 2723 Dalmatii
1125 2671 1262 2740 martyris.
1290 2671 1326 2726 Su
1348 2687 1377 2726 ra
1400 2671 1530 2728 ductores
1555 2674 1662 2744 aliquid

862 2755 945 2794 ausus
972 2748 1013 2795 est
1039 2739 1189 2808 Usuardus,
1207 2740 1274 2797 dum
1302 2687 1429 2810 addidit,
1455 2743 1485 2796 in
1510 2744 1602 2799 ltalia.
1628 2745 1665 2800 itt

863 2818 936 2865 certe
962 2825 1104 2882 perperam
1127 2811 1205 2892 ipse,
1230 2811 1291 2867 Ado
1320 2821 1347 2868 et
1370 2812 1445 2868 Beda
1468 2813 1663 2871 Plautiniauus

862 2881 984 2936 citantur
1006 2897 1022 2935 a
1044 2881 1164 2938 Barauro
1179 2899 1228 2954 pra
1253 2883 1466 2938 annuntiatione
1494 2884 1522 2939 in
1543 2886 1666 2942 Romano

863 2952 952 3023 posita
967 2968 973 3006 τ
987 2952 1089 3022 Papia,
1111 2953 1197 3007 sancti
1210 2954 1342 3009 Dalmatii
1360 2953 1474 3025 episcopi
1488 2961 1512 3009 et
1525 2957 1665 3026 rnartpris,

863 3023 952 3092 quiin
968 3025 1148 3093 persecutione
1162 3024 1328 3080 Maximiani
1343 3042 1440 3096 possus
1455 3032 1500 3091 est,
1518 3043 1581 3082 curu
1597 3028 1667 3083 nul-

863 3095 906 3149 lus
920 3110 1015 3149 eorum
1026 3102 1074 3150 aut
1087 3095 1197 3166 Papiam
1211 3112 1327 3167 usquam
1340 3104 1388 3150 aut
1402 3096 1523 3167 episcopi
1541 3098 1665 3166 titulum,

863 3173 910 3221 aut
922 3167 1142 3245 persecutionem
1155 3167 1295 3221 denotent.
1307 3166 1433 3247 Legenda
1447 3166 1591 3222 adnotatio
1604 3169 1667 3223 Fer·

864 3236 927 3290 rarii
943 3234 977 3290 ad
992 3235 1066 3290 bunc
1078 3237 1150 3291 diam
1165 3236 1199 3290 de
1215 3253 1268 3308 qua
1287 3237 1353 3292 alibi
1371 3236 1498 3309 pluribus
1512 3236 1667 3309 disputabi-

864 3314 919 3373 tur,
935 3306 982 3362 ubi
998 3314 1025 3361 et
1048 3306 1117 3362 Acta
1139 3307 1198 3378 ipsa
1214 3307 1320 3379 poetice
1334 3307 1368 3362 ab
1395 3307 1565 3379 Hieronymo
1593 3309 1667 3365 Vida

864 3375 977 3436 Albensi
992 3376 1119 3448 episcopa
1142 3384 1272 3432 exornata
1295 3377 1495 3449 expendentur,
1518 3379 1665 3450 inquibus

866 3448 953 3502 multa
965 3447 1142 3518 reprehendit
1152 3448 1350 3504 Tillemoutius
1365 3456 1440 3503 tomo
1452 3449 1486 3515 V,
1502 3466 1589 3520 apag.
1601 3449 1664 3506 637.

865 3519 991 3572 Plauiora
1006 3525 1033 3571 et
1049 3518 1165 3573 certiora
1181 3527 1246 3574 sunt
1261 3535 1320 3591 quae
1336 3518 1370 3574 de
1391 3519 1491 3575 Nicetio
1503 3520 1667 3576 Treverensi

98 3613 101 3646 ι
128 3606 250 3662 primum
278 3593 336 3646 sola
361 3599 486 3662 occrrpat,
506 3593 578 3662 quod
602 3595 695 3664 procul
725 3592 811 3647 dubio
826 3606 848 3664 ρ
864 3588 975 3658 scripsit
1001 3587 1149 3659 Gregorius
1176 3589 1350 3646 Turonensis
1378 3590 1407 3644 in
1427 3590 1500 3647 Vitis
1527 3592 1665 3660 patrum,

98 3678 127 3718 m
149 3662 183 3718 ab
204 3661 267 3717 aliis
288 3673 426 3729 coronata,
444 3663 512 3718 Acta
533 3663 615 3718 etiam
631 3663 740 3719 diversa
755 3664 810 3718 ha-

98 3735 194 3806 lttque
211 3734 355 3804 praeteritis
379 3733 542 3789 Florentinii
558 3736 674 3790 aliorum
698 3751 730 3790 ue
745 3735 810 3790 ani-

98 3803 259 3872 arsionibus,
286 3812 312 3859 et
330 3805 493 3860 confusione
514 3806 578 3874 alia,
602 3822 618 3861 a
642 3751 753 3863 Eddana
780 3806 810 3860 in

98 3876 259 3950 nymianum
282 3884 387 3931 textum
412 3876 534 3943 inducta,
560 3879 809 3949 martyrologorum

98 3963 170 4004 rrum
185 3947 263 4002 lilum
279 3962 436 4017 sequemur.
448 3947 602 4002 Romanum
618 3964 731 4019 parvum
744 3949 811 4003 bre-

98 4034 127 4076 ue
143 4037 149 4075 :
167 4019 299 4088 Crispina
324 4017 458 4085 martyris.
482 4015 551 4082 ndo,
569 4033 624 4072 non
645 4035 742 4089 parcns
757 4021 810 4074 elo·

98 4106 121 4146 m
134 4089 272 4147 conditor.
288 4088 497 4142 verosimillime
513 4089 642 4143 dctanan
658 4089 740 4155 uidit,
758 4105 812 4144 ve-

98 4176 168 4217 tmen
183 4160 366 4216 sullicientem
379 4159 507 4214 alicunde
519 4160 646 4215 notitiam
655 4166 809 4228 nactusest‚

98 4239 248 4304 sperateres
275 4239 302 4286 et
329 4231 519 4301 proconsulem
548 4238 608 4302 apte
637 4231 810 4302 designaret,

98 4305 203 4376 aplane
213 4302 305 4357 verbis
313 4319 373 4374 quae
381 4318 416 4356 ex
427 4303 486 4371 ipso
495 4302 593 4357 Noster
609 4303 637 4357 in
649 4303 811 4358 laterculum

111 4374 263 4429 transtulit.
296 4373 480 4429 Clarissimum
495 4372 633 4440 ferninom,
657 4374 763 4428 divitem
789 4379 813 4427 et

98 4441 224 4513 tam‚'sed
245 4443 340 4514 fortem
355 4444 481 4515 pluribus
504 4443 572 4498 locis
591 4444 696 4514 egregie
720 4443 813 4498 laudat

98 4516 196 4572 ttiuus.
221 4519 379 4581 delevero,
396 4531 455 4587 quae
471 4514 568 4570 tandiu
583 4514 612 4568 iu
628 4514 748 4569 tenebris
760 4514 814 4569 de-

98 4595 158 4654 ant,
169 4587 273 4658 primus
288 4586 419 4658 produxit
432 4585 545 4640 Mabilio
559 4593 634 4641 tomo
650 4586 687 4641 lll
700 4585 812 4641 Analec-

98 4674 119 4726 ι,
134 4674 194 4729 pag.
218 4658 280 4724 423,
296 4657 375 4712 cn'us
396 4666 461 4711 nota
483 4656 516 4711 ad
530 4656 727 4712 Kalendarium
743 4656 814 4713 Car-

98 4744 176 4784 ncnse
200 4728 302 4784 ibidem
341 4728 383 4799 egi
404 4735 533 4795 meretur,
550 4745 610 4799 pag.
633 4728 694 4783 tlt.
710 4728 813 4783 Eadem

98 4800 176 4855 mins
188 4801 287 4856 collata
301 4817 364 4854 cum
379 4800 465 4854 altero
480 4815 532 4855 ms.
541 4799 614 4854 inter
628 4799 733 4856 Selecta
747 4800 815 4854 vnl-

103 4886 193 4942 apag.
211 4871 273 4937 493,
304 4871 443 4943 praemissa
469 4870 671 4939 admonitione,
687 4869 813 4942 adjectis-

866 3667 924 3713 toto
949 3675 1007 3731 cap.
1036 3660 1079 3727 ll,
1107 3668 1188 3732 atque
1213 3660 1277 3715 item
1294 3659 1328 3715 de
1356 3660 1450 3717 Gloria
1464 3662 1665 3731 consessorum,

865 3747 923 3802 cap.
940 3729 985 3797 st,
1011 3746 1046 3785 ex
1065 3748 1120 3804 qua
1146 3747 1208 3786 eum
1238 3732 1344 3802 primus
1367 3732 1497 3804 signavit,
1530 3733 1667 3806 elogiique

866 3802 1008 3857 materiam
1031 3802 1136 3874 accepit
1154 3802 1320 3858 Viennensis
1336 3803 1549 3875 Martyralagus,
1564 3822 1599 3860 ex
1615 3805 1668 3861 hoo

866 3872 1015 3941 Usuardm,
1028 3883 1132 3929 resecto
1147 3873 1283 3930 duntaxat
1293 3876 1441 3945 sepulturas
1457 3877 1527 3943 loca,
1539 3893 1619 3948 quem
1632 3892 1667 3931 ex

866 3944 1025 4000 Pulsancnsi
1042 3944 1136 4001 codice
1151 3946 1223 4002 intra
1237 3949 1424 4003 restituemus.
1449 3947 1531 4003 Plura
1547 3947 1611 4002 vide
1637 3947 1666 4002 in

866 4018 1009 4071 natatione
1024 4016 1146 4072 Barouii.
1162 4017 1251 4072 Iulios
1265 4026 1292 4073 et
1305 4017 1429 4072 Potomia
1444 4019 1527 4075 asolo
1543 4017 1667 4075 Usuardo

866 4086 949 4157 positi
976 4094 1050 4152 sunt,
1067 4088 1157 4142 avulsi
1171 4104 1186 4143 a
1205 4088 1288 4143 sociis
1303 4088 1366 4144 aliis
1382 4088 1618 4171 Hieronymianis,
1633 4088 1667 4144 do

866 4157 967 4229 quibus
981 4172 1064 4226 supra
1078 4157 1182 4211 dictum
1198 4166 1249 4212 est.
1270 4159 1341 4213 Sunt
1364 4159 1392 4214 bi
1408 4160 1543 4232 Crispina
1564 4164 1586 4216 si
1610 4175 1666 4215 non

867 4226 993 4298 martyrii
1003 4226 1080 4291 socii,
1097 4236 1125 4282 at
1142 4227 1238 4282 saltem
1255 4229 1401 4298 populares
1415 4237 1442 4285 et
1456 4231 1667 4286 verosimillime

867 4298 962 4353 eodem
977 4304 1100 4367 tempore
1124 4297 1252 4368 martyrii
1277 4298 1370 4352 laurea
1394 4298 1498 4352 donati.
1520 4301 1666 4367 Duranius,

867 4367 968 4423 bedam
998 4368 1215 4435 Pleminianum,
1248 4366 1358 4439 opinor,
1386 4376 1497 4425 secutus
1520 4371 1631 4450 scripsit
1659 4387 1665 4423 :

871 4434 999 4519 Tltc'pnroe
1011 4438 1039 4492 in
1059 4437 1165 4506 Africo.
1180 4445 1331 4493 sanctornm
1348 4446 1497 4509 martyram
1511 4439 1588 4507 totta,
1610 4440 1669 4494 Po-

868 4517 964 4577 tomne,
983 4509 1112 4581 Crispini,
1139 4509 1244 4573 Felicis,
1265 4510 1342 4565 Grati
1366 4516 1392 4563 et
1411 4510 1528 4564 oliorum
1552 4515 1668 4635 selptcrn.¹

867 4598 903 4637 ex
925 4580 1026 4653 quibus
1038 4582 1138 4637 classes
1152 4581 1221 4636 duas
1236 4579 1402 4636 distinxerat
1418 4580 1554 4637 llabanus.
1593 4589 1669 4636 ateor

867 4668 947 4708 auam
962 4651 1118 4709 confusioni
1138 4651 1227 4708 datam
1242 4651 1276 4706 ab
1291 4651 1358 4723 ipsis
1379 4652 1602 4724 Hieronymianis
1616 4668 1669 4708 oa-

868 4724 988 4793 dicibns,
1003 4731 1030 4779 at
1046 4725 1138 4780 nescio
1157 4739 1191 4778 an
1208 4722 1356 4780 Castellani
1377 4725 1473 4780 notula
1491 4723 1550 4780 baec
1575 4723 1669 4780 omnia

868 4795 934 4850 satis
950 4802 1045 4853 exacte
1070 4802 1226 4867 componat.
1251 4795 1281 4850 ln
1301 4811 1333 4851 eo
1363 4797 1414 4868 ipsi
1436 4797 1572 4852 assentior
1595 4794 1669 4868 quod

869 4876 970 4924 asserat
984 4865 1140 4923 Usuardum
1164 4867 1238 4923 solos
1253 4866 1356 4922 lulium
1381 4875 1408 4924 et
1431 4868 1584 4924 Potamiam
1600 4883 1670 4937 pru-

98 4943 197 4997 rotulis
224 4960 273 4997 suo
298 4953 419 5013 tempore
444 4942 604 5011 profuturis.
630 4944 687 5000 Nec
706 4943 814 4997 inutilis
830 4956 855 5014 1)
871 4939 982 4995 dentius
996 4939 1133 5010 selegisse,
1149 4939 1252 4995 relictis
1266 4938 1338 5005 aliis,
1356 4956 1411 4995 non
1430 4940 1495 4995 satis
1510 4940 1582 4994 clare
1595 4934 1668 5015 apud

98 5013 156 5069 Vita
168 5013 274 5068 Gallica
292 5013 474 5080 Tillemoutii,
500 5021 576 5068 tomo
591 5015 626 5082 V,
642 5031 658 5069 a
673 5031 732 5087 paq.
751 5014 813 5070 317.
872 5010 1088 5083 llieronymiana
1102 5011 1249 5081 expressis.
1267 5010 1405 5067 Caeterum
1416 5014 1602 5064 textusnostrr
1620 5021 1668 5076 pn·

98 5100 107 5139 ι
123 5083 278 5156 Crispiuam
295 5102 357 5140 cum
373 5085 510 5140 Dalmatio
526 5084 609 5140 bodie
628 5093 716 5140 metro
734 5084 817 5140 unica
872 5080 938 5136 ritas
951 5088 980 5136 et
990 5081 1135 5137 sinceritas
1155 5081 1221 5136 satis
1236 5081 1412 5152 comprobata
1425 5088 1476 5135 est.

98 5162 135 5210 rat
149 5156 363 5211 wandalbertus
382 5174 388 5210 :

740 5278 930 5336 auctuum.

98 5397 201 5437 suurn.
220 5380 308 5434 textui
331 5379 513 5451 superaddit:
538 5404 547 5425 ι
571 5380 601 5434 Ιιι
618 5376 730 5444 Atlrica,
746 5378 818 5433 Ful-

873 5374 967 5443 verba,
977 5373 1011 5429 dc
1027 5374 1127 5455 quibus
1140 5374 1169 5429 in
1184 5370 1431 5429 observationibus
1448 5389 1454 5425 :
1483 5394 1492 5417 ι
1506 5370 1559 5438 Qui
1573 5370 1603 5426 in
1616 5371 1670 5429 ba-

98 5451 103 5506 i
118 5452 250 5511 martvris
260 5459 287 5507 et
297 5451 414 5506 aliorum
429 5468 528 5506 xxvi.»
549 5451 579 5505 lu
593 5448 818 5520 Hieronymianis
872 5446 950 5503 silica
964 5445 1036 5501 beati
1063 5443 1208 5500 Maximini
1234 5442 1354 5515 episcopi
1369 5441 1491 5513 sepultus
1512 5441 1638 5516 quiescit.
1654 5468 1664 5493 ι

97 5522 153 5580 itur
168 5510 332 5593 ringens-m,
347 5523 394 5578 sed
409 5522 482 5577 unde
493 5530 547 5576 tam
565 5522 645 5576 multi
661 5521 690 5576 iu
707 5519 760 5575 hoc
774 5535 818 5574 co-

98 5595 157 5651 iccii
174 5595 349 5662 accesserint,
369 5594 547 5666 quaerendum
568 5599 618 5648 est.

872 5517 970 5574 Deficit
987 5517 1015 5571 in
1032 5522 1141 5589 quarta.

98 5683 208 5722 assues.
221 5666 249 5719 iu
262 5667 349 5737 prima
364 5674 438 5722 earet
448 5666 546 5736 elogio.
561 5664 592 5719 ln
603 5662 724 5720 secunda
733 5679 818 5735 purus
909 5659 1162 5740 Manena-Mna,
1174 5658 1281 5713 Larsa.
1297 5659 1458 5740 ethrnnn.
1470 5658 1574 5740 Busa,
1581 5656 1671 5738 textui

98 5745 136 5795 st.
156 5738 186 5792 ln
203 5737 285 5792 tertia
308 5738 341 5792 dc
356 5738 463 5794 Nicetis
479 5753 513 5792 ex
536 5737 633 5792 Adone
660 5733 819 5806 superaddit
873 5746 942 5803 puro
956 5729 1113 5801 adjiciunt:
1133 5729 1238 5802 «Apud
1254 5746 1425 5803 prormcram
1440 5729 1611 5804 Capadocrae,
1626 5745 1671 5785 cr-
