3834 6136
48 200 121 256 1057

649 199 829 256 orrrscum
847 200 892 255 er
912 171 1107 257 eersronn.

1635 208 1704 265 ¹058

46 353 139 408 larum
155 347 413 415 constitutionibus,
428 347 554 404 invenies
569 346 622 405 hoc
636 349 782 405 observare
796 349 849 406 de·
862 352 887 410 A
902 359 962 423 pter
976 353 1049 425 quod
1064 361 1092 408 et
1106 354 1140 410 ad
1155 354 1328 425 metropolim
1342 370 1437 410 omnes
1452 357 1576 429 undique
1590 361 1640 433 qut
1654 377 1703 416 ne·

45 442 116 497 bere
140 451 366 508 unumquemque
389 438 632 509 metropolitanum
659 438 689 493 in
707 438 849 510 provincia

46 526 166 584 alterius
191 524 408 596 metropolitani,
424 551 432 571 ι
454 527 565 583 accedat
581 525 765 598 praedecessor
779 527 851 582 istc-

47 632 124 682 rum,
136 615 267 670 Ronlanae
277 612 350 668 sodis
363 629 438 686 aeque
452 614 566 691 antistes
577 615 704 683 Anicius,
720 624 747 671 et
756 616 778 671 si
795 615 853 670 haec

47 720 107 761 non
123 701 277 768 sufficiunt,
294 718 403 757 omnem
420 702 654 775 amphibologiam
667 703 751 774 hujus
767 704 854 759 intel·-

48 792 174 866 ligentiae
200 789 371 846 omnimodis
387 793 480 862 procul
505 800 652 847 rernoveat.
671 793 764 865 lnquit
778 793 853 849 enim

47 882 91 939 sic
102 880 196 953 (Acie.
220 879 296 949 epist.
309 879 394 949 caio.)
413 897 419 934 :
442 904 451 926 ι
464 881 523 951 lpse
533 889 624 936 autem
632 880 854 954 archiepiscopus

49 970 124 1027 nihil
133 969 167 1025 de
175 966 402 1039 coepiscoporum
413 968 564 1035 causis,aut
574 969 636 1024 aliis
647 969 852 1037 communibus,

45 1058 132 1132 juxta
146 1063 250 1113 statuta
267 1056 465 1127 apostolorum,
482 1056 584 1129 absque
598 1067 766 1114 cunctorum
786 1058 854 1114 illo-

49 1165 115 1205 rum
129 1154 191 1218 agat
202 1145 332 1212 consilio,
347 1145 452 1200 necilli
469 1145 523 1200 nisi
538 1153 671 1218 quantum
687 1147 855 1220 adproprias

48 1237 198 1313 parochias
220 1235 342 1308 pertinet
367 1234 426 1290 sine
443 1251 510 1291 sno:
528 1236 659 1309 quoniam
684 1237 734 1292 tali
757 1236 856 1309 gaudet

50 1344 88 1384 ex
109 1323 259 1383 concordia
283 1324 454 1392 Altissimns,
478 1332 506 1380 et
519 1325 654 1396 gloriatur·
679 1325 708 1380 in
724 1325 856 1382 membris

50 1416 121 1473 suis.
147 1412 256 1486 Reliqui
285 1428 350 1468 vero
375 1413 422 1485 qui
446 1413 514 1470 alias
538 1413 764 1485 metropolitanas
779 1413 855 1470 sedes

905 439 978 511 gotia
991 439 1122 496 videntur
1137 442 1236 498 habere
1247 451 1424 498 concurrant.
1437 443 1514 499 Unde
1530 445 1632 516 placuit
1641 464 1703 504 eum

907 530 1011 585 honore
1039 532 1213 601 praecellere,
1244 540 1271 587 et
1291 531 1362 587 nihil
1381 533 1500 604 amplius
1527 543 1705 605 praeteream

907 625 1019 673 caeteros
1033 618 1175 691 episcopos
1188 635 1277 690 agere,
1293 620 1445 676 secundum
1469 621 1610 694 antiquam
1625 640 1640 677 a
1654 641 1707 695 pa-

908 709 996 764 tribus
1011 707 1113 764 nostris
1122 710 1249 788 regulam
1264 711 1454 780 constitutam,
1469 712 1523 768 nisi
1548 730 1579 769 ea
1599 722 1706 772 tantum

908 813 968 869 quae
983 797 1016 852 ad
1041 814 1118 853 suam
1134 797 1274 855 dioecesim
1291 799 1439 871 pertinent,
1469 803 1707 877 possessionesque

909 885 1055 955 subiectas.
1072 886 1265 958 Unusquisque
1289 886 1364 940 enirn
1379 887 1521 959 episcopus
1547 890 1629 947 habet
1652 909 1708 950 sua

909 973 1045 1044 parochie
1066 982 1245 1046 potestatem,
1277 981 1308 1030 ut
1327 984 1402 1046 regat
1417 975 1499 1046 juxta
1526 981 1708 1037 reverentiam

909 1062 1026 1134 singulis
1037 1072 1248 1136 competentem,
1265 1072 1292 1120 et
1308 1065 1511 1135 providentiam
1527 1078 1603 1139 gerat
1616 1071 1709 1126 omnis

910 1153 1089 1223 possessionis
1103 1169 1164 1225 quae
1178 1152 1230 1208 snb
1244 1151 1303 1224 ejus
1316 1161 1357 1210 est
1380 1161 1522 1226 potestate.
1539 1157 1581 1211 lta
1595 1164 1626 1212 nt
1641 1175 1710 1229 pre-

909 1243 1036 1314 sbyteros
1049 1252 1077 1300 et
1090 1244 1222 1301 diaconos
1236 1245 1356 1314 ordinet,
1373 1253 1400 1301 et
1413 1247 1521 1318 singula
1540 1263 1590 1304 sno
1600 1247 1709 1319 judicio

909 1334 1142 1405 comprehendat:
1171 1336 1290 1408 amplius
1318 1344 1409 1392 autem
1435 1336 1507 1392 nihil
1525 1353 1603 1408 agere
1621 1344 1710 1394 tentet

910 1432 1008 1496 praeter
1021 1424 1173 1481 antistitem
1189 1426 1443 1498 metropolitanum,
1458 1441 1508 1483 nec
1522 1429 1709 1500 metropolita·

51 1504 145 1578 adepti
159 1510 234 1570 sunt,
253 1518 309 1557 nnn
325 1502 465 1573 primates,
484 1502 531 1559 sed
546 1503 751 1575 metropolitani
767 1503 854 1560 norni·
910 1531 972 1584 nug,
998 1517 1057 1572 sine
1070 1525 1233 1574 gaegemfflm
1252 1526 1327 1590 gerat
1354 1518 1472 1575 consilio
1491 1520 1701 1578 memorum„

51 1602 167 1652 nentur·
184 1591 213 1648 Si
228 1600 321 1648 autem
335 1591 437 1664 aliquis
452 1592 727 1664 ffl011'0901ii2ss01'11ffl
745 1592 856 1650 inflatus
910 1607 981 1662 Ecce
996 1604 1151 1662 ostenditur
1179 1608 1245 1679 quia
1271 1608 1489 1665 sollicitudinem
1509 1625 1601 1681 gerere
1628 1609 1711 1667 debet

52 1682 151 1750 inerit,
162 1680 257 1737 etsine
268 1680 393 1736 omnium
404 1681 682 1754 comprovincialium
692 1681 856 1752 presentiali
871 1707 894 1768 B
910 1695 995 1750 totius
1010 1693 1161 1766 provincia,
1176 1697 1414 1769 metropolitanus,
1431 1706 1458 1754 eg
1473 1698 1546 1772 quod
1561 1699 1595 1755 ad
1612 1708 1710 1755 metm.

51 1770 175 1829 0⁰¹1⁸ili⁰
199 1769 402 1841 elli³⁰⁰l³⁰f¹¹¹112
418 1776 466 1824 ³11²
490 1786 584 1825 eorum
606 1777 653 1826 ³111
668 1770 735 1826 alias
749 1786 854 1839 efflas,
910 1787 996 1858 polim
1010 1803 1056 1843 eos
1070 1787 1118 1859 qui
1133 1788 1242 1860 negotia
1257 1788 1356 1845 habere
1382 1787 1521 1858 videntur,
1548 1807 1711 1848 concurrere

52 1860 112 1918 ⁰5⁸5
136 1875 181 1916 0³³
204 1866 310 1914 ulmum
335 1875 395 1930 (lUffl
418 1857 451 1915 ad
467 1861 604 1931 Pf⁰l³fl³ffl
622 1876 697 1916 ⁸¹¹³ffl
718 1861 856 1932 hminem
911 1883 1045 1947 oporteat.
1061 1874 1135 1941 Quid
1146 1884 1238 1932 tamen
1254 1877 1318 1933 inde
1329 1878 1534 1951 exsequendum
1554 1879 1711 1950 metropoli·

53 1946 234 2043 ll³f⁰⁰hi³lfflg
248 1963 326 2020 ³8⁰f⁰
348 1956 395 2002 ³¹¹²
410 1964 456 2004 ⁰⁰⁵
470 1964 583 2020 gravare
597 1949 727 2016 V0¹¹10lib
743 1949 777 2004 ab
791 1965 857 2004 ⁰11¹·
911 1964 969 2018 tani
981 1965 1018 2021 sit
1033 1965 1230 2033 sollicitudini,
1248 1981 1304 2020 non
1320 1965 1349 2020 in
1364 1964 1418 2021 hoc
1430 1968 1552 2039 capitulo
1569 1968 1713 2024 evidenter

55 2032 142 2089 nibus
155 2031 280 2089 districte
295 2034 459 2105 corrigatur,
476 2050 510 2089 ne
524 2034 592 2090 talia
606 2032 735 2108 deinceps
749 2052 857 2107 praesn-
912 2052 1087 2125 exprimitur,
1103 2052 1169 2125 quia
1181 2051 1227 2108 hi,
1241 2053 1542 2125 0mn1200mppehendq
1552 2070 1608 2110 110„
1619 2061 1712 2126 potue.

55 2137 133 2178 mere
143 2121 289 2178 audeat&
301 2139 367 2178 Vel'O
379 2122 578 2195 issfflsflglblils
587 2123 683 2196 eisque
696 2124 858 2180 issObediessS
912 2148 979 2196 runt
993 2149 1091 2214 praeter
1106 2140 1159 2196 hoc
1174 2139 1247 2213 quod
1262 2140 1376 2209 dicitur,
1398 2164 1407 2188 ι
1422 2157 1473 2198 nec
1485 2142 1714 2215 metropolitanus

54 2210 226 2284 apparuerit,
247 2211 281 2268 ad
304 2212 375 2268 hanc
388 2213 567 2284 apostolicam
583 2213 686 2281 sedent,
704 2213 749 2269 cui
765 2213 859 2268 onmia
913 2229 972 2285 sing
986 2237 1148 2286 eaegemfum
1165 2236 1239 2300 gesa,
1252 2229 1370 2284 consilio
1385 2229 1570 2286 sacerdotum·
1586 2255 1596 2277 ,

55 2301 251 2374 elli⁸ss⁰ll⁰f¹¹m
264 2300 371 2373 dudleia
396 2301 536 2358 terminali
558 2311 694 2375 llfaeffll'ta
708 2311 783 2369 sunt,
799 2301 859 2373 elus
949 2315 1001 2372 Sed
1016 2315 1082 2371 inde
1095 2315 1217 2388 apertius
1229 2316 1392 2372 Africanum
1406 2317 1531 2372 decernit
1550 2317 1711 2375 concilium:

56 2390 235 2447 wulufflacia
249 2391 394 2458 referatur,
413 2399 443 2446 ut
458 2390 582 2447 Vindicta
594 2391 628 2446 (1⁰
642 2407 674 2446 ⁰0
689 2390 746 2459 hat,
761 2399 789 2446 ⁰²
802 2406 859 2446 θω-
921 2430 930 2453 ι
945 2406 1013 2460 ltem
1027 2403 1131 2476 placuit
1146 2413 1177 2460 ut
1192 2404 1356 2477 presbyteri,
1370 2405 1490 2472 diaconi,
1503 2407 1547 2461 vel
1560 2408 1650 2461 ceteri
1661 2408 1714 2461 ole-

59 2477 114 2534 ῐθΐῑ
140 2479 267 2535 ῑῑωθῐθῦ]
291 2479 419 2537 habeant·
448 2481 477 2536 Si
497 2489 588 2536 ³⁰10111
612 2487 723 2552 limiler
744 2478 859 2534 nimiam
915 2493 966 2549 rici
980 2493 1133 2560 interiores,
1149 2492 1178 2547 in
1193 2493 1282 2548 causis
1296 2509 1363 2565 quas
1378 2492 1534 2558 habuerint,
1551 2493 1574 2548 si
1587 2493 1621 2548 de
1632 2493 1715 2564 judi-

59 2571 305 2645 longinquitatem,
320 2580 367 2627 aul
384 2571 517 2642 temporis
533 2570 801 2638 incommoditatem,
816 2569 859 2624 vel
914 2583 966 2639 θῇς
977 2582 1168 2655 episcoporum
1184 2599 1297 2659 suppum
1315 2583 1405 2655 questi
1420 2583 1534 2650 fuerint,
1550 2583 1637 2639 vicini
1652 2584 1716 2656 epi.

59 2670 172 2728 itineris
185 2670 369 2744 asperitatem,
385 2686 467 2741 grave
485 2670 519 2725 ad
534 2670 710 2726 hancsedem
725 2668 784 2741 ejus
799 2684 860 2724 cau·
915 2672 991 2744 scopi
1006 2687 1053 2727 eos
1062 2687 1126 2728 cum
1136 2686 1272 2728 consensu
1286 2671 1329 2728 sui
1340 2671 1459 2743 episcopi
1471 2671 1595 2738 audiant,
1607 2679 1635 2727 et
1644 2672 1717 2728 inter

60 2777 120 2818 sam
137 2760 244 2817 delerre
259 2759 353 2827 hierit,
368 2767 433 2815 tunc
447 2758 481 2814 ad
495 2758 554 2830 ejus
569 2757 713 2831 primatem
725 2774 806 2815 causa
816 2756 861 2812 de·
916 2776 962 2817 eos
975 2760 1114 2816 diffiniant
1127 2759 1246 2815 adhibiti
1261 2757 1296 2814 ab
1310 2760 1350 2815 eis
1363 2759 1495 2831 episcopi.
1509 2759 1588 2826 Quod
1604 2760 1627 2816 si
1642 2760 1717 2817 stab

62 2857 180 2924 feratur,
194 2863 221 2912 et
236 2870 317 2927 penes
332 2855 422 2926 ipsum
440 2852 522 2925 hujus
539 2863 640 2911 sanctae
657 2854 730 2910 sedis
743 2851 862 2909 auctori·
916 2850 956 2906 eis
971 2849 1177 2922 provocandum
1195 2849 1363 2920 putaverint,
1376 2858 1526 2921 provocent
1541 2849 1575 2906 ed
1585 2850 1719 2922 primates

62 2953 120 3002 tate
141 2944 299 3016 judicetur.
327 2943 472 3008 Similiter,
496 2943 519 2998 si
543 2943 644 3016 aliquis
671 2942 861 3014 episcoporum
916 2955 1029 2994 suarum
1046 2939 1263 3011 provinciarum,
1278 2939 1350 2995 sicut
1369 2946 1396 2995 et
1410 2939 1445 2994 de
1459 2939 1594 3012 episcopis
1608 2940 1718 2997 consti-

62 3035 206 3108 proprium
218 3032 462 3105 metropolitanum
473 3040 630 3104 suspectum
642 3031 779 3098 babuerit,
791 3027 863 3101 apud
880 3058 901 3118 C
918 3035 1009 3084 tutum
1025 3035 1076 3084 est.
1093 3052 1102 3074 ·

63 3124 209 3196 primatem
235 3122 392 3188 dioeceseos,
419 3129 466 3177 aut
496 3119 568 3192 apud
594 3120 665 3178 hanc
684 3119 862 3192 apostolicam
955 3119 991 3174 Et
1001 3118 1030 3174 in
1041 3117 1197 3174 sardicensi
1207 3118 1246 3173 ita
1255 3117 1346 3174 adhuc
1358 3118 1441 3173 latius
1455 3116 1572 3173 habetur
1587 3119 1717 3175 concilio:

63 3211 156 3267 sedem
177 3211 323 3268 audiatur:
343 3211 394 3279 Qui
409 3211 498 3281 ciojor
511 3217 548 3265 est
564 3217 691 3277 oestrum,
711 3209 864 3267 secundum
920 3207 1002 3264 Osius
1011 3204 1236 3277 episcopusdixit
1247 3207 1318 3276 (con.
1333 3206 1389 3276 lbi:
1401 3207 1460 3262 Hoc
1470 3222 1579 3279 quoque
1589 3208 1719 3264 omnibus

60 3299 226 3372 jussionem,
262 3302 297 3356 sit
332 3308 413 3356 nester
437 3301 557 3357 ininister
577 3301 697 3372 (hatti.
718 3300 798 3371 xxl;
817 3306 862 3354 et:
920 3298 1020 3368 placet,
1033 3303 1064 3351 nt
1079 3295 1102 3350 si
1117 3294 1260 3360 diaconus,
1274 3294 1333 3350 sive
1348 3295 1499 3367 presbyter,
1521 3295 1580 3351 sive
1594 3297 1719 3368 quiscle·

65 3390 172 3456 Quanto
185 3390 275 3460 major
288 3407 323 3457 es,
341 3391 370 3443 in
385 3389 504 3443 omnibus
518 3388 631 3443 tremilio
644 3389 753 3459 teipsum
768 3387 864 3457 (dccli.
921 3383 1053 3450 ricorum,
1067 3383 1100 3439 ab
1115 3383 1242 3455 episcopo
1253 3399 1303 3438 suo
1315 3385 1511 3440 communione
1526 3385 1612 3441 fuerit
1626 3384 1718 3457 priva-

65 3477 124 3548 ιιι).
150 3477 327 3542 Charissimi,
356 3476 442 3530 nolite
455 3475 527 3529 inter
541 3492 590 3531 vos
613 3474 789 3542 contendere,
816 3493 868 3534 nec
920 3480 975 3540 tus,
987 3481 1014 3529 et
1024 3473 1058 3529 ad
1067 3473 1184 3529 alterum
1195 3473 1347 3544 perrexerit
1357 3475 1527 3546 episcopum,
1539 3483 1566 3531 et
1580 3474 1670 3531 sciens
1686 3475 1720 3532 ed

64 3573 171 3640 querat
186 3565 288 3636 aliquis
299 3561 386 3632 major
396 3577 464 3629 esse,
475 3561 532 3629 sed,
545 3561 626 3633 juxta
637 3565 810 3636 Apostolum,
821 3565 866 3622 di·
922 3577 1003 3632 quem
1017 3560 1182 3632 confugerit,
1198 3577 1260 3616 enm
1276 3561 1310 3616 ab
1331 3561 1458 3634 episcopo
1473 3579 1523 3618 suo
1538 3563 1624 3620 luisse
1640 3562 1721 3635 abje-

63 3655 146 3727 ligite
162 3671 211 3709 vos
226 3651 359 3718 invicem,
377 3651 507 3724 quoniam
522 3651 641 3709 ebaritas
653 3670 688 3709 ex
702 3655 759 3710 Deo
773 3664 824 3724 est,
841 3664 869 3712 et

62 3744 161 3800 omnis
186 3741 233 3812 qui
261 3740 353 3810 diligit
375 3756 409 3795 ex
432 3743 489 3796 Deo
513 3749 593 3798 natus
615 3754 665 3810 est,
686 3751 713 3799 et
727 3745 868 3817 cognoscit

62 3834 168 3890 Deum.
185 3829 238 3896 Qui
259 3843 315 3883 non
338 3828 440 3899 diligit,
457 3845 514 3885 non
529 3831 608 3886 novit
621 3833 719 3900 Deum,
737 3834 868 3906 quoniam

64 3927 143 3981 Deus
156 3919 275 3977 charitas
290 3926 331 3974 est
352 3920 381 3990 (l
403 3921 482 3976 loon.
498 3923 551 3992 ru).
568 3947 577 3969 ι
598 3923 747 3979 Enimvero
762 3925 867 3993 dicens,

922 3657 1007 3717 ctum,
1032 3664 1089 3705 non
1115 3656 1222 3722 oportet
1244 3658 1274 3706 ut
1287 3649 1311 3706 ei
1324 3650 1549 3706 communionem
1568 3650 1719 3723 indulgeat.

922 3737 1038 3804 Quodsi
1055 3739 1160 3807 fecerit,
1179 3738 1248 3795 sciat
1261 3755 1290 3794 se
1307 3739 1465 3796 convocatis
1479 3740 1616 3814 episcopis
1627 3757 1722 3799 causas

923 3844 981 3884 esse
990 3828 1140 3885 dicturum.
1155 3827 1283 3885 Universi
1293 3828 1441 3884 dixerunt:
1462 3830 1539 3886 ·Hoc
1552 3836 1686 3888 statutum
1696 3841 1724 3888 et

923 3926 1025 3989 pacem·
1040 3917 1174 3985 servabit,
1193 3925 1220 3972 et
1238 3917 1414 3976 concordiam
1433 3918 1607 3975 custodiet.»
1628 3920 1664 3976 Et
1688 3936 1724 3978 ne
1770 3933 1776 3946 ·

73 4033 83 4057 ι
102 4012 163 4082 lpse
176 4026 242 4090 vero
257 4015 349 4063 autem
365 4007 587 4081 archiepiscopus
601 4009 672 4064 nihil
687 4011 721 4066 de
733 4013 869 4084 coepisco·
924 4005 980 4062 dici
994 4006 1079 4078 possit
1094 4006 1147 4062 hoc
1161 4006 1375 4079 archiepiscopis
1389 4023 1445 4063 non
1458 4007 1637 4080 prejudicare
1650 4009 1724 4083 cepi·

69 4115 170 4173 porum
191 4097 293 4165 causis,
310 4104 357 4151 aut
378 4096 441 4152 aliis
455 4097 660 4166 communibus,
673 4097 756 4170 juxta
769 4107 870 4155 statuta
924 4093 1024 4161 tulum,
1045 4093 1075 4148 in
1097 4108 1129 4148 eo
1148 4093 1222 4164 quod
1242 4095 1343 4165 inquit,
1367 4103 1422 4151 «ut
1437 4097 1496 4152 sive
1511 4097 1654 4167 diaconus,
1666 4099 1725 4156 sive

69 4189 270 4264 apostolorum,
292 4189 394 4260 absque
417 4196 581 4245 cunctorum
597 4188 708 4244 illorum
723 4197 783 4262 agat
798 4207 869 4246 con·
924 4182 1390 4263 presbyter,siveqnisclericorum,
1402 4184 1437 4240 eb
1447 4187 1575 4257 episcopo
1585 4206 1726 4246 succum-

69 4278 171 4345 silio,·
194 4275 389 4347 distinguendo
399 4275 471 4331 nihil
486 4275 519 4331 de
533 4276 757 4350 coepiscoporum
770 4279 869 4348 causis,
926 4277 1057 4333 munione
1072 4277 1157 4333 luerit
1176 4277 1310 4348 privatus,
1331 4283 1358 4331 et
1383 4276 1417 4332 ad
1437 4278 1553 4333 alterum
1574 4283 1725 4350 perrexerit

70 4382 128 4423 non
153 4363 187 4421 de
210 4362 513 4437 coarchiepiscoporum
528 4366 869 4438 permittit'interpretari.
885 4413 911 4473 D
926 4364 1106 4436 episcopum·
1128 4363 1259 4436 quianon
1277 4363 1400 4432 admisit,
1423 4365 1517 4420 autad
1537 4365 1726 4438 archiepisco-

71 4453 222 4514 Snbdendo
237 4469 356 4526 quoque,
373 4477 381 4499 ι
395 4453 497 4526 absque
507 4460 670 4510 cunctorum
685 4455 796 4511 illorum
811 4463 872 4528 agat
926 4470 1002 4526 pum,
1020 4469 1136 4527 sequens
1157 4454 1190 4510 de
1205 4454 1256 4511 hac
1270 4454 1363 4511 eadem
1378 4471 1408 4510 re
1422 4453 1582 4525 diligentius
1602 4456 1725 4527 ejusdem

71 4543 223 4610 consilio»
241 4542 365 4607 illorum,
378 4541 449 4613 qnod
467 4551 507 4597 est
518 4557 669 4613 pronomen
683 4543 829 4599 relativum
840 4562 871 4601 ac
926 4543 1038 4600 concilii
1067 4551 1253 4615 perscrutatur
1278 4543 1441 4615 capitulum.
1469 4545 1550 4601 Osius
1573 4546 1726 4620 Episcopus

73 4631 334 4698 demonstrativum,
359 4631 394 4687 ad
415 4647 544 4703 personas
567 4631 678 4704 respicit
692 4633 872 4705 coepiscopo·
927 4633 999 4688 dixit
1025 4633 1095 4704 (coo.
1112 4632 1178 4703 ill:
1208 4631 1288 4698 Quod
1303 4648 1347 4688 me
1370 4632 1460 4690 adhuc
1488 4643 1580 4691 movet
1612 4635 1726 4692 reticere

70 4739 147 4791 rum,
163 4738 214 4778 nec
228 4721 297 4777 sinit
313 4720 458 4777 subaudiri
473 4720 786 4795 coarchiepiscoporum.
927 4739 983 4778 non
998 4721 1094 4777 debeo.
1109 4721 1139 4777 Si
1154 4722 1299 4795 episcopus
1315 4722 1377 4794 quis
1392 4725 1463 4781 forte
1477 4724 1636 4794 iracundus,
1652 4724 1726 4798 quod

111 4812 205 4868 Trium
230 4812 345 4866 istorum
370 4810 410 4866 sic
432 4809 554 4882 posuisse
571 4811 690 4868 sufficiat
704 4812 871 4882 testimonia,
928 4829 986 4870 esse
1001 4830 1057 4870 non
1071 4813 1162 4883 debet,
1175 4813 1268 4871 citoet
1282 4830 1376 4886 aspere
1387 4826 1578 4874 commovetur
1596 4816 1725 4873 adversus

72 4901 176 4976 quibus
187 4899 285 4971 reliqui
299 4899 454 4971 apostolicae
465 4899 538 4956 sedis
547 4900 690 4972 pontifices
700 4901 874 4974 astipulando
929 4902 1183 4976 presbyternmsive
1191 4901 1339 4959 diaconum
1346 4905 1656 4972 snum‚etexterminare
1663 4918 1727 4957 eum

73 4997 250 5047 attestentur.
267 4989 303 5044 Et
322 4989 424 5044 clarere
439 4981 531 5056 credo,
547 4989 613 5061 quia
634 5006 665 5045 ea
683 5008 743 5064 que
759 4991 793 5047 de
808 4990 875 5048 Cal·
929 4991 1050 5046 voluerit
1067 4990 1101 5046 de
1119 4991 1243 5060 ecclesia,
1263 4990 1467 5063 providendum
1487 5001 1528 5048 est
1544 5008 1579 5046 ne
1595 4992 1728 5046 innocens

74 5081 133 5138 listi
150 5098 225 5154 papo
244 5089 459 5153 ceterorumque
474 5096 587 5135 suorum
602 5080 831 5150 predecessorum
844 5097 876 5137 ac
930 5076 1087 5146 damnetur,
1106 5087 1154 5134 eut
1171 5080 1267 5151 perdat
1286 5079 1527 5145 communionem;
1553 5086 1580 5134 et
1594 5077 1661 5143 ideo¹
1673 5077 1728 5132 ha·

74 5186 265 5227 successorum
276 5168 522 5227 constitutionibus
531 5167 640 5241 collegi,
654 5184 710 5224 non
724 5185 817 5240 prave,
829 5170 876 5225 sed
930 5167 993 5223 beat
1002 5174 1163 5239 potestatem
1173 5169 1197 5224 is
1207 5171 1254 5241 qui
1264 5169 1387 5240 abjectus
1396 5175 1447 5236 est,
1458 5175 1489 5223 ut
1503 5168 1644 5240 episcopos
1658 5165 1728 5222 lini-

76 5261 158 5332 plane
185 5260 322 5316 intellexi.
349 5259 477 5316 Decernit
505 5259 578 5315 enim
608 5258 815 5315 Antiochenum
838 5260 878 5315 ita
930 5257 1013 5313 tinrcs
1027 5257 1195 5330 interpellet,
1211 5267 1237 5314 et
1247 5275 1328 5314 causa
1337 5257 1395 5330 ejus
1410 5255 1547 5326 audiatur,
1558 5273 1590 5314 ac
1604 5256 1729 5329 diligen-

76 5350 230 5406 concilium
257 5351 268 5422 (
276 5369 334 5407 een.
351 5352 386 5423 9)
410 5369 415 5407 :
449 5375 458 5397 ι
483 5350 534 5405 Per
556 5349 677 5420 singulas
690 5348 808 5421 rejiones
822 5349 877 5422 epi·
931 5347 987 5403 tius
1000 5353 1143 5413 tractetur,
1155 5347 1221 5417 quia
1235 5363 1291 5403 non
1305 5354 1413 5419 oportet
1423 5346 1448 5401 ei
1459 5346 1552 5418 negari
1559 5345 1728 5423 audientiam

78 5456 176 5512 scopos
208 5441 338 5497 convenit
368 5455 457 5509 nosse,
488 5438 729 5511 metropolitanum
766 5439 877 5510 episco-
933 5441 1049 5514 roganti.
1066 5441 1101 5496 Et
1116 5440 1163 5495 ille
1177 5440 1330 5512 episcopus,
1347 5441 1394 5513 qui
1407 5440 1482 5512 juste
1494 5447 1541 5495 aut
1552 5439 1655 5512 injuste
1664 5455 1728 5496 eum

79 5550 145 5604 pum
172 5534 389 5592 sollicitudinem
413 5533 497 5591 totius
511 5531 661 5604 provinciae
677 5547 768 5603 gerere
785 5548 791 5586 :
809 5547 877 5604 pro·
933 5531 1041 5604 abjecit,
1058 5531 1193 5603 patienter
1211 5529 1328 5602 accipiet
1347 5535 1378 5585 ut
1393 5529 1534 5601 negotium
1553 5530 1727 5599 discutiatur,
