3834 6136
151 184 208 240 853

687 187 1002 247 nanrluotoulttn.
1029 222 1054 232 ψ
1077 192 1181 247 huns.
1202 193 1281 250 DEC.

1758 202 1811 260 tta

151 313 504 444 ἓηῗιίῃῗῗιὲῗῑῇἵῖῗεορί.
519 334 529 362 ι
549 314 620 370 Vide
631 315 816 372 castellanum
824 318 854 373 in
865 318 957 376 indice
970 323 996 382 A
1009 322 1209 379 confessorum.
1224 323 1374 380 Helduardi
1385 325 1505 397 episcopi
1517 335 1544 382 et
1553 329 1729 388 contessoris.
1741 334 1809 390 ltem

187 458 285 514 Editio
301 456 511 512 huneco-Con:
536 458 748 530 «ierosolymis,
764 462 852 516 sancti
867 464 957 520 David

151 531 224 657 regis
236 527 400 601 prophetae·
410 528 440 582 ln
451 528 611 598 Trophimo,
635 531 700 584 satis
710 547 778 601 pura
800 541 849 589 est.
865 534 954 591 Tum:

196 618 215 657 n
245 600 390 668 Britaniis,
420 600 535 655 civitate
565 601 723 669 Cantuaria,
753 605 840 659 natale
868 607 954 662 sancti

150 673 265 729 Thomae
293 670 416 742 episcopi
438 680 463 725 et
478 673 618 741 martyris,
630 673 682 727 sub
692 674 810 730 ilenrico
826 692 886 745 roge
900 679 956 732 An·

149 741 387 817 glorum,cuioh
412 742 599 797 defensionem
625 742 752 814 justitia,
785 747 814 800 in
842 747 956 804 basilica

147 816 224 873 sedis
237 832 303 881 sure,
317 813 408 884 gladio
424 829 527 868 sacram
544 831 674 870 coronam
692 815 867 885 abscindunt,
882 835 954 876 oere-

147 888 230 944 brum
249 885 367 943 ellusum
383 901 445 939 cunr
462 885 593 956 sanguine
608 887 757 942 crudeliter
770 899 910 959 spargunt,
927 899 954 946 et

147 959 199 1014 tali
228 957 365 1029 martyrio
393 957 487 1011 anima
503 957 632 1027 migravit
655 957 688 1012 ad
704 959 890 1014 Dominum·
914 963 952 1017 lle

147 1030 278 1096 Ebrulfo,
296 1027 511 1093 additamentis.
536 1030 670 1083 llemum:
695 1031 821 1094 «Rornae
846 1040 952 1088 sancto·

147 1119 210 1158 rum
226 1100 364 1155 Bnuilacii
381 1099 502 1169 episcopi
520 1106 546 1153 et
561 1100 661 1154 Felicis
676 1102 874 1159 consessorum.
892 1128 900 1150 ι

184 1175 331 1227 linarium:
350 1171 400 1224 «ln
416 1170 547 1241 Aphrica,
563 1170 654 1226 labosi
671 1173 801 1243 episcopi.
820 1174 880 1244 lpso
895 1176 949 1243 die,

145 1244 300 1300 secuudum
318 1241 453 1305 aldonem,
466 1241 630 1308 Crescentis,
646 1244 759 1322 apostoli
779 1245 853 1299 l'auli
869 1247 950 1302 disci·

146 1315 218 1389 puli,
235 1312 403 1370 Viennensis
419 1312 549 1368 Ecclesiae
569 1313 691 1369 doctoris
707 1315 798 1386 primi.
812 1316 951 1373 [isuardus

145 1403 210 1442 eum
225 1385 310 1441 habet
326 1385 424 1456 quinto
440 1384 662 1440 Kalendaslulii.
680 1410 689 1433 ι
711 1385 762 1441 Sed
778 1395 805 1442 et
820 1388 879 1459 ipso
900 1390 950 1444 illo

158 628 168 649 1

1011 394 1100 449 David
1122 393 1274 463 heremitae,
1304 395 1338 451 de
1353 412 1407 468 quo
1421 398 1449 451 in
1476 398 1549 452 vitas
1571 401 1680 456 Petrum
1698 406 1808 475 legitur,

1011 464 1084 534 quod
1100 481 1133 519 ex
1150 467 1255 522 latrone
1272 467 1481 538 probatissimus
1494 470 1645 527 monachus
1659 473 1747 530 lacteis
1760 477 1807 532 eit.

1010 536 1078 591 Item
1093 539 1318 593 commemoratio
1331 547 1489 595 sanctorum
1504 541 1588 608 lesse,
1609 542 1693 613 patris
1708 546 1807 614 David,

1010 613 1037 661 et
1059 607 1166 663 Nathan
1183 609 1330 680 prophetae
1357 609 1462 666 Eodem
1477 611 1533 679 die,
1558 621 1657 668 sancta
1672 615 1806 685 Melaniae,

1009 688 1142 734 matronae
1155 681 1295 746 Romanae,
1311 682 1446 738 lherosol.
1463 683 1520 738 Deo
1535 694 1656 740 sacratu.
1673 710 1682 732 ·

1046 750 1153 805 blotan.
1173 750 1201 806 iu
1217 753 1270 807 sine
1285 751 1319 806 de
1334 753 1450 808 Ebrullo
1466 753 1580 824 adjicit:
1603 779 1611 801 ι
1628 756 1712 827 Cujus
1735 767 1809 829 gesta

1010 819 1154 876 habentur.
1192 823 1222 876 ln
1253 824 1362 893 Anglia,
1390 825 1503 880 civitate
1533 826 1691 893 Cantuaria,
1721 831 1808 886 sancti

1009 891 1120 946 Thema.
1139 893 1310 966 archiepisco
1330 896 1349 961 i,
1364 919 1373 940 ι
1391 904 1454 962 ete,
1470 912 1505 950 ex
1533 897 1645 952 llecrno.
1665 899 1809 957 Editiones

1007 963 1171 1087 posteriores
1191 965 1290 1020 litteris
1311 911 1412 1020 italicis
1438 967 1559 1022 secundo
1585 968 1646 1024 loco
1665 979 1750 1039 egunt
1774 972 1807 1028 de

1031 1034 1112 1088 homa
1130 1035 1331 1101 Cantuariensi,
1348 1038 1429 1092 etiam
1446 1053 1481 1092 ex
1495 1039 1592 1094 buum.
1609 1040 1638 1093 ln
1662 1040 1716 1095 line
1731 1041 1805 1098 idem

1006 1105 1159 1161 adduntdo
1180 1108 1303 1162 Ebrullo.
1335 1109 1457 1163 Deinde:
1484 1111 1574 1164 «ltem
1606 1113 1706 1167 rratalis
1734 1113 1806 1169 beati

1007 1176 1343 1253 llildevunrdi,T11llopsis
1353 1179 1497 1251 episcopi·
1507 1181 1555 1234 Est
1570 1188 1701 1252 patronus
1711 1184 1805 1256 oppidi

1005 1247 1255 1316 Tenerauiundani,
1267 1250 1300 1304 de
1313 1267 1367 1321 quo
1383 1251 1447 1305 ride
1462 1252 1657 1307 Castellanum.
1679 1255 1804 1326 Derriqne

1006 1319 1160 1374 minorihus
1175 1321 1256 1392 lypis.
1277 1322 1403 1377 «Eodem
1419 1322 1474 1390 dio,
1487 1323 1574 1379 sancti
1585 1324 1804 1394 patrisblarcelli

1004 1391 1226 1448 archimandritae
1238 1393 1397 1448 monasterii
1407 1394 1466 1449 Non
1483 1395 1703 1450 dormientium·
1713 1396 1804 1468 Vulgo

1003 1463 1141 1588 nottgsunt
1153 1464 1281 1520 monachi
1291 1464 1369 1520 illius
1378 1466 1536 1522 monasterii
1547 1466 1597 1523 sub
1607 1468 1720 1523 nomine
1730 1469 1803 1524 Acoe-

1002 1550 1042 1586 me
1073 1550 1142 1590 ritm-

145 1457 193 1513 die
208 1457 382 1514 Crescentem
399 1455 489 1524 signat
518 1456 589 1521 hdo,
607 1463 637 1511 ut
653 1456 681 1512 in
705 1457 950 1515 Observationibus

144 1529 318 1585 notavimus.
340 1528 468 1594 «honre,
498 1526 634 1582 Bonilacir
658 1528 778 1601 episcopi
794 1537 821 1585 et
850 1530 960 1586 Felicis·

870 1727 1087 1739 -——-—

145 1807 185 1862 m
206 1807 273 1861 rai.
1693 1816 1742 1871 oo
1756 1816 1802 1886 ao,

182 1903 265 1977 Apud
289 1903 442 1976 spoletum,
458 1903 557 1958 natalis
572 1902 645 1959 beati
661 1903 756 1960 Sabini
771 1905 902 1977 episcopi,
919 1908 1101 1980 Exuperantii
1117 1916 1144 1964 et
1159 1908 1279 1966 Marcelli
1295 1910 1488 1979 diaconorum,
1510 1920 1536 1966 et
1559 1912 1724 1970 Venustiani
1741 1930 1804 1970 cum

140 2006 233 2049 uxore
247 1999 274 2048 et
286 1991 360 2060 liliis,
377 1992 428 2047 sub
441 1992 609 2047 Maximiano
625 1993 799 2065 imperatore.
816 1995 859 2049 Ex
873 1995 974 2067 quibus
988 1995 1134 2053 Marcellus
1149 2005 1176 2053 ct
1191 1999 1396 2070 Exuperantius
1420 2001 1509 2072 primo
1533 2003 1650 2073 equuleo
1667 2003 1805 2074 suspensi·

141 2082 209 2142 dein
224 2085 343 2140 fustibus
354 2084 474 2155 grai-iter
490 2084 632 2153 macerati,
646 2093 707 2156 post
721 2084 831 2157 ungulis
844 2086 945 2153 sinaei,
960 2095 987 2142 et
1005 2088 1121 2144 laterum
1137 2087 1283 2144 adustione
1297 2091 1391 2157 assati,
1405 2091 1570 2163 martyrium
1581 2093 1802 2163 compleverunt.

142 2178 332 2235 venustianus
345 2185 437 2232 autem
450 2193 505 2232 nou
525 2179 613 2233 multo
627 2186 697 2249 post,
713 2194 768 2232 una
782 2194 845 2233 cum
861 2195 946 2235 uxore
959 2189 986 2237 et
999 2180 1075 2247 filiis,
1088 2180 1179 2251 gladio
1196 2189 1317 2238 necatus.
1330 2182 1447 2237 Sanctus
1462 2198 1527 2237 vero
1536 2182 1656 2237 Sabinus
1671 2190 1732 2256 post
1747 2199 1803 2241 ma·

139 2283 232 2324 uuum
242 2267 478 2323 detruncationem
489 2274 516 2321 et
530 2267 667 2323 diutinam
678 2269 795 2324 carceris
810 2269 1009 2340 religationem,
1021 2269 1054 2323 ad
1070 2277 1185 2323 mortem
1203 2287 1287 2342 nsque
1305 2288 1391 2325 causus
1405 2279 1454 2325 est.
1473 2270 1576 2325 Horum
1591 2270 1681 2344 itaque
1693 2280 1804 2344 marty-

140 2356 229 2424 rium,
240 2358 304 2413 licet
319 2357 430 2412 diverso
444 2356 713 2430 extiterittemporc,
730 2374 785 2413 una
795 2366 888 2413 tamen
901 2358 1033 2415 recolitur
1046 2358 1102 2415 die.
1118 2360 1306 2429 Alexandria,
1324 2362 1412 2418 sancti
1427 2361 1562 2419 Mausueti
1585 2364 1725 2435 martyris,
1739 2381 1802 2420 cum

139 2448 206 2504 aliis
217 2447 322 2506 decem.

912 2610 1029 2667 NOTAE.

179 2757 220 2812 lta
237 2754 360 2823 Protea„
376 2756 526 2822 Heriuien„
547 2760 704 2827 Tornoccn„
720 2758 821 2814 Greocu
837 2766 864 2813 et
879 2759 979 2815 Melon.

751 2937 952 2994 lelthTES
972 2937 1179 2995 theutones.

179 3082 238 3136 Vix
256 3079 362 3153 aliquid
376 3079 551 3139 intercilatos
562 3099 612 3155 pro
625 3091 703 3139 textu
718 3083 826 3139 codices
842 3091 940 3139 notatu
954 3087 977 3145 Β
992 3084 1075 3156 idque
1090 3085 1123 3139 acl
1138 3100 1233 3139 sensus
1247 3083 1418 3153 exigentiam
1431 3082 1517 3153 magis
1535 3082 1646 3137 videtur
1657 3082 1799 3150 accedere,

138 3151 261 3223 dignum
273 3152 402 3207 occurrit.
413 3156 605 3226 Ecutperontii
611 3156 707 3212 scribit
718 3157 869 3211 llomanum
882 3172 940 3226 par·
1014 3156 1121 3210 naumis
1137 3163 1265 3209 neutrum
1280 3155 1345 3208 satis
1365 3155 1466 3209 claram
1482 3152 1717 3208 constructionem
1734 3153 1796 3208 red-

140 3239 223 3291 vum,
240 3222 300 3278 Ado
316 3224 507 3294 desperanda
526 3227 611 3296 irrajor
634 3244 695 3298 pars
713 3228 836 3282 Adonem
852 3227 941 3299 sequi·
995 3171 1052 3292 iat,
1070 3243 1151 3298 quarn
1166 3227 1194 3280 in
1209 3227 1318 3282 Molnno
1333 3224 1424 3280 rninus
1438 3225 1521 3280 etiam
1538 3224 1663 3280 invenies
1676 3239 1794 3296 percer-

138 3301 199 3359 tur‚
215 3302 242 3349 et
263 3295 303 3349 sic
317 3295 344 3348 iu
359 3304 436 3351 textu
452 3306 601 3353 servatum.
632 3299 825 3370 delegationem
847 3299 941 3369 legunt

136 3365 276 3422 Munerat.
302 3373 329 3421 et
357 3367 495 3435 Greren.;
524 3370 706 3440 religationem
721 3369 823 3424 habent
839 3369 939 3437 ceteri,

994 3297 1060 3351 ceris
1074 3298 1268 3352 revelationem.

815 3536 1118 3595 obsunvarloi'us

173 3683 204 3738 lu
232 3680 289 3738 s'ola
316 3681 387 3738 serie
402 3690 496 3737 nostra
511 3679 569 3736 noti
595 3687 659 3736 sunt
676 3689 821 3754 martyres,
849 3683 937 3754 prima

134 3759 230 3809 textus
240 3753 504 3809 commemoratione
518 3751 632 3807 laudati.
650 3753 802 3809 llotrianum
820 3770 936 3825 parrum

134 3831 297 3880 caeterorurn
321 3825 516 3895 antesignanus
530 3824 638 3894 preivit
653 3824 705 3880 hoc
735 3826 817 3880 inodo
832 3844 837 3881 :
855 3826 937 3893 apae

135 3896 282 3967 spoletum,
301 3895 393 3952 Sahirti
407 3895 531 3967 episcopi,
545 3895 741 3964 Exsupernnlt'i
757 3903 780 3950 et
802 3897 933 3964 Marcelli,

133 3972 159 4020 et
178 3966 331 4023 Venusliuni
341 3985 399 4021 crim
412 3984 496 4020 acore
512 3972 536 4019 et
560 3966 635 4035 filiis,
661 3966 707 4035 qui
721 3967 793 4035 possi
817 3983 855 4020 vu
872 3968 936 4022 idus

133 4035 295 4106 Decembris,
310 4037 475 4106 festivitatem
504 4033 647 4107 sepulturae
669 4037 763 4090 talem
779 4039 933 4093 111Kulenel.

132 4108 273 4164 donatarii.
290 4111 354 4166 llaec
368 4110 406 4164 ita
422 4107 615 4180 compendiose
629 4107 723 4175 relata,
737 4124 799 4164 cum
817 4109 935 4179 vulgatis

131 4178 213 4236 Actis
227 4197 283 4236 non
311 4181 427 4236 omnino
442 4181 620 4237 concordant.
649 4178 729 4235 Vidit
752 4177 819 4250 ipsa,
839 4180 934 4250 procul

131 4249 231 4319 duhio,
242 4251 626 4325 martyrologusVicnnensis,
640 4249 712 4306 uude
722 4251 842 4322 elogium
853 4251 934 4322 paulo

130 4318 294 4379 distinctius
310 4326 448 4396 magisque
462 4323 594 4379 diliusum
610 4323 743 4390 extraxit,
756 4322 874 4378 necdum
894 4330 932 4376 ta·

130 4407 197 4448 men
208 4394 248 4450 ita
261 4406 433 4462 accuratum,
451 4402 480 4450 ul
495 4395 599 4459 onrriia,
616 4409 676 4464 quac
686 4393 856 4449 controverti
874 4411 932 4464 pos-

129 4472 208 4532 sunt,
219 4466 286 4520 satis
296 4467 369 4521 clare
384 4467 513 4537 explicet.
539 4464 679 4520 Usuardus
694 4465 844 4534 longiorem
860 4464 932 4520 ailo·

991 3683 1105 3739 antistes
1120 3680 1213 3749 luerit,
1229 3681 1276 3754 qui
1299 3689 1329 3735 ut
1344 3689 1507 3742 caeterorum
1532 3679 1691 3751 primipilus
1707 3681 1793 3753 poni-

992 3762 1037 3809 tur
1066 3754 1179 3810 Soht'nus
1198 3770 1246 3809 seu
1280 3752 1394 3809 Serninus
1412 3751 1558 3822 episcopus,
1589 3752 1699 3807 tametsi
1719 3753 1793 3809 ultro

991 3826 1126 3881 fateamur
1145 3825 1248 3897 Spoleti
1270 3824 1402 3895 martyrio
1415 3832 1576 3879 coronatum
1592 3839 1659 3879 esse.
1687 3825 1725 3879 De
1741 3824 1792 3879 Ve-

991 3900 1120 3952 nustiano
1136 3913 1217 3969 agona
1234 3895 1447 4023 Papebrochius,
1464 3894 1509 3950 die
1523 3910 1608 3966 qratia
1631 3892 1792 3951 Tudertinis

990 3970 1101 4036 colitur,
1119 3986 1188 4023 xrru
1208 3969 1274 4040 Apri
1289 3969 1322 4036 is,
1343 3967 1478 4022 nonnulla
1497 3966 1525 4020 in
1547 3966 1666 4038 vulgatis
1683 3965 1790 4037 pridem

989 4039 1067 4094 Actis
1085 4040 1197 4111 reperit,
1213 4055 1273 4110 quae
1289 4039 1398 4094 diversa
1411 4055 1427 4093 a
1438 4038 1557 4093 Baironio
1572 4038 1617 4094 ria
1627 4037 1791 4110 exponenda

989 4112 1107 4181 putavit,
1120 4112 1243 4181 ipsorum
1259 4110 1404 4164 veritatem
1420 4126 1592 4182 nequaquam
1613 4109 1787 4183 impugnans.

988 4182 1024 4236 At
1041 4184 1178 4236 recentior
1188 4181 1392 4244 Tillemontius,
1419 4196 1470 4235 nec
1485 4181 1640 4235 baluzianis
1655 4182 1733 4236 Actis
1746 4198 1788 4237 ac·

989 4253 1207 4323 quiescit,.tomo
1218 4251 1250 4317 V,
1264 4266 1323 4321 pag.
1338 4249 1423 4304 botei
1433 4248 1495 4304 604.
1508 4250 1588 4318 plura
1598 4252 1787 4320 accumulans,

988 4323 1088 4394 quihus
1104 4338 1200 4378 eorum
1215 4320 1297 4376 fidem
1314 4319 1475 4375 labefactare
1489 4327 1613 4374 conatur.
1640 4320 1700 4375 Non
1716 4320 1786 4376 diffi-

987 4394 1075 4460 tebor,
1109 4408 1252 4448 occurrere
1271 4392 1381 4463 aliqua,
1417 4406 1477 4472 quaa
1497 4389 1625 4445 criticum
1655 4391 1786 4447 lectorem

987 4465 1086 4520 merito
1104 4470 1293 4529 remorentus;
1324 4462 1371 4516 sed
1390 4477 1452 4533 quis
1478 4460 1590 4528 nesciat,
1618 4461 1686 4516 Acta
1702 4461 1786 4516 etiam

130 4534 176 4590 uis
192 4537 344 4592 orationem
358 4537 386 4592 in
400 4539 550 4608 elegantem
562 4537 701 4607 epitomen
715 4535 850 4606 redigens,
863 4552 929 4590 non·
946 4538 971 4600 C
985 4551 1068 4590 aurea
1080 4535 1164 4591 uaevis
1184 4534 1250 4589 hinc
1261 4532 1324 4588 inde
1335 4548 1389 4588 non
1406 4549 1508 4597 carere,
1520 4531 1671 4603 prasertim
1682 4533 1712 4586 iu
1730 4548 1786 4587 no-

130 4607 211 4661 nulla
223 4607 346 4665 studiose
360 4607 471 4676 vitarit,
486 4624 546 4680 quta
563 4608 591 4661 in
606 4606 668 4661 aliis
687 4607 798 4678 pariunt
812 4606 929 4663 difficul-

129 4683 212 4743 tates,
238 4694 294 4734 nou
321 4681 391 4734 male
417 4697 433 4735 a
457 4679 612 4737 Castellano
638 4677 667 4733 in
686 4678 809 4751 apposita
835 4678 931 4734 notula

128 4749 300 4821 explanatas.
317 4751 440 4818 Constat,
459 4768 513 4805 non
527 4765 592 4816 una,
610 4765 661 4804 nec
683 4750 798 4804 omnino
822 4748 929 4804 conlor·

128 4820 197 4888 mia,
209 4822 385 4893 prelatorum
398 4831 550 4895 martyrum
562 4820 710 4876 Actaedita
722 4837 789 4876 csse.
801 4819 929 4876 Dubitari

128 4905 186 4946 nou
215 4900 306 4963 potest
333 4893 424 4966 quini
445 4910 474 4948 sa
495 4893 681 4964 manuscripta
705 4893 832 4948 habuerit
847 4893 928 4948 Baro

125 4961 205 5030 nius,
228 4980 292 5019 curn
308 4964 337 5020 iu
350 4910 504 5020 Annaiihus
526 4964 559 5019 ad
575 4980 676 5018 annum
693 4981 761 5032 ccci,
788 4981 865 5020 num.
883 4965 926 5033 18,

124 5033 308 5101 messana
322 5037 461 5108 predicet,
478 5052 586 5106 puoeprte
600 5036 752 5090 adverbum
770 5036 822 5089 rint
834 5036 927 5090 nierito

124 5106 306 5161 noensendo:
332 5109 445 5176 utinam,
475 5108 613 5180 inquiens,
633 5107 700 5159 sicut
725 5107 824 5177 fidelia,
848 5108 883 5160 ito
899 5107 927 5160 in

123 5177 251 5232 omnibus
265 5178 369 5249 integra
392 5179 588 5250 reperissemus,
610 5183 633 5230 et
651 5195 746 5247 eoquo
771 5185 831 5231 sltttl
844 5184 926 5248 emptu

123 5247 252 5317 madore,
295 5251 379 5304 ariter
394 5252 524 5306 absoluto.
554 5248 691 5315 Pleniora,
707 5259 732 5304 et
757 5248 826 5303 lorte
840 5249 927 5303 since-

123 5317 203 5374 riora
231 5266 355 5391 unigenit
383 5321 417 5377 V.
434 5323 464 5379 d.
490 5321 643 5392 Stephanus
670 5320 887 5375 Baluziustomo
903 5321 926 5375 ll

123 5388 256 5460 Miscell,
272 5408 288 5446 a
320 5409 335 5446 a
356 5436 361 5447 .
378 5392 424 5460 47,
435 5393 502 5448 alibi
517 5409 533 5446 a
548 5393 627 5446 nohis
645 5392 786 5450 laudatus:
804 5392 832 5445 in
850 5391 927 5445 Notis

122 5476 189 5534 pag.
202 5461 255 5520 465
267 5409 456 5530 inciuiitanter
465 5481 598 5528 asserens,
608 5463 786 5517 sincerissima
796 5462 926 5532 etoptimo

121 5546 185 5589 esse
199 5541 224 5588 el
237 5535 266 5589 di
335 5552 393 5605 quoe
413 5536 519 5590 veniont
536 5536 562 5588 in
576 5552 669 5588 tltttttlts
684 5534 817 5587 homirnam
841 5534 927 5587 erudi-

96 5608 227 5662 ·torum.
257 5551 369 5678 fficio
395 5622 450 5662 uon
470 5613 542 5663 recte
571 5622 586 5660 a
612 5606 806 5675 martyrologis
826 5605 928 5658 nostris

124 5682 241 5733 motos
258 5676 312 5734 hos
325 5693 420 5735 omues
443 5676 568 5745 attribui,
585 5693 620 5732 ex
640 5677 717 5732 Actis
732 5675 799 5747 ipsis
815 5675 928 5730 manile·

124 5753 206 5806 tium
219 5755 282 5818 θεὴ
295 5763 385 5822 neque
398 5766 434 5807 ex
446 5749 545 5808 iisdem
554 5749 620 5806 satis
634 5748 750 5816 eruitur,
766 5747 845 5819 cujus
853 5745 928 5803 urbis

985 4607 1108 4663 minibus
1123 4606 1252 4678 propriis,
1268 4604 1432 4677 quandoque
1446 4603 1593 4671 contortis,
1607 4612 1665 4672 aut,
1677 4619 1740 4660 cum
1755 4603 1785 4660 iu

984 4678 1107 4751 antiquis
1121 4676 1289 4733 membranis
1303 4692 1379 4731 erasa
1393 4675 1508 4742 luerint,
1526 4675 1597 4730 male
1623 4675 1782 4803 suppositis.

985 4749 1064 4807 Corte
1075 4758 1115 4804 tot
1127 4749 1261 4821 simplicis
1277 4747 1443 4805 sinceritatis
1459 4747 1540 4816 radii,
1558 4748 1630 4803 inter
1644 4765 1660 4804 0
1680 4747 1785 4804 scurio-

984 4837 1026 4876 res
1040 4822 1190 4877 nubeculas
1204 4822 1233 4877 in
1248 4823 1343 4877 oculos
1358 4820 1515 4888 incurrunt,
1531 4828 1562 4874 ut
1578 4820 1687 4876 laudata
1702 4819 1781 4887 Acta,

983 4886 997 4947 a
1013 4892 1184 4950 Tillemontii
1199 4909 1324 4959 censura,
1348 4909 1395 4963 per
1408 4908 1458 4947 uos
1478 4894 1522 4947 vel
1542 4907 1711 4948 successores
1725 4907 1782 4945 no-

982 4973 1052 5020 stros
1067 4965 1215 5038 aliquando
1229 4965 1400 5020 vindicatum
1417 4965 1462 5032 iri,
1480 4980 1535 5018 non
1559 4963 1693 5028 diffidam,
1704 4960 1783 5039 quid·

982 5037 1049 5108 quid
1063 5036 1097 5091 ab
1120 5037 1154 5091 iis
1169 5037 1345 5092 abhorruisse
1369 5034 1495 5090 rideatur
1516 5034 1687 5098 Ruiuartius,
1703 5048 1783 5102 cujus

983 5107 1103 5162 instituti
1134 5117 1201 5174 erat,
1234 5124 1264 5162 ea
1284 5108 1341 5162 sola
1370 5108 1438 5161 Acta
1458 5105 1589 5178 prolerre,
1617 5119 1678 5182 quaa
1698 5118 1783 5182 neela

981 5179 1124 5234 Dodwello
1141 5195 1190 5232 nec
1203 5195 1219 5232 a
1232 5178 1330 5249 quovis
1342 5177 1481 5244 heretice,
1495 5184 1673 5246 quantumvis
1692 5182 1781 5244 perti-

982 5249 1054 5315 naci,
1072 5250 1099 5302 in
1115 5249 1231 5304 dubium
1246 5248 1366 5303 rovocari
1383 5255 1503 5318 possent.

1017 5320 1107 5375 Adcini
1125 5336 1266 5391 perperam
1289 5320 1356 5374 olim
1379 5318 1496 5389 ascripta
1515 5322 1572 5370 erat
1599 5331 1626 5369 se
1648 5330 1714 5369 treus
1733 5330 1780 5371 an·

982 5392 1120 5447 nuntiatio
1135 5409 1140 5445 :
1157 5393 1221 5446 item
1235 5391 1263 5444 in
1285 5391 1373 5444 insuto
1390 5391 1456 5459 Ope,
1472 5394 1624 5442 scrutor-mn
1650 5387 1780 5456 dormio,

984 5465 1084 5531 Sereni,
1108 5463 1199 5527 Pauli,
1216 5461 1350 5531 Stephani,
1376 5460 1492 5529 Pupieni
1515 5464 1538 5512 et
1554 5459 1629 5525 Clcli,
1645 5474 1661 5512 a
1676 5457 1781 5514 Musau-

982 5534 1032 5590 dro
1046 5552 1093 5606 per
1108 5532 1268 5589 asteriscum
1283 5530 1424 5597 distincta,
1441 5546 1455 5583 a
1470 5531 1623 5601 Rosweydo
1638 5530 1667 5584 iu
1682 5546 1781 5601 appen-

983 5605 1072 5662 dicem
1086 5605 1194 5676 rejecta.
1208 5604 1276 5658 ltcm
1289 5619 1322 5657 ex
1337 5619 1387 5658 viu
1402 5601 1506 5672 Aprilis
1528 5601 1631 5657 frustra
1648 5601 1783 5674 repetitus

983 5678 1019 5730 Pe
1054 5683 1128 5730 etuus
1146 5675 1315 5730 Turonensis.
1330 5673 1401 5730 Male
1415 5689 1556 5729 connexos
1570 5690 1632 5729 cum
1642 5673 1783 5729 Florentio

983 5695 1086 5818 iuffya
1101 5746 1191 5802 insula
1205 5745 1304 5814 socios,
1320 5744 1515 5802 Alexandriam
1537 5744 1644 5802 reducit
1659 5753 1686 5800 et
1701 5744 1783 5801 blan-
