3834 6136
534 219 852 285 mendosumve.
874 257 909 271 -
928 227 1033 287 MENS.
1056 228 1137 286 oct.

110 344 239 405 Severini
249 345 381 418 episcopi.
394 345 807 419 EodemdiecivitateCelonia,
824 353 848 414 Α
863 350 1660 428 positiosanctiWandeliniconfessoris'l'rererensis,cujns

111 425 271 476 sanctarum
281 417 391 473 milium
401 418 554 489 virginum,
565 435 682 492 quapro
692 422 808 494 virgini-

96 489 253 556 nttstantia,
271 489 406 561 martyrio
418 490 504 545 vitam
514 500 800 548 consummaverunt.»

96 576 170 618 tum:
198 560 302 615 «Nota.
319 559 451 616 Undecim
470 561 588 617 millium
604 563 744 636 virginum
760 582 808 619 re-

96 631 238 690 tductris
254 631 309 686 fuit
321 631 400 687 beata
415 632 523 699 Ursule,
547 635 645 691 Deneti
661 636 732 706 regis
746 636 806 692 Bri·

96 726 99 760 ι
114 702 186 771 lilia,
200 702 365 784 desponsata
379 702 491 759 Conano
506 705 562 775 regi
587 706 805 776 Armoriccrum,

96 774 215 832 itauniae
227 774 354 830 minoris.
367 774 430 830 llaec
439 791 534 830 omnes
542 776 664 847 virgines
672 794 735 833 cum
744 779 807 835 aliis

96 846 171 914 reris,
186 845 221 901 ad
247 846 319 918 ipsas
337 846 550 913 confluentibus,
571 864 587 901 a
607 848 643 904 ud
661 848 805 905 Coloniam

96 917 140 975 rio
152 924 291 975 coronatae
303 924 370 972 suot
387 919 430 987 (ut
444 918 472 972 in
488 917 570 990 gestis
584 864 729 974 Eritnnum
741 920 805 992 legi·

96 1004 206 1065 empore
221 988 346 1044 Gratiani
361 989 546 1060 imperatoris,
561 990 609 1062 qui
624 991 708 1063 cnspit
732 1007 805 1048 anno

96 1059 363 1118 {inaccusabilis
377 1060 452 1114 aliud
467 1059 588 1116 videtur,
604 1086 613 1107 ι
632 1060 804 1119 Condercum

96 1149 147 1189 err.
172 1131 370 1188 huneco-Cen.
394 1156 403 1177 ι
423 1130 465 1185 Ad
493 1148 608 1204 quarum
631 1133 803 1189 sanctitatem

96 1203 252 1261 sudandam
263 1217 318 1258 non
329 1201 412 1257 modo
423 1204 604 1271 consuetudo,
615 1220 710 1259 verum
721 1205 803 1260 etiam

96 1274 277 1331 >nsuetudine
303 1281 504 1329 sacramentum
531 1275 656 1343 inolevit,
676 1283 708 1329 ut
731 1276 804 1332 intra

96 1362 139 1403 am
154 1345 301 1417 virginalis
316 1346 474 1416 sepulturae,
488 1361 570 1401 nemo
584 1345 745 1418 cujusquam
757 1346 802 1401 de-

112 1416 214 1485 audeat
240 1430 341 1486 corpus
361 1416 472 1471 inferre.
493 1417 617 1472 Fuerunt
632 1424 724 1472 autem
738 1434 801 1473 cum

96 1480 193 1545 {inula
204 1487 447 1558 superexercitum
456 1488 587 1558 virgines,
599 1494 727 1561 quatuor,
738 1504 802 1615 qua·

96 1556 291 1616 nminasuntP
313 1573 407 1626 nnasa,
418 1559 546 1626 Cordule,
559 1559 730 1627 Eleutheria‚
764 1561 802 1615 lo·

96 1575 513 1700 ..Pustbasumiecimsingulae
524 1631 645 1685 millenis
675 1639 799 1698 ruerant,

132 1699 191 1756 hec
200 1700 386 1756 suntnomina
399 1718 404 1754 τ
417 1700 478 1755 lota
492 1700 624 1772 Benigne,
634 1647 671 1757 Gi

96 1770 150 1839 rtis,
163 1770 350 1852 Carpophoro,
367 1771 512 1838 Columba,
524 1771 682 1837 Benedicta,
694 1771 800 1839 Odilie,

96 1840 274 1910 bissinus,
286 1842 442 1898 Luca.llem
451 1842 533 1898 Nicea
546 1842 687 1909 Bithiniae,
695 1851 800 1898 sancto·

96 1911 456 1982 acherii,Proculi,hlodesti
465 1913 713 1968 csvrrraliiscunxsrs
726 1914 800 1969 blau·

96 1984 216 2057 episcopi
223 1984 437 2040 Massiliensiset
446 1984 732 2052 confessoris.Severi,
745 1985 799 2054 epi-

96 2054 267 2111 l'reverensis
282 2063 309 2109 et
326 2056 500 2112 confessuris.
517 2055 683 2110 Monasterin
699 2056 800 2111 Fonti-

96 2126 174 2184 ancti
185 2125 300 2183 Condeli
309 2127 493 2198 presbyteriet
500 2126 746 2181 confessorisltem
755 2126 799 2180 de·

863 423 961 479 merita
982 423 1022 478 fre
1043 423 1172 479 uentibus
1191 421 1351 495 panduntur
1380 423 1531 480 miraculis.
1557 427 1658 484 Malchi

862 494 1000 552 monachi.
1024 439 1056 550 in
1076 494 1219 576 llibernia,
1242 493 1354 551 Nummi
1375 495 1552 552 contessoris.
1576 498 1658 570 Apud

862 566 952 622 Burde
970 566 1046 632 alim,
1060 568 1200 622 civitatem
1211 565 1377 638 Aquitaniae,
1387 566 1659 625 solemnismemoria

861 636 934 694 beati
949 583 1086 705 imerici,
1101 636 1275 693 Coloniensis
1288 636 1488 709 archiepiscopi
1503 645 1531 693 et
1545 639 1660 695 nonies-

861 708 941 765 seris.
957 708 1077 766 Ciuitate
1090 708 1234 774 diddensi,
1248 715 1348 763 sanctae
1361 708 1464 767 Celinae
1484 709 1610 780 virginis.
1625 712 1658 766 ln

860 787 951 836 castro
972 779 1160 845 Landunensi,
1182 786 1283 836 sancte
1308 778 1426 847 Cilinie,
1451 780 1547 836 metris
1570 781 1656 837 sancti

860 851 978 933 Remigii
1003 852 1171 908 Francorum
1192 851 1320 923 apostoli.
1351 875 1361 898 ·
1382 851 1442 906 lam
1462 851 1658 925 sepiussupra

860 929 1024 1049 witigim:
1048 992 1250 1119 ‹Burdeqaliaq
1270 993 1358 1049 saneti
1378 992 1503 1049 Severini
1523 994 1656 1066 episcopi.

894 1064 999 1120 Eodem
1013 1063 1068 1131 die,
1085 1065 1115 1119 in
1126 1064 1165 1122 Cn
1177 1065 1241 1119 onia
1251 1063 1456 1136 Agrippinensi,
1471 1071 1650 1121 sanctarum·

859 1142 911 1191 etc.
920 1136 1088 1191 utRnumus.
1101 1152 1106 1190 :
1123 1134 1213 1191 «Idem
1224 1135 1254 1191 iu
1263 1143 1352 1192 castro
1361 1136 1546 1203 laudunensi,
1555 1144 1656 1192 sanctes

859 1205 979 1274 Ciliciae,
994 1207 1091 1261 matris
1106 1205 1177 1261 beati
1198 1206 1325 1277 Remigii,
1343 1207 1491 1262 Remorum
1515 1206 1657 1277 archiepi-

858 1279 944 1349 scopi.
964 1277 1063 1334 Meldis
1074 1276 1197 1342 civitate,
1214 1284 1314 1332 sanctae
1330 1276 1436 1332 Ediniae
1451 1275 1577 1348 virginis.
1594 1278 1655 1348 Ipso

857 1348 912 1416 die,
927 1349 1060 1403 transitus
1069 1348 1156 1403 sancti
1167 1346 1327 1404 wandelini
1342 1347 1515 1402 confessoris.
1531 1369 1541 1394 ι
1568 1346 1655 1402 bline-

857 1419 961 1474 ribust
1001 1418 1024 1474 is
1038 1417 1160 1473 additur.
1183 1417 1393 1483 «treverensis,
1415 1415 1495 1474 cu'ns
1513 1417 1621 1485 merita,
1639 1442 1648 1466 ·

857 1498 909 1544 etc.
921 1496 953 1545 nt
972 1491 1088 1545 laevus.
1108 1487 1239 1554 ‹Malchi,
1251 1487 1389 1544 monachi.
1401 1433 1506 1544 Roiem
1514 1487 1569 1555 die,
1581 1487 1654 1545 beati

856 1559 1008 1627 Wimnnis,
1024 1560 1181 1615 Bremensis
1203 1559 1336 1632 episcopi,
1360 1558 1408 1631 qui
1424 1558 1510 1615 Bireae
1526 1558 1653 1631 quiescit.

856 1630 1001 1687 Editicnes
1015 1631 1086 1698 alie,
1102 1630 1136 1684 de
1157 1629 1310 1697 Ursulanis,
1332 1637 1469 1700 utsupra.
1486 1631 1526 1686 De
1541 1629 1652 1698 Cilima,

669 1701 797 1769 amentia,
817 1710 840 1770 Β
857 1702 981 1773 Remigio
995 1700 1076 1757 datur
1091 1701 1188 1755 titulus
1202 1702 1369 1756 Francorum
1386 1701 1510 1772 apostoli.
1533 1699 1654 1757 «Meldis

855 1772 981 1840 civitate,
994 1780 1094 1827 sancta
1109 1771 1222 1828 Celiniae
1233 1772 1359 1843 virginis.
1372 1772 1402 1826 ln
1411 1770 1513 1837 Sithiu,
1527 1771 1653 1827 inventio

856 1843 943 1898 saneti
958 1841 1135 1898 Andomarie
1156 1841 1241 1913 iscopi
1256 1841 1430 1899 Norinensis.
1447 1866 1457 1890 ι
1477 1843 1593 1897 Demum
1603 1841 1654 1898 mi·

855 1914 972 1969 neribus
990 1913 1081 1985 typis:
1102 1935 1111 1958 ι
1128 1858 1224 1980 iisne,
1241 1912 1313 1968 beati
1329 1912 1479 1980 Wimnnis,
1495 1912 1653 1969 Bremensis

854 1984 946 2055 episcc
966 1983 986 2051 i,
1006 1984 1052 2057 qui
1077 1982 1177 2039 Gothis
1197 1982 1313 2039 verbum
1332 1983 1382 2038 Dei
1405 1981 1601 2054 predicavit.»
1628 1982 1653 2036 Α

855 2001 1012 2113 Casteliane
1025 2062 1140 2110 vocatur
1159 2054 1242 2121 Vimo,
1258 2053 1330 2135 dall.
1346 2053 1470 2122 Guimcu,
1495 2052 1653 2126 diciturque

854 2126 939 2181 luisse
952 2126 1052 2182 tertius
1066 2125 1221 2181 Bremensis
1234 2140 1389 2197 ep1sccpus.

96 2308 111 2367 d

96 2350 339 2470 laurianopolim
357 2397 492 2468 Threciae,
504 2401 605 2457 natalis
616 2409 774 2457 sanctornm
788 2409 945 2471 martyrum
956 2399 1078 2473 Philippi
1094 2398 1227 2472 episcopi,
1242 2397 1356 2454 Rusebli
1374 2405 1401 2454 et
1416 2396 1563 2454 Hermetis.
1579 2401 1649 2456 Item

1534 2311 1586 2367 Die
1601 2311 1648 2366 22.

96 2485 166 2543 larci
175 2486 309 2559 episcopi,
324 2486 471 2543 clarissimi
483 2496 510 2543 et
520 2488 674 2545 doctissimi
684 2490 750 2557 viri,
762 2489 809 2562 qui
823 2487 930 2559 primus
941 2486 1112 2561 exgentibus
1126 2485 1270 2545 ecclesiam
1284 2486 1542 2559 Hiemsolymnrnm
1552 2502 1649 2543 snsce-

96 2574 207 2646 endam,
222 2591 255 2633 ac
270 2592 326 2632 non
342 2576 429 2633 mullo
445 2585 505 2648 post
520 2578 646 2651 martyrii
663 2578 768 2635 meruit
783 2581 913 2652 palmam.
929 2580 997 2636 ltem
1013 2589 1114 2637 sancta
1130 2579 1258 2645 Salomae,
1276 2594 1337 2652 quae
1348 2577 1377 2633 in
1388 2576 1540 2649 Evangelio
1549 2576 1649 2649 legitur

96 2664 194 2723 lumini
207 2666 378 2737 sepulturam
393 2666 523 2723 sollicita.
535 2669 566 2723 ln
577 2667 690 2724 civitate
701 2667 781 2736 Osca,
796 2676 956 2725 sanctarum
967 2669 1110 2741 virginum
1121 2664 1270 2723 Nunilnnis
1284 2673 1312 2721 et
1321 2664 1437 2732 Elodiae,
1451 2680 1511 2736 que
1525 2679 1575 2736 pro
1584 2680 1648 2721 cnn-

96 2770 114 2812 ο
127 2752 231 2813 Christi
247 2754 358 2812 diutina
370 2755 496 2812 custodia
516 2766 658 2813 maceratae
672 2774 703 2814 ac
717 2758 829 2829 capitali
845 2758 983 2817 sententia
998 2758 1113 2831 punitae,
1130 2756 1297 2829 martyrium
1312 2755 1498 2812 celebrarunt.

767 2888 886 2946 NOTAE.

96 2989 184 3039 ouant
205 2981 312 3040 codices
333 2984 426 3052 multi,
446 2991 477 3039 ut
498 2985 619 3055 Prolem,
635 2987 786 3055 Hesionen„

96 3052 219 3126 pallui,
229 3055 355 3128 esterp.
365 3064 392 3113 el
402 3057 598 3125 Mum-Lethen,
609 3058 697 3114 Belin.
702 3100 710 3126 ,
724 3059 787 3113 Gre-

841 3004 898 3043 een.
922 2994 950 3043 et
970 2987 1074 3044 Melan.
1101 2987 1169 3041 ltem
1194 3000 1230 3042 ex
1243 2985 1478 3055 dulcere-dine„
1496 2982 1648 3055 Ultrnjeet„

843 3059 968 3130 Leyden„
983 3057 1144 3126 Lucentem,
1160 3056 1301 3128 Albergen.
1317 3065 1345 3113 et
1355 3056 1452 3112 Denic.

600 3189 803 3248 VARlANTES
823 3189 1031 3249 LECTIONES.

104 3284 153 3361 qni
167 3286 289 3343 scribent
299 3286 515 3358 Hadrinopolim,
527 3296 558 3343 ut
567 3287 676 3342 Praten.
692 3295 719 3342 et
730 3287 786 3343 llio-
801 3290 822 3350 c
838 3287 953 3354 Aledie,
965 3294 996 3342 nt
1006 3287 1122 3342 omnino
1136 3285 1313 3342 scribendum
1330 3284 1409 3341 docet
1418 3285 1578 3342 Memoriale
1591 3285 1645 3341 Eu·

96 3356 159 3415 steri
169 3356 465 3430 simpliciter,excepto
475 3359 583 3425 Belius,
593 3358 642 3431 qui
655 3358 721 3431 legit
730 3358 784 3414 An·

96 3428 174 3486 meu.
187 3430 228 3485 De
246 3428 358 3493 Trucise,
374 3430 438 3484 ilem
454 3430 702 3495 Hiernsclimcrum,
718 3438 783 3497 etc,

97 3498 174 3573 plius
191 3500 300 3583 loquor.
317 3500 369 3553 l‘rn
383 3501 528 3554 doctissimi
537 3500 619 3555 habet
633 3503 784 3571 Amnem.-

96 3572 256 3640 malr'ssims;
272 3570 485 3642 Antuerp,-lllaj.
502 3587 564 3626 eum
589 3578 670 3626 vocat
685 3571 781 3626 Murci.

96 3658 120 3716 p.
135 3641 319 3699 llam-Lubec
328 3651 355 3697 et
365 3643 531 3698 recentiores
539 3658 634 3698 omnes
646 3642 783 3710 scribunt,

96 3685 215 3771 uitium
240 3714 380 3785 Nusquam
403 3720 480 3769 tauta
503 3715 621 3770 variatio
636 3721 739 3785 quanta
756 3714 784 3768 in

96 3784 262 3852 thniInnis,
298 3801 328 3839 ro
339 3801 393 3856 quc
406 3786 539 3856 scriptum
550 3786 675 3853 invenio,
688 3786 784 3840 biunn-

96 3854 237 3920 duiienis,
283 3855 408 3922 alitteris,
429 3857 592 3922 Nomionis,
611 3856 784 3921 Numilinnis‚

96 3924 154 3995 mss,
168 3926 345 4008 dipmilionis,
367 3927 525 3991 Missilionis,
541 3927 663 3982 Milionis
676 3936 704 3982 et
718 3926 786 3999 quid

96 3994 188 4071 leliqui
199 4013 229 4052 tn
249 4004 327 4052 textu
343 3997 458 4062 Bisdina,
471 3995 544 4068 quod
560 3997 600 4052 ita
612 3996 732 4054 babeant
741 4014 786 4053 co-

96 4082 184 4137 mnea,
195 4077 310 4140 excepto
330 4068 389 4124 solo
403 4068 523 4136 Melane,
540 4068 588 4140 qui
605 4075 678 4124 recte
689 4068 788 4125 scribit

839 3358 915 3430 logii.
932 3359 961 3413 ln
975 3356 1229 3439 Antnerp.-lllaj0re
1239 3373 1295 3411 non
1308 3356 1378 3412 bene
1388 3355 1645 3426 exprimitnrcustu

838 3429 884 3484 dic
899 3434 1049 3496 macerate,
1059 3435 1087 3483 at
1101 3444 1187 3493 magis
1205 3427 1300 3484 deficit
1311 3426 1435 3494 Relinus,
1455 3425 1578 3499 phrasim
1587 3443 1645 3482 mu·

838 3501 923 3555 tilans
942 3498 995 3556 boc
1010 3498 1113 3555 modo:
1131 3498 1279 3556 Mulincm's
1293 3504 1317 3553 et
1326 3497 1454 3563 Zoledie,
1465 3514 1524 3570 que
1535 3498 1647 3570 capituti

839 3570 969 3627 sententie
990 3570 1105 3641 punite,
1125 3569 1289 3642 martyrium
1308 3575 1573 3634 eonsumnmuerunt;
1596 3569 1644 3624 ubi

839 3644 920 3713 plane
934 3641 1034 3698 desunt
1047 3640 1107 3698 bec
1123 3640 1223 3697 verba:
1240 3642 1363 3712 quoeprc
1373 3639 1533 3710 consessione
1544 3640 1645 3697 Christi

839 3713 945 3769 diutine
963 3713 1089 3768 custodia
1111 3718 1261 3778 macerate,
1283 3720 1335 3768 etc.
1361 3711 1479 3768 Greren.
1500 3718 1527 3766 et
1540 3711 1643 3768 Nolan.

840 3801 889 3856 pre
904 3784 1077 3840 celebrarunt
1089 3791 1197 3854 ponunt
1206 3783 1413 3838 celebraverunt.
1429 3783 1483 3839 Sex
1497 3782 1591 3838 ultimi
1601 3799 1645 3839 cn·

839 3856 926 3923 dices,
962 3871 1013 3912 nos
1029 3856 1125 3912 mediae
1144 3863 1216 3911 note
1231 3870 1375 3921 vocamus,
1390 3854 1418 3909 in
1435 3870 1497 3910 eoa
1518 3853 1644 3925 puriori-

840 3927 892 3983 bus
907 3872 1040 3984 differunt
1053 3927 1128 3999 qued
1138 3926 1286 3983 secundam
1296 3925 1539 3982 annuntiationem
1554 3925 1643 3982 sicin-

841 3997 966 4071 cipiant:
981 3999 1183 4071 Hierosolymis,
1199 3997 1267 4054 hecti
1285 3998 1384 4065 Murci,
1399 4006 1454 4054 etc.

660 4189 962 4250 OBSERVATIONES.

96 4285 197 4361 sicpoli
213 4286 255 4341 vel
265 4286 445 4342 Adrioneuoli
459 4288 586 4357 Thraciae,
596 4288 716 4359 Philippi
725 4289 779 4359 epi-

96 4358 196 4426 hstebii,
212 4358 350 4426 Hermetis,
369 4359 466 4426 Seueri,
484 4359 583 4430 passim
600 4359 693 4428 legunt
707 4375 779 4430 apc-

96 4428 314 4501 iieronymiana
326 4429 397 4501 apud
407 4429 778 4486 FlorentiuiumRincvero·

96 4507 188 4558 tetres
202 4498 306 4571 primns
315 4502 419 4572 accepit
434 4500 503 4568 Ado,
515 4501 561 4572 qui
572 4498 777 4571 conjunctiores

96 4577 165 4637 tum
186 4586 220 4625 ex
236 4571 331 4627 Adone
345 4571 481 4625 verbatim
494 4588 542 4626 stra
556 4571 710 4642 desumpsit
723 4572 776 4626 Nc·

835 4288 903 4344 Acta
916 4289 975 4360 ipsa
995 4287 1070 4343 solus
1093 4287 1166 4342 inter
1190 4285 1396 4357 Martyrolngns
1418 4286 1516 4410 legisse
1530 4286 1643 4367 videtur

836 4360 972 4426 llsbanus,
988 4358 1078 4414 socios
1093 4365 1165 4413 recte
1187 4356 1368 4428 distinguens
1389 4363 1417 4411 et
1461 4362 1640 4421 etermrnans,

832 4447 863 4487 ac
878 4429 963 4485 breve
977 4445 1012 4485 ex
1027 4428 1123 4485 iisdem
1141 4428 1223 4483 ‚lctis
1236 4427 1359 4497 elogium
1375 4433 1525 4483 contexens
1555 4425 1640 4482 Raba-

831 4517 898 4556 num
914 4508 1038 4582 exparte
1052 4498 1181 4570 sequitur
1195 4497 1343 4564 Nolkerus,
1355 4495 1403 4552 sed
1415 4495 1475 4567 ejus
1483 4494 1569 4551 verba
1576 4511 1639 4551 cum

830 4571 985 4628 sidonianis
1000 4584 1142 4642 perperam
1160 4567 1333 4635 commiscet,
1349 4568 1377 4622 in
1394 4566 1580 4623 Kalendarum
1595 4583 1639 4621 or·

96 4640 355 4699 imolccoclassem
371 4643 565 4715 referensque
581 4641 623 4697 illi
638 4650 777 4713 postrema
829 4644 894 4699 dine
913 4642 959 4699 bic
983 4658 1079 4697 rursus
1103 4640 1243 4695 aberrans.
1270 4640 1428 4704 Falluntur,
1451 4638 1561 4710 opinor,
1591 4637 1640 4711 qui

96 4714 187 4771 desero
208 4713 250 4768 vel
275 4713 386 4779 Ser-eris,
411 4713 458 4784 qui
479 4714 550 4768 iorte
573 4713 675 4769 diversi
700 4721 775 4782 sunt,
791 4714 988 4786 DPhilippum
1004 4712 1182 4768 subluliano
1196 4728 1312 4782 agonem
1327 4726 1534 4769 consummasse
1544 4708 1639 4765 existi·

97 4782 231 4841 videntur
240 4784 348 4841 cedices
357 4785 446 4849 citati,
458 4785 564 4841 arunde
573 4784 628 4841 buc
636 4785 777 4840 Eusebium

96 4854 156 4923 int,
171 4855 260 4911 fateor
280 4872 322 4910 me
337 4872 388 4911 nec
403 4854 555 4912 divinando
567 4856 675 4929 assequi
687 4872 776 4929 posse.

109 4926 232 4997 Philippi
246 4924 340 4995 hujus,
352 4943 407 4982 non
419 4927 656 4998 Adrmnopcliteni
671 4928 717 4983 sed
729 4929 777 4983 lle·

96 4997 119 5053 is
131 4996 257 5078 episcopi,
275 4998 363 5053 Seueri
376 4998 522 5069 presbyteri
533 5005 557 5052 et
571 4999 701 5054 Hermetis
712 5001 778 5054 diu-

96 5068 273 5125 nelarisssma
283 5069 352 5125 Acta
363 5068 436 5140 apud
446 5085 496 5124 nos
507 5086 584 5137 mss,
600 5086 616 5124 a
629 5069 778 5125 blabilione

96 5138 310 5195 'Analectnrum
320 5140 442 5210 vulgata,
451 5155 468 5194 a
477 5155 538 5212 pag.
552 5139 611 5208 tet,
624 5147 650 5194 et
660 5139 777 5196 subinde

96 5227 128 5266 ns
151 5226 167 5264 a
193 5210 339 5267 Ruinartio
360 5211 434 5266 inter
457 5211 561 5266 Selecta
585 5220 611 5267 et
633 5211 739 5265 sincera
762 5227 778 5266 a

96 5281 117 5350 l,
132 5280 284 5354 exquibus
299 5280 442 5337 evidenter
455 5290 528 5352 patet
549 5280 708 5352 Philippum
722 5298 778 5337 nen

97 5366 129 5409 os
144 5352 273 5423 martyrii
287 5353 376 5408 socies
391 5353 529 5419 babuisse,
542 5354 663 5407 Seuer-um
671 5353 778 5423 presig-

96 5431 121 5481 et
146 5425 292 5479 Hermetem
315 5424 491 5490 decessionem,
511 5424 660 5477 dimensum.
678 5424 721 5477 Ex
735 5422 779 5478 his

100 5494 776 5567 ,nempeseverum,‹liserteexcluditcastellani

106 5582 232 5624 asserens
255 5568 338 5620 solinu
363 5567 527 5621 decurionem
556 5566 696 5620 diaconum
719 5581 778 5619 cunt

100 5655 212 5712 pessum
222 5655 228 5702 ;
240 5654 336 5692 verum
347 5638 395 5708 qni
411 5639 476 5694 Acta
486 5637 666 5702 consuluerit,
684 5636 777 5690 maui-

96 5709 257 5793 sprebendet
285 5708 446 5780 predictum
476 5709 606 5763 Severum
632 5723 688 5762 una
713 5723 776 5762 cum

832 4794 919 4853 mant,
933 4801 984 4841 nec
994 4792 1066 4841 recte
1085 4784 1223 4840 Raronius
1234 4800 1297 4840 eum
1307 4783 1381 4840 inter
1391 4783 1534 4857 episcopos
1544 4780 1641 4838 Adria-

832 4857 1009 4929 nopolitanos
1024 4863 1217 4913 connumerat.
1230 4854 1461 4912 Wandelbertum
1470 4855 1563 4911 eadem
1576 4870 1638 4910 cum

834 4928 930 4985 Adone
944 4928 1065 4986 sensisse
1081 4935 1157 5001 patet
1176 4943 1210 4983 ex
1225 4925 1285 5000 ejus
1301 4926 1447 4984 versibus:

895 5041 1069 5092 Undecimum
1089 5042 1154 5091 iesto
1169 5040 1306 5096 Philippus
1318 5042 1457 5100 episeopus
1469 5043 1556 5098 auget,

894 5104 1002 5154 llermis
1018 5104 1065 5152 boc
1079 5104 1134 5166 ipso
1152 5105 1224 5163 nitet,
1243 5102 1425 5165 Rusebiusque
1439 5102 1540 5149 beatus.

867 5212 906 5265 De
919 5210 1012 5265 Murco
1024 5207 1280 5280 Hierosolymitauc
1296 5207 1404 5280 primns
1415 5205 1489 5260 inter
1501 5203 1637 5284 blartyro·

833 5280 908 5350 logos
922 5278 1046 5352 loquitur
1060 5287 1157 5335 auctor
1174 5279 1292 5336 Romani
1315 5277 1405 5348 parvi,
1421 5292 1456 5330 ex
1480 5275 1563 5331 solito
1588 5290 1637 5330 suo

833 5351 909 5405 lonte
928 5348 1028 5405 Rulinc
1051 5349 1100 5404 lib.
1126 5365 1242 5421 1v‚cnp.
1263 5349 1288 5414 7,
1305 5348 1348 5403 bis
1367 5345 1479 5402 verbis:
1496 5346 1638 5427 lerosoly-

833 5421 892 5484 mis,
922 5420 1019 5487 Murci,
1043 5420 1090 5489 qui
1111 5421 1217 5490 primns
1243 5435 1276 5473 en
1299 5417 1416 5487 gentibus
1439 5416 1576 5488 episcopus
1600 5416 1639 5471 ehi

831 5492 919 5561 suetus
937 5497 984 5546 est.
1011 5491 1089 5546 llunc
1111 5490 1239 5563 sequitur
1262 5489 1431 5544 Viennensis
1452 5492 1542 5560 primo
1566 5487 1636 5556 loce,

833 5563 914 5618 breve
938 5562 1028 5617 ldareo
1057 5561 1177 5631 elogium
1199 5560 1382 5628 concinnans,
1405 5558 1479 5632 quod
1502 5574 1538 5614 ex
1551 5558 1637 5614 citato

831 5634 891 5689 loco
906 5649 955 5704 pro
970 5632 1062 5704 aliqua
1077 5640 1153 5703 parte
1166 5632 1344 5703 desumptum
1359 5637 1412 5686 cst.
1423 5631 1466 5686 Ex
1479 5629 1575 5686 Adone
1588 5646 1637 5685 sua

831 5705 924 5760 clunia
939 5703 1074 5775 decerpsit
1091 5703 1196 5771 Noster,
1215 5702 1288 5776 quod
1302 5702 1386 5758 etiam
1398 5702 1466 5758 fecit
1483 5700 1635 5766 Notlserus,

105 5781 169 5840 abis
192 5779 316 5853 ejusdem
341 5780 468 5853 martyrii
490 5780 578 5852 gloria
600 5786 774 5837 coronatum.
829 5776 876 5833 sed
891 5776 936 5831 die
948 5775 1123 5848 precedenti.
1139 5774 1275 5832 Caeterum
1291 5773 1320 5830 in
1336 5773 1445 5832 laudato
1460 5772 1562 5831 Rufino
1575 5786 1635 5829 neu
