3834 6136
151 247 203 303 ³95

820 239 977 297 USUARDI
998 238 1158 297 MONAClll

1755 235 1808 290 3116

150 370 215 428 16661
227 367 321 440 possit,
337 382 397 440 quae
411 365 506 436 procul
523 363 608 420 dubio
629 380 711 420 cansa
725 363 789 432 luit,
808 380 858 420 cnr
872 363 946 419 eodi-
962 372 987 429 Α
1001 381 1094 420 unam.
1109 365 1146 418 At
1160 371 1294 436 quantum
1308 361 1349 416 hae
1365 374 1460 417 omnes
1470 360 1738 429 aSnrianadisteut,
1750 377 1807 418 nou

149 458 212 500 eum
236 440 393 512 aliquorum
417 437 564 508 scriptores
588 435 740 491 6611661666
769 436 945 503 recurrerint,

149 528 250 585 exque
264 509 361 582 purius
383 509 570 581 loquerentur,
595 514 626 561 ut
639 508 790 562 ostendunt
805 507 945 562 Auctaria.

149 585 208 639 lluc
222 589 345 654 spectant
365 597 424 653 que
441 580 508 635 satis
521 586 649 634 acclinata
663 579 696 634 de
711 578 755 633 his
776 579 946 650 martyribus

87 653 89 656 ’
148 654 255 711 notavit
270 653 430 710 Ruinartius
455 651 527 706 iuter
542 651 658 716 Selenia,
685 666 745 721 pag.
772 650 945 706 1996111111.

148 727 282 783 Videatur
295 724 378 780 etiam
394 722 599 789 tillemontius,
623 729 699 776 tomo
713 721 761 787 tv,
778 737 838 792 pag.
857 722 907 775 175
920 728 948 777 et

148 797 210 853 610.
239 796 339 852 1116666
364 795 455 849 ariano
482 794 598 849 bucensi
629 793 740 864 praefixa
762 792 946 847 6616616661

148 868 273 940 depositio
296 812 423 933 11661666,
448 874 501 922 616.
523 866 620 921 Florus
641 865 765 943 eamdem
781 864 947 945 positionem

147 947 248 1009 servat,
270 938 318 994 sed
344 939 449 993 rectius
479 937 601 992 66616661
624 936 757 1007 expriunt
780 952 842 990 6666
868 937 947 989 breva

147 1012 246 1083 elogio.
262 1010 406 1067 ldosander
424 1025 486 1064 eurn
507 1007 597 1064 Adoni
622 1007 758 1078 ascripsit,
777 1007 948 1078 Rosweydus

148 1083 299 1154 expunxit:
316 1090 378 1137 uter
393 1081 502 1146 melius,
519 1079 660 1149 problema
674 1087 714 1133 est
726 1097 732 1143 ;
744 1079 862 1148 elogium
875 1085 948 1133 certe

147 1156 338 1228 qualecunque
362 1151 480 1206 Usuardi
498 1150 640 1221 proprium
656 1165 764 1205 censeo.
781 1149 878 1204 Plures
893 1166 948 1204 ser·

147 1241 245 1281 66666
264 1223 391 1279 66616661
414 1221 492 1278 Vitas
512 1238 576 1277 mss.
602 1229 629 1277 et
645 1222 716 1277 inter
742 1220 791 1277 has
806 1220 948 1277 66161666

1001 445 1042 491 661
1058 434 1139 506 hujus
1155 435 1209 490 loci
1231 433 1396 489 discernere.
1413 431 1600 489 Conferentnr
1614 448 1666 487 suo
1682 438 1807 504 tempore

1001 524 1064 564 cum
1078 508 1121 574 iis,
1137 505 1319 578 quetradunt
1334 503 1423 559 editor
1437 502 1560 559 1616166166
1574 501 1693 559 abbatia
1708 505 1807 576 regalis

1001 578 1028 633 S.
1041 577 1167 633 Audoeni
1185 577 1233 632 lib.
1250 593 1257 630 6
1274 583 1301 631 61
1317 573 1806 632 661611666661166661666666666666

1001 650 1034 704 ad
1048 665 1192 704 ncexxxrn
1205 657 1231 704 61
1247 664 1408 702 6666666666.
1424 645 1477 714 Qui
1492 646 1521 700 16
1537 644 1591 700 ime
1605 644 1740 716 adjicitur
1754 649 1806 704 Po·
1820 702 1824 707 .

1001 721 1104 786 tricina,
1129 735 1223 774 ansam
1252 719 1368 790 praebuit
1398 717 1540 773 nonnullis
1564 716 1710 773 codicibus
1741 736 1806 775 eum

1001 791 1214 848 666611116666166
1231 792 1354 861 apostolo
1370 787 1569 845 confundendi.
1587 789 1618 844 ln
1634 789 1806 847 additamen-

1002 865 1036 920 t'is
1053 862 1278 934 llieronymianis
1302 861 1585 927 666616611661616166,
1603 860 1679 932 quod
1694 862 1805 918 Floren-

1001 935 1088 990 tinius
1112 935 1234 1006 corrigit.
1258 933 1328 989 Galli
1354 949 1454 988 nomen
1479 932 1662 1003 pronuntiant
1675 934 1805 1001 Porciae,

1001 1007 1074 1061 unde
1088 1022 1144 1061 non
1160 1006 1252 1076 inepta
1271 1005 1435 1061 formatione
1459 1004 1536 1076 sequi
1552 1001 1693 1060 videretur
1709 1006 1806 1060 Parri-

1002 1079 1069 1132 zius.
1087 1079 1149 1134 llaec
1163 1077 1266 1133 cursim
1281 1077 1449 1142 notatasiut‚
1465 1090 1515 1130 suo
1531 1075 1593 1129 loco
1607 1076 1804 1144 discutienda;

1001 1148 1120 1205 sufficiat
1146 1148 1238 1214 modo,
1269 1164 1375 1215 verum,
1405 1147 1559 1218 simplicem
1589 1154 1618 1202 et
1650 1149 1806 1220 genuinum

1003 1219 1120 1276 Usuardi
1136 1228 1244 1276 textum
1259 1217 1396 1275 retulisse.

882 1361 1076 1420 AUC'l'ARlA.

185 1488 281 1547 Consx
305 1487 467 1551 Patrensis,
488 1482 613 1554 signatus
633 1480 706 1554 apud
730 1496 781 1538 nos
796 1480 889 1536 littera
916 1481 950 1550 B,

148 1560 227 1619 addit
239 1561 270 1641 in
283 1559 421 1631 margine:
443 1579 452 1602 ι
469 1554 632 1624 Cerviduni,
648 1553 737 1610 sancti
752 1552 865 1625 Eptadii
878 1568 951 1608 ean-

149 1634 418 1760 ίθὸ1811161166166,6166.
444 1699 473 1753 16
488 1704 567 1753 textu
582 1702 722 1768 66666661
741 1710 827 1766 usque
846 1695 880 1750 ad
895 1710 949 1749 an-

148 1773 352 1831 nuntiationem
377 1770 516 1837 ultimam,
538 1784 619 1842 quam
644 1765 868 1893 1166686666
892 1766 948 1820 ‹ln

1041 1482 1246 1539 Hieremiam:
1270 1481 1494 1538 «bartholomei
1522 1482 1652 1555 apostoli,
1676 1483 1726 1557 qui
1751 1501 1805 1556 pra

1005 1554 1134 1610 omnibus
1158 1554 1220 1608 aliis
1234 1553 1376 1625 apostolis,
1391 1555 1465 1610 solus
1481 1553 1582 1610 nobilis
1597 1555 1683 1611 161666
1701 1556 1806 1615 descri-

1004 1624 1113 1681 bitur·
1136 1625 1217 1680 Mitto
1241 1625 1324 1697 hujus
1347 1625 1453 1696 generis
1473 1626 1588 1697 reliqua.
1615 1627 1655 1681 De
1675 1630 1805 1687 trecentis

1003 1695 1265 1823 Carthaginensibus
1289 1697 1389 1752 6161116
1404 1697 1489 1752 16666
1513 1704 1555 1754 661
1570 1697 1732 1769 Aaronom,
1752 1709 1802 1758 616.

983 1772 989 1782 ’
1004 1768 1043 1822 De
1058 1767 1100 1822 Au
1121 1784 1192 1823 oeno
1206 1777 1233 1823 et
1247 1767 1367 1824 Patricio
1381 1767 1463 1824 nihil.

150 1845 292 1913 Hibernia,
315 1843 402 1899 saneti
426 1840 538 1896 Ρ6161611
554 1839 660 1895 abbatis
684 1846 711 1893 et
761 1837 859 1892 ildardi
884 1853 948 1893 con·
1038 1839 1184 1894 eronru.
1197 1847 1225 1895 et
1239 1841 1351 1897 11666666
1365 1840 1459 1908 Susa,
1475 1856 1552 1896 num.
1570 1840 1631 1910 lau,
1654 1851 1805 1914 6661666-

149 1917 271 1972 lessoris.
294 1914 348 1980 Qui
367 1913 514 1979 Patricius,
537 1912 644 1982 primus
658 1909 843 1965 Hibernorum
860 1908 947 1965 lertur
960 1908 984 1968 B
1001 1910 1106 1980 sapori,
1121 1910 1242 1966 addunt:
1270 1912 1323 1966 ·ln
1337 1911 1436 1967 Galliis
1447 1911 1560 1968 civitate
1575 1913 1718 1983 Nivernis,
1734 1933 1802 1973 san-

148 1987 286 2058 Magister.
311 1983 362 2039 Sed
379 1983 444 2056 quia
458 1999 509 2038 nec
523 1982 596 2053 ipsos
621 1981 773 2036 correxisse
789 1982 890 2051 potuit,
917 1979 947 2035 in

148 2055 395 2130 peregrinationem
408 2052 551 2136 perrexit;
566 2052 600 2107 ad
617 2051 813 2107 monasterium
829 2051 948 2106 Glestin·

166 2144 230 2185 ense
254 2125 390 2201 pervenit,
407 2125 500 2197 ibique
520 2124 606 2178 vitam
624 2123 775 2178 virtutibus
796 2122 948 2178 clarescens

148 2145 250 2268 161611,
267 2197 340 2271 quod
368 2204 396 2253 et
423 2211 510 2268 usqne
530 2195 613 2251 hodie
643 2201 753 2249 mortua
770 2193 858 2265 ipsius
886 2209 948 2249 ossa

147 2269 295 2328 contestari
316 2268 482 2324 videntne·
505 2266 608 2322 Eadem
632 2264 725 2334 habet,
751 2265 863 2321 tantillo
888 2281 947 2321 cor·

147 2342 259 2408 6661166,
272 2340 361 2397 codex
376 2341 535 2402 66666666.

183 2415 349 2471 nasama:
369 2413 420 2467 «ln
429 2411 517 2477 lndia,
533 2408 605 2466 beati
614 2407 810 2464 Bartholomaei
818 2407 945 2480 apostoli,

146 2486 194 2559 qui
209 2484 281 2566 apud
299 2483 421 2540 eamdem
446 2481 617 2554 provinciam
639 2478 743 2538 Christi
762 2480 945 2551 Evangelium

146 2557 308 2628 praedicans,
350 2556 421 2609 rimo
443 2554 525 2608 vivus
540 2550 620 2624 jussu
634 2550 755 2632 Astiagis
778 2550 945 2619 decoriatus,

47 2658 51 2668 ›
166 2635 241 2681 osten
250 2571 402 2680 6666116166
414 2624 579 2695 martyrium
590 2623 750 2694 complevit.
763 2621 876 2693 Cujus,
891 2631 943 2679 etc.

145 2643 177 2753 16
193 2695 388 2767 Carthaginen.
406 2710 501 2765 purus,
518 2692 557 2755 ,de
581 2693 714 2748 Audoeno
729 2702 790 2763 post
808 2696 943 2762 1666666,

145 2767 236 2823 addit:
260 2790 268 2812 ι
285 2767 349 2822 Post
363 2767 450 2820 multa
465 2764 661 2819 miraculorum
678 2764 732 2819 insi
739 2765 812 2835 guia,
830 2774 890 2836 post
904 2772 944 2819 ta·

145 2838 220 2893 lenta
242 2836 294 2892 sibi
319 2835 423 2892 credita
444 2835 565 2890 fideliter
585 2835 751 2906 dispensata,
768 2836 880 2892 1166161
900 2836 943 2891 661

146 2907 261 2963 intravit
281 2906 389 2978 gaudia.
409 2907 439 2960 ln
463 2907 942 2972 1161166616,61666616616(1166116-

145 2979 233 3050 gensi,
249 2978 386 3050 depositio
401 2977 488 3033 sancti
504 2976 617 3032 Ρ6161611
631 2976 749 3032 abbatis.
770 3001 779 3025 »

179 3050 336 3107 Pousinon.
362 3049 391 3104 iu
408 3048 495 3120 prima
509 3047 613 3115 6166611,
634 3047 663 3103 16
679 3048 799 3103 66666616
812 3048 879 3104 66116
893 3067 941 3121 pu·

144 3138 191 3178 rus
208 3131 257 3178 661.
278 3122 366 3177 Tum:
391 3119 533 3179 «Ciuitate
558 3120 749 3192 llotonvagu1u‚
774 3121 862 3175 sancti
886 3125 941 3176 Au·

1004 1981 1041 2037 cti
1056 1981 1179 2037 Gildardi
1190 1981 1341 2053 presbyteri
1356 1991 1384 2038 61
1398 1982 1573 2039 66616666616.
1587 1984 1657 2040 ltem
1670 1985 1803 2045 ineodern

1004 2053 1154 2121 territorio,
1167 2051 1253 2110 666611
1269 2041 1379 2110 Patricii
1392 2053 1498 2110 abbatis
1517 2056 1548 2112 ln
1558 2055 1704 2114 territorio
1717 2059 1802 2116 Adue

1005 2121 1127 2197 [AEduae]
1143 2124 1275 2192 civitatis,
1291 2125 1448 2181 Ternidono
1459 2124 1640 2202 [Cervidono]
1659 2139 1804 2186 monaste-

1003 2195 1054 2263 rio,
1071 2194 1206 2321 1166661116
1221 2196 1307 2252 666611
1323 2197 1434 2266 Eptadii
1456 2197 1611 2269 presbyteri
1621 2201 1803 2259 6166616666-

1003 2266 1050 2322 616.
1069 2293 1078 2315 »
1126 2266 1170 2322 ide
1184 2267 1315 2323 66616616
1329 2284 1378 2323 xvr
1392 2268 1505 2349 Aprilis.

1038 2340 1206 2394 Davanam:
1230 2339 1439 2396 ‹Cenomaunrs
1454 2339 1579 2409 civitate,
1603 2343 1694 2400 sancti
1716 2344 1802 2418 llige-

1002 2410 1069 2464 meri
1084 2410 1234 2482 presbyteri
1258 2417 1285 2465 61
1299 2412 1472 2467 confessoris.
1489 2436 1498 2459 ι
1520 2413 1591 2469 Vide
1605 2413 1635 2468 in
1649 2414 1730 2472 Actis
1742 2433 1801 2473 xvu

1001 2481 1134 2550 ianuarii,
1148 2488 1176 2538 61
1204 2481 1305 2537 61666
1317 2481 1447 2538 bimestre
1462 2482 1622 2540 Castellani.

1036 2498 1510 2611 Marum.Caurus-Uerminae.:
1557 2580 1579 2602 ι-
1603 2554 1801 2615 Bartholomaei

1000 2624 1127 2694 apostoli,
1136 2633 1319 2681 trecentorum
1330 2633 1480 2697 martyrum
1490 2627 1575 2699 quiin
1586 2627 1729 2684 clibanum
1744 2641 1802 2701 post

999 2696 1076 2751 varia
1090 2704 1226 2751 tormenta
1244 2697 1330 2760 missi,
1347 2695 1419 2752 unde
1435 2714 1523 2753 massa
1541 2698 1660 2754 candida
1674 2699 1732 2757 dici
1748 2718 1801 2758 me·

999 2775 1124 2821 ruerunt.
1141 2767 1266 2822 Audoeni
1280 2767 1508 2840 Rothomagensis
1522 2770 1644 2842 episcopi
1652 2778 1681 2826 et
1695 2773 1801 2829 coales-

999 2838 1079 2919 66616.
1114 2837 1277 2895 Theoderici
1306 2839 1423 2908 abbatis,
1448 2840 1617 2898 admirandae
1645 2844 1801 2901 sanctitatis

999 2925 1088 2965 vnn·

1034 2979 1208 3037 Cissuncreu.
1235 2981 1262 3037 S.
1282 2980 1417 3054 Benigni:
1438 2983 1566 3040 «Eodem
1591 2982 1648 3054 die,
1664 2983 1739 3043 beati
1752 2989 1800 3045 Ur·

997 3051 1051 3106 sini
1068 3054 1231 3124 martyris.»
1258 3054 1297 3109 [16
1311 3069 1395 3125 6666
1413 3062 1451 3123 61,
1472 3057 1576 3113 nescio.

1034 3124 1090 3179 1166
1129 3125 1223 3190 Suec,
1250 3141 1327 3180 num.
1356 3071 1413 3181 111
1420 3144 1425 3181 :
1447 3128 1612 3199 eNivernis,
1639 3140 1798 3190 sanctorum

142 3191 666 3265 6166616666166166661616661666666.
682 3217 690 3239 ·
709 3193 814 3247 Desunt
824 3191 940 3266 reliqna,
996 3195 1184 3250 confessorum
1199 3195 1323 3251 Gildardi
1340 3206 1366 3253 et
1382 3197 1503 3254 Patricii.
1521 3224 1530 3246 ι

142 3272 173 3322 61
187 3264 234 3322 hio
247 3266 336 3322 codex
350 3264 511 3336 plerumque
525 3263 708 3319 contrahitur.

177 3338 321 3393 6666666.
332 3334 941 3403 6111666.-16666.,6666666666,116666-

141 3425 228 3478 6666,
254 3409 389 3476 Lernan,
415 3406 581 3475 Lovxnrss,
605 3406 765 3463 66666666.
783 3415 809 3463 61
829 3410 940 3474 Deme,

141 3480 171 3535 16
196 3481 284 3552 66166
305 3480 387 3535 61166
411 3479 478 3533 66116
498 3478 571 3548 6661,
596 3480 744 3535 secundam
773 3478 812 3535 sic
835 3494 941 3533 annun·

140 3550 229 3608 tiant:
257 3550 384 3606 ‹Eodem
400 3548 445 3603 die
468 3549 641 3619 Carthagine,
659 3557 844 3605 trecentorum
871 3566 940 3613 mar·

142 3630 246 3702 tyrum,
271 3621 318 3690 qui
344 3619 416 3690 passi
444 3626 509 3673 6661
523 3627 646 3688 1666666
671 3619 812 3673 Valeriani
826 3627 854 3673 et
878 3620 939 3675 Gal·

141 3691 219 3747 16661.
236 3691 339 3745 Ferunt
358 3689 444 3753 enim,
461 3690 533 3742 inter
547 3689 600 3742 alia
615 3689 749 3759 supplicia
763 3699 829 3743 tunc
843 3705 859 3743 a
873 3707 939 3762 praa·

141 3761 200 3817 61616
217 3760 356 3816 clibanum
370 3759 453 3814 calcis
466 3775 621 3826 accensum,
633 3768 660 3814 et
674 3761 702 3814 16
714 3759 829 3830 oraejus
839 3777 939 3832 666666

140 3848 204 3888 666
220 3833 301 3887 thure
315 3830 464 3897 exhibitas,
476 3839 503 3885 et
518 3831 660 3901 praesidem
670 3831 837 3886 Christianis
852 3833 938 3887 dixis·

140 3920 186 3960 se:
203 3903 305 3973 Eligite
326 3916 446 3957 666666
470 3900 590 3968 duobus,
614 3908 662 3955 aut
688 3904 770 3956 thura
792 3919 874 3973 66666
888 3904 938 3960 666

139 3974 275 4031 carbones
292 3973 389 4028 offerre
411 3972 483 4037 lovi,
499 3981 546 4028 aut
561 3988 589 4026 m
607 3973 709 4027 calcem
733 3973 936 4045 demergimini.

140 4046 218 4101 Tunc
248 4044 364 4100 trecenti
390 4044 444 4099 viri
472 4043 525 4099 fide
553 4043 651 4098 armati
676 4044 733 4099 ictu
762 4047 937 4116 rapidissimo

140 4117 283 4176 Christum
308 4116 359 4171 Dei
386 4115 487 4171 Filium
517 4115 643 4182 latentes,
673 4131 701 4170 66
730 4115 884 4186 injecerunt
908 4118 936 4174 in

140 4188 148 4245 i
169 4205 231 4244 nem
246 4195 272 4243 et
287 4187 360 4243 inter
375 4203 489 4258 vapores
500 4187 583 4242 caleis
595 4187 717 4258 pulverei
733 4197 797 4243 sunt
807 4188 934 4244 demersi.

164 4279 182 4316 x
197 4276 251 4333 quo
266 4268 291 4316 61
306 4258 469 4315 candidatus
482 4259 528 4314 ille
543 4259 685 4313 beatorum
696 4263 834 4315 exercitus
848 4265 936 4316 blusso

138 4333 253 4388 66661166
269 4331 369 4386 666611
382 4329 526 4403 appellari,
548 4346 637 4385 massa
651 4338 762 4401 6666166
777 4348 933 4400 6666666666,

137 4403 255 4462 candida
269 4410 381 4475 propter
395 4406 534 4458 66661166.
556 4401 675 4457 Civitate
689 4403 850 4475 llutomago,
867 4421 935 4460 san-

137 4478 175 4533 611
191 4475 316 4531 66616661
333 4490 347 4529 6
368 4474 687 4546 16666161666616666616.
708 4498 716 4519 ι
740 4475 932 4532 blan-Lunae.

137 4547 233 4602 scribit
248 4547 336 4601 66616.
349 4492 383 4600 ¹in
398 4546 528 4601 omnibus
542 4545 617 4601 deest
631 4545 753 4602 Patricii.

174 4618 345 4683 Consonus,
367 4617 397 4670 in
421 4618 509 4739 grinte
530 4620 596 4670 satis
617 4632 711 4686 purus,
731 4617 771 4672 sic
785 4619 969 4691 prosequi-D
987 4621 1062 4676 simae
1078 4622 1231 4678 Tenestinae
1246 4623 1370 4694 virginis.
1389 4649 1397 4672 ·

137 4691 200 4737 tur:
225 4686 332 4755 «Apud
356 4686 418 4740 Cart
440 4687 558 4754 egissem,
587 4695 744 4741 sanctorum
776 4697 930 4761 martyrum

137 4760 333 4819 trecentorum,
359 4755 406 4825 qui
430 4771 478 4824 pro
501 4756 619 4827 eoquod
634 4757 802 4812 unanimiter
826 4770 853 4815 et
875 4777 931 4815 666

137 4833 278 4880 momento
299 4824 369 4894 passi
384 4832 458 4891 sunt,
475 4825 562 4879 Massa
583 4827 699 4881 candida
725 4839 929 4899 nuncupantur.

137 4896 256 4954 Ciuitate
270 4894 450 4966 llothomago,
468 4896 603 4965 depositio
626 4897 712 4951 sancti
736 4900 863 4954 Audoeni
887 4919 930 4956 ar·

135 4966 304 5050 chiepiscopi
329 4973 356 5022 et
379 4966 580 5021 confessoris*
602 4968 633 5022 ln
663 4967 801 5023 territorio
827 4971 930 5027 61666-

135 5057 224 5108 66666,
243 5046 401 5095 sanctorum
417 5037 529 5094 Ρ6161611
544 5037 650 5094 abbatis
669 5047 695 5093 et
711 5038 835 5097 Gildardi
850 5060 930 5114 pres-

133 5111 225 5183 byteri
239 5111 437 5167 consessorum.
453 5134 462 5157 ι
485 5110 554 5165 Vide
564 5126 646 5182 supra
660 5111 892 5170 durusne-Mar.

169 5183 349 5240 Bnuxennuu.
375 5182 408 5237 de
431 5180 633 5237 bartholomaeo
651 5183 766 5238 inserit:
791 5185 866 5251 «Qui
881 5202 930 5258 pro

133 5253 187 5308 lide
211 5255 312 5312 Christi
334 5254 489 5311 excoriatus
513 5261 540 5307 61
572 5253 780 5311 ostdecollatus
800 5264 850 5312 661.
877 5259 929 5314 Cn·

130 5322 210 5392 jus»
231 5335 282 5382 616.
298 5328 329 5382 16
345 5269 622 5396 (1661666166666166
651 5350 659 5372 ι
675 5327 739 5382 Post
762 5328 838 5383 varia
851 5329 924 5384 enim

133 5397 299 5465 supplicia...
328 5397 484 5469 consumpti
509 5405 592 5452 sunt:
622 5397 754 5452 undeille
783 5401 923 5455 beatorum

133 5466 269 5522 6666661166
293 5468 379 5524 ldassa
404 5468 530 5537 candida,
562 5484 650 5524 massa
675 5470 785 5539 quidem
814 5482 925 5542 propter

131 5549 286 5605 numerum,
302 5540 418 5595 candida
433 5557 498 5595 vero
516 5550 625 5612 propter
645 5544 774 5595 meritum
787 5542 856 5597 solet
870 5559 925 5614 ap-

130 5605 257 5685 pellari.»
277 5611 308 5663 ln
323 5611 455 5666 Andoeno
469 5616 535 5668 satis
550 5630 636 5684 purus
649 5612 745 5684 adjicit
761 5630 767 5668 :
791 5614 844 5668 «Et
860 5630 923 5669 cum

129 5678 270 5732 ecclesiam
294 5679 537 5751 ltothomagensem
562 5684 678 5740 rexisset
698 5701 785 5741 66666
800 5684 923 5756 quadra-

127 5748 212 5821 ginta,
227 5746 285 5820 ipso
301 5753 499 5830 rroaaagenarius
513 5753 631 5811 feliciter
648 5756 777 5826 migravit
793 5757 829 5812 ad
843 5755 921 5814 Chri·

118 5829 234 5876 stum.»
253 5820 296 5876 116
307 5818 428 5879 Paulos
438 5828 518 5879 tacet.

957 3267 979 3328 G
1030 3265 1124 3321 Consx
1146 3269 1177 3322 b.
1203 3267 1241 3323 hs
1255 3267 1337 3322 Mans
1350 3269 1419 3340 sign.
1437 3269 1479 3324 A:
1504 3270 1631 3329 «Eodem
1651 3274 1711 3342 6116,
1724 3276 1795 3349 66661

995 3335 1191 3405 Servidunum,
1209 3339 1308 3394 natalis
1324 3339 1411 3395 sancti
1428 3341 1538 3412 Eptadii
1555 3344 1757 3403 6661666666.»

1031 3409 1062 3463 16
1084 3410 1230 3478 Vasacen,
1254 3426 1331 3466 num.
1355 3410 1435 3477 5919,
1461 3413 1537 3469 deest
1555 3415 1686 3473 66616661
1702 3427 1730 3476 61
1752 3420 1797 3474 Pa·

994 3480 1078 3535 tricii.
1095 3480 1251 3552 Adjicitur:
1271 3482 1400 3554 «Capuae,
1424 3485 1514 3540 natale
1528 3487 1618 3544 sancti
1633 3488 1728 3546 Rufini
1744 3490 1798 3564 epi·

994 3552 1068 3622 66661
1085 3564 1112 3609 61
1126 3553 1300 3609 66616666616.
1317 3578 1325 3601 ι
1351 3555 1381 3610 16
1396 3555 1519 3612 Romano
1532 3565 1573 3613 est
1587 3559 1633 3615 die
1644 3577 1726 3618 xxvr.

1031 3624 1151 3679 11666666.
1172 3626 1219 3680 SS.
1236 3625 1307 3679 Tim.
1334 3633 1361 3680 61
1384 3626 1491 3697 Apoll:
1516 3629 1571 3684 «ln
1588 3632 1731 3688 territorio
1752 3633 1796 3688 Ni·

993 3696 1132 3762 vernensi,
1147 3704 1304 3752 sanctorum
1319 3697 1506 3754 confessorum
1521 3700 1635 3759 Patricri
1649 3703 1759 3760 abbatis
1771 3714 1796 3759 61

993 3763 1117 3819 Gildardi
1153 3768 1323 3837 resbyteri.›

994 3906 1000 3916 ²
1028 3835 1122 3891 Editio
1134 3782 1363 3906 [aeaco-Coc.‚in
1375 3840 1463 3911 prima
1472 3841 1622 3901 similisest
1632 3847 1792 3903 hosanna:

992 3922 1020 3960 m
1036 3908 1165 3976 secunda,
1181 3913 1397 3979 Asruenamssr,
1408 3921 1460 3968 etc:
1477 3913 1507 3969 ln
1523 3914 1660 3972 Audoeno
1674 3920 1720 3974 elo
1739 3918 1792 3974 ium

991 3980 1139 4049 expunxit.
1168 3981 1237 4037 Tum
1263 3982 1302 4038 616
1326 3984 1433 4054 pergit:
1459 4009 1468 4031 ι
1496 3983 1695 4058 Cenomannis,
1773 3989 1792 4045 ti

991 4049 1129 4129 Rigomeri
1158 4053 1310 4123 presbyteri
1339 4063 1366 4108 et
1389 4055 1565 4113 confessoris.
1590 4059 1622 4114 ln
1651 4061 1792 4116 territorio

990 4121 1214 4190 erernensinm,
1226 4124 1366 4179 beatorum
1378 4126 1490 4183 Ρ6161611
1506 4129 1614 4185 abbatis
1623 4140 1653 4187 61
1662 4131 1786 4188 Geldeldi

990 4191 1187 4248 confessorum.
1212 4193 1316 4251 Eodem
1346 4196 1401 4265 die,
1421 4198 1505 4254 beate
1527 4200 1673 4258 Elisabeth
1698 4205 1792 4259 matris

990 4264 1167 4334 praecursoris
1182 4267 1305 4321 Domini.
1323 4292 1331 4315 ·
1352 4267 1452 4325 Melius
1467 4286 1547 4326 xxvi.

1025 4336 1134 4402 116666,
1160 4336 1189 4391 in
1216 4339 1345 4394 66611666
1367 4340 1467 4397 similis
1486 4343 1708 4415 6666666666,
1725 4354 1788 4408 616..

989 4404 1018 4459 166
1042 4405 1096 4462 sine
1114 4408 1225 4464 subdit:
1250 4409 1409 4466 «16666616
1433 4410 1494 4484 [pro
1519 4413 1675 4490 Nivernis]‚
1704 4420 1789 4474 sancti

988 4477 1100 4533 Ρ6161611
1124 4479 1270 4536 abbatis.»
1303 4481 1397 4537 Editio
1419 4489 1503 4540 attera
1519 4484 1613 4542 addit:
1640 4489 1698 4544 «ln
1725 4505 1790 4561 pago

988 4548 1181 4617 Cenomanico,
1198 4551 1283 4607 sancti
1308 4552 1787 4626 111666666166616666616,61666116·

1023 4692 1170 4748 Gnarum:
1191 4694 1338 4750 «Gildardi
1365 4695 1433 4752 alias
1447 4697 1579 4768 Gildeldi,
1596 4701 1755 4774 presbyteri
1764 4711 1791 4759 61

985 4763 1159 4819 confessoris.
1185 4739 1441 4822 8666166611616166116
1460 4770 1543 4840 66161
1568 4774 1732 4829 66666616611
1761 4774 1788 4829 16

985 4833 1123 4889 Gladbach
1139 4835 1313 4893 confessoris.
1329 4837 1493 4895 Theoderici
1504 4842 1621 4898 abbatis.
1632 4843 1788 4900 Cenoman-

984 4904 1037 4970 nis,
1055 4905 1126 4960 beati
1143 4907 1278 4978 Rigomeri
1294 4909 1445 4981 presbyteri
1468 4919 1496 4966 et
1509 4914 1688 4970 contessoris.
1707 4917 1787 4989 Apud

983 4975 1095 5030 Samum
1111 4976 1241 5047 insulam,
1256 4988 1413 5035 serratorum
1429 4982 1564 5055 Gregorii,
1587 4985 1729 5044 Theodori
1752 4996 1780 5043 et

986 5046 1086 5103 Leonis
1110 5049 1309 5105 6661666666.
1334 5053 1387 5117 Qui
1410 5061 1533 5127 tempore
1547 5055 1708 5114 Constantii
1724 5075 1787 5115 cum

983 5126 1073 5173 essent
1089 5120 1200 5188 milites,
1218 5126 1432 5192 persecutionem
1447 5127 1628 5183 Arrianornm
1640 5128 1784 5185 declinan-

984 5198 1034 5270 tes,
1048 5192 1120 5261 apud
1131 5195 1269 5271 praelatam
1281 5195 1399 5249 ansulam
1411 5195 1521 5253 Christo
1536 5198 1719 5257 devotissime
1729 5216 1784 5257 ser·

984 5270 1104 5328 morunt,
1121 5267 1257 5336 simulque
1271 5265 1446 5337 quieverunt.
1457 5269 1602 5324 ltomninae
1615 5271 1779 5344 martyris.»

982 5331 1047 5398 Quae
1063 5333 1121 5387 heri
1138 5335 1262 5404 ponenda
1278 5337 1340 5391 1611.
1359 5360 1367 5382 ·
1385 5338 1480 5410 Engrae
1496 5341 1613 5411 virginis
1628 5351 1656 5397 et
1682 5353 1784 5415 marty·

981 5420 1115 5484 ras,cum
1140 5407 1211 5461 aliis.
1241 5408 1395 5464 llloalbodio
1425 5413 1600 5480 6666616616,
1633 5416 1784 5471 6666616116

981 5491 1105 5545 vrrgmrs.
1118 5475 1223 5532 Eodem
1236 5478 1291 5545 die,
1304 5488 1406 5536 sancta
1419 5481 1561 5539 Elisabeth
1577 5485 1682 5555 viduas,
1691 5488 1786 5543 matris

980 5549 1156 5617 praecursoris
1168 5550 1291 5606 Domini.
1312 5577 1321 5600 ι

1014 5618 1122 5674 Menan.
1150 5621 1187 5674 De
1211 5621 1423 5694 bartholomaeo,
1470 5633 1512 5682 ost
1528 5627 1695 5698 predicans,
1721 5629 1786 5685 aliis

979 5688 1078 5768 litteris¹
1097 5691 1212 5747 inserit:
1234 5694 1357 5750 «Vivens
1370 5712 1386 5751 a
1399 5641 1521 5753 66616616
1543 5699 1706 5757 decoriatus
1730 5710 1784 5770 est,

977 5768 1059 5832 atque
1068 5777 1148 5832 Jussu
1167 5764 1239 5844 regis
1251 5767 1382 5838 Astiagis,
1398 5768 1593 5839 decollatione,
1609 5794 1619 5818 ·
1639 5779 1696 5829 etc.
1713 5773 1784 5830 11666

977 5836 1352 5906 poetarumpoetartum:
1375 5839 1432 5896 «ln
1448 5854 1567 5914 quornm
1583 5842 1717 5902 laudibus
1735 5861 1785 5903 ex·
