<?xml version="1.0" encoding="UTF-8"?>
<!DOCTYPE html PUBLIC "-//W3C//DTD XHTML 1.0 Transitional//EN"
    "http://www.w3.org/TR/xhtml1/DTD/xhtml1-transitional.dtd">
<html xmlns="http://www.w3.org/1999/xhtml" xml:lang="en" lang="en">
 <head>
  <title>
</title>
<meta http-equiv="Content-Type" content="text/html;charset=utf-8" />
  <meta name='ocr-system' content='tesseract 3.04.00' />
  <meta name='ocr-capabilities' content='ocr_page ocr_carea ocr_par ocr_line ocrx_word'/>
</head>
<body>
  <div class='ocr_page' id='page_1' title='image "./patrologiaecurs76unkngoog_0088.png"; bbox 0 0 3834 6136; ppageno 0'>
   <div class='ocr_carea' id='block_1_1' title="bbox 51 169 109 241">
    <p class='ocr_par' dir='ltr' id='par_1_1' title="bbox 51 169 109 241">
     <span class='ocr_line' id='line_1_1' title="bbox 51 169 109 241; baseline 0.155 -9"><span class='ocrx_word' id='word_1_1' title='bbox 51 169 109 241; x_wconf 72' lang='lat' dir='ltr'><strong>loli</strong></span> 
     </span>
    </p>
   </div>
   <div class='ocr_carea' id='block_1_2' title="bbox 595 140 1191 233">
    <p class='ocr_par' dir='ltr' id='par_1_2' title="bbox 595 140 1191 233">
     <span class='ocr_line' id='line_1_2' title="bbox 595 140 1191 233; baseline -0.008 -1"><span class='ocrx_word' id='word_1_2' title='bbox 595 172 913 233; x_wconf 79' lang='lat' dir='ltr'><strong>uinrxaouomuu.</strong></span> <span class='ocrx_word' id='word_1_3' title='bbox 934 203 970 215; x_wconf 94' lang='lat'>-</span> <span class='ocrx_word' id='word_1_4' title='bbox 987 169 1096 230; x_wconf 78' lang='lat' dir='ltr'><strong>usse.</strong></span> <span class='ocrx_word' id='word_1_5' title='bbox 1117 140 1191 229; x_wconf 82' lang='lat' dir='ltr'><strong>rus.</strong></span> 
     </span>
    </p>
   </div>
   <div class='ocr_carea' id='block_1_3' title="bbox 1666 170 1718 233">
    <p class='ocr_par' dir='ltr' id='par_1_3' title="bbox 1666 170 1718 233">
     <span class='ocr_line' id='line_1_3' title="bbox 1666 170 1718 233; baseline 0.058 -3"><span class='ocrx_word' id='word_1_6' title='bbox 1666 170 1718 233; x_wconf 84' lang='lat' dir='ltr'><strong>too</strong></span> 
     </span>
    </p>
   </div>
   <div class='ocr_carea' id='block_1_4' title="bbox 48 294 1716 370">
    <p class='ocr_par' dir='ltr' id='par_1_4' title="bbox 48 294 1716 370">
     <span class='ocr_line' id='line_1_4' title="bbox 48 294 1716 370; baseline -0.005 -5"><span class='ocrx_word' id='word_1_7' title='bbox 48 306 123 365; x_wconf 86' lang='lat' dir='ltr'><strong>laria</strong></span> <span class='ocrx_word' id='word_1_8' title='bbox 136 298 228 360; x_wconf 87' lang='lat' dir='ltr'><strong>veteri</strong></span> <span class='ocrx_word' id='word_1_9' title='bbox 241 298 276 359; x_wconf 91' lang='lat' dir='ltr'><strong>ad</strong></span> <span class='ocrx_word' id='word_1_10' title='bbox 289 298 398 359; x_wconf 83' lang='lat' dir='ltr'><strong>clivum</strong></span> <span class='ocrx_word' id='word_1_11' title='bbox 407 299 578 359; x_wconf 88' lang='lat' dir='ltr'><strong>Cucumeris.</strong></span> <span class='ocrx_word' id='word_1_12' title='bbox 590 301 759 369; x_wconf 80' lang='lat' dir='ltr'><strong>Aurelianis,</strong></span> <span class='ocrx_word' id='word_1_13' title='bbox 770 299 860 360; x_wconf 88' lang='lat' dir='ltr'><strong>sancti</strong></span> <span class='ocrx_word' id='word_1_14' title='bbox 874 302 900 360; x_wconf 83' lang='grc' dir='ltr'>Α</span> <span class='ocrx_word' id='word_1_15' title='bbox 915 296 963 370; x_wconf 91' lang='lat' dir='ltr'><strong>pbi</strong></span> <span class='ocrx_word' id='word_1_16' title='bbox 976 296 1093 355; x_wconf 90' lang='lat' dir='ltr'><strong>abbatis.</strong></span> <span class='ocrx_word' id='word_1_17' title='bbox 1104 322 1113 346; x_wconf 85' lang='lat'><strong>·</strong></span> <span class='ocrx_word' id='word_1_18' title='bbox 1131 297 1191 353; x_wconf 83' lang='lat' dir='ltr'><strong>tam</strong></span> <span class='ocrx_word' id='word_1_19' title='bbox 1204 295 1339 365; x_wconf 84' lang='lat' dir='ltr'><strong>diximus,</strong></span> <span class='ocrx_word' id='word_1_20' title='bbox 1350 294 1404 352; x_wconf 91' lang='lat' dir='ltr'><strong>hoc</strong></span> <span class='ocrx_word' id='word_1_21' title='bbox 1415 296 1603 354; x_wconf 88' lang='lat' dir='ltr'><strong>uomeuvarie</strong></span> <span class='ocrx_word' id='word_1_22' title='bbox 1609 295 1716 358; x_wconf 73' lang='lat' dir='ltr'><strong>suari.</strong></span> 
     </span>
    </p>
   </div>
   <div class='ocr_carea' id='block_1_5' title="bbox 49 371 858 524">
    <p class='ocr_par' dir='ltr' id='par_1_5' title="bbox 49 371 858 524">
     <span class='ocr_line' id='line_1_5' title="bbox 50 371 858 449; baseline -0.005 -15"><span class='ocrx_word' id='word_1_23' title='bbox 50 376 132 439; x_wconf 74' lang='lat' dir='ltr'><strong>Aviti</strong></span> <span class='ocrx_word' id='word_1_24' title='bbox 149 372 308 449; x_wconf 83' lang='lat' dir='ltr'><strong>presbyteri</strong></span> <span class='ocrx_word' id='word_1_25' title='bbox 321 379 350 429; x_wconf 91' lang='lat' dir='ltr'><strong>et</strong></span> <span class='ocrx_word' id='word_1_26' title='bbox 368 371 570 430; x_wconf 80' lang='lat' dir='ltr'><strong>contessoris.»</strong></span> <span class='ocrx_word' id='word_1_27' title='bbox 590 375 674 432; x_wconf 80' lang='lat' dir='ltr'>Deest</span> <span class='ocrx_word' id='word_1_28' title='bbox 690 374 858 441; x_wconf 86' lang='lat' dir='ltr'><strong>Vulmarus;</strong></span> 
     </span>
     <span class='ocr_line' id='line_1_6' title="bbox 49 443 576 524; baseline -0.011 -15"><span class='ocrx_word' id='word_1_29' title='bbox 49 451 156 524; x_wconf 91' lang='lat' dir='ltr'><strong>dequo</strong></span> <span class='ocrx_word' id='word_1_30' title='bbox 171 446 238 503; x_wconf 90' lang='lat' dir='ltr'><strong>vide</strong></span> <span class='ocrx_word' id='word_1_31' title='bbox 252 460 337 518; x_wconf 91' lang='lat' dir='ltr'><strong>supra</strong></span> <span class='ocrx_word' id='word_1_32' title='bbox 352 443 576 503; x_wconf 78' lang='lat' dir='ltr'><strong>Observationes.</strong></span> 
     </span>
    </p>
   </div>
   <div class='ocr_carea' id='block_1_6' title="bbox 48 533 864 1542">
    <p class='ocr_par' dir='ltr' id='par_1_6' title="bbox 48 533 864 1542">
     <span class='ocr_line' id='line_1_7' title="bbox 86 533 862 606; baseline -0.009 -9"><span class='ocrx_word' id='word_1_33' title='bbox 86 540 288 604; x_wconf 67' lang='lat' dir='ltr'><strong>etunius,</strong></span> <span class='ocrx_word' id='word_1_34' title='bbox 309 534 339 590; x_wconf 92' lang='lat' dir='ltr'><strong>in</strong></span> <span class='ocrx_word' id='word_1_35' title='bbox 353 533 444 605; x_wconf 88' lang='lat' dir='ltr'><strong>prima</strong></span> <span class='ocrx_word' id='word_1_36' title='bbox 454 550 550 606; x_wconf 93' lang='lat' dir='ltr'><strong>purus,</strong></span> <span class='ocrx_word' id='word_1_37' title='bbox 566 534 687 591; x_wconf 89' lang='lat' dir='ltr'><strong>secundo</strong></span> <span class='ocrx_word' id='word_1_38' title='bbox 706 535 767 591; x_wconf 93' lang='lat' dir='ltr'><strong>loco</strong></span> <span class='ocrx_word' id='word_1_39' title='bbox 782 534 862 590; x_wconf 90' lang='lat' dir='ltr'><strong>inse-</strong></span> 
     </span>
     <span class='ocr_line' id='line_1_8' title="bbox 49 606 861 679; baseline -0.011 -9"><span class='ocrx_word' id='word_1_40' title='bbox 49 612 91 670; x_wconf 87' lang='lat' dir='ltr'><strong>rit</strong></span> <span class='ocrx_word' id='word_1_41' title='bbox 106 629 113 668; x_wconf 92' lang='lat'>:</span> <span class='ocrx_word' id='word_1_42' title='bbox 136 634 147 658; x_wconf 70' lang='lat' dir='ltr'><strong>s</strong></span> <span class='ocrx_word' id='word_1_43' title='bbox 162 610 200 666; x_wconf 83' lang='lat' dir='ltr'><strong>Et</strong></span> <span class='ocrx_word' id='word_1_44' title='bbox 214 609 320 674; x_wconf 79' lang='lat' dir='ltr'><strong>homa,</strong></span> <span class='ocrx_word' id='word_1_45' title='bbox 337 606 429 678; x_wconf 83' lang='lat' dir='ltr'><strong>passio</strong></span> <span class='ocrx_word' id='word_1_46' title='bbox 446 613 604 662; x_wconf 91' lang='lat' dir='ltr'><strong>sanctorum</strong></span> <span class='ocrx_word' id='word_1_47' title='bbox 615 607 747 679; x_wconf 80' lang='lat' dir='ltr'>Diogenis</span> <span class='ocrx_word' id='word_1_48' title='bbox 761 606 861 673; x_wconf 89' lang='lat' dir='ltr'><strong>etQui·</strong></span> 
     </span>
     <span class='ocr_line' id='line_1_9' title="bbox 48 676 862 742; baseline -0.007 -3"><span class='ocrx_word' id='word_1_49' title='bbox 48 683 130 742; x_wconf 84' lang='lat' dir='ltr'><strong>riaci.</strong></span> <span class='ocrx_word' id='word_1_50' title='bbox 151 705 162 732; x_wconf 75' lang='lat' dir='ltr'><strong>s</strong></span> <span class='ocrx_word' id='word_1_51' title='bbox 183 681 290 736; x_wconf 84' lang='lat' dir='ltr'><strong>Eorum</strong></span> <span class='ocrx_word' id='word_1_52' title='bbox 305 677 375 734; x_wconf 89' lang='lat' dir='ltr'><strong>socii</strong></span> <span class='ocrx_word' id='word_1_53' title='bbox 389 678 418 734; x_wconf 93' lang='lat' dir='ltr'><strong>in</strong></span> <span class='ocrx_word' id='word_1_54' title='bbox 435 679 513 734; x_wconf 83' lang='lat' dir='ltr'><strong>Actis</strong></span> <span class='ocrx_word' id='word_1_55' title='bbox 525 686 733 736; x_wconf 77' lang='lat' dir='ltr'><strong>enumerantur.</strong></span> <span class='ocrx_word' id='word_1_56' title='bbox 750 681 780 735; x_wconf 90' lang='lat' dir='ltr'><strong>lu</strong></span> <span class='ocrx_word' id='word_1_57' title='bbox 795 676 862 734; x_wconf 91' lang='lat' dir='ltr'><strong>Vul-</strong></span> 
     </span>
     <span class='ocr_line' id='line_1_10' title="bbox 50 749 861 832; baseline -0.011 -18"><span class='ocrx_word' id='word_1_58' title='bbox 50 752 367 832; x_wconf 81' lang='lat' dir='ltr'><strong>maroetAvitopurus,</strong></span> <span class='ocrx_word' id='word_1_59' title='bbox 384 749 546 822; x_wconf 87' lang='lat' dir='ltr'><strong>subjungit:</strong></span> <span class='ocrx_word' id='word_1_60' title='bbox 572 753 623 807; x_wconf 68' lang='lat' dir='ltr'><strong>:ln</strong></span> <span class='ocrx_word' id='word_1_61' title='bbox 634 752 774 809; x_wconf 84' lang='lat' dir='ltr'><strong>territorio</strong></span> <span class='ocrx_word' id='word_1_62' title='bbox 786 751 861 806; x_wconf 86' lang='lat' dir='ltr'><strong>Ditu·</strong></span> 
     </span>
     <span class='ocr_line' id='line_1_11' title="bbox 50 822 854 949; baseline -0.01 -64"><span class='ocrx_word' id='word_1_63' title='bbox 50 827 168 893; x_wconf 78' lang='lat' dir='ltr'><strong>moenai,</strong></span> <span class='ocrx_word' id='word_1_64' title='bbox 184 831 275 880; x_wconf 83' lang='lat' dir='ltr'><strong>sancti</strong></span> <span class='ocrx_word' id='word_1_65' title='bbox 299 822 452 894; x_wconf 85' lang='lat' dir='ltr'><strong>Bothulphi</strong></span> <span class='ocrx_word' id='word_1_66' title='bbox 472 823 594 949; x_wconf 78' lang='lat' dir='ltr'><strong>eqiscopi</strong></span> <span class='ocrx_word' id='word_1_67' title='bbox 610 831 639 880; x_wconf 89' lang='lat' dir='ltr'><strong>et</strong></span> <span class='ocrx_word' id='word_1_68' title='bbox 652 822 828 881; x_wconf 85' lang='lat' dir='ltr'><strong>confessoris.</strong></span> <span class='ocrx_word' id='word_1_69' title='bbox 844 845 854 870; x_wconf 80' lang='grc' dir='ltr'>ι</span> 
     </span>
     <span class='ocr_line' id='line_1_12' title="bbox 50 893 863 967; baseline -0.012 -9"><span class='ocrx_word' id='word_1_70' title='bbox 50 898 151 959; x_wconf 77' lang='lat' dir='ltr'>Voluit</span> <span class='ocrx_word' id='word_1_71' title='bbox 166 896 261 953; x_wconf 90' lang='lat' dir='ltr'><strong>dicere</strong></span> <span class='ocrx_word' id='word_1_72' title='bbox 282 917 292 942; x_wconf 78' lang='grc' dir='ltr'>ι</span> <span class='ocrx_word' id='word_1_73' title='bbox 307 893 471 965; x_wconf 87' lang='lat' dir='ltr'><strong>Gundulphi</strong></span> <span class='ocrx_word' id='word_1_74' title='bbox 507 911 556 967; x_wconf 91' lang='lat' dir='ltr'><strong>pso</strong></span> <span class='ocrx_word' id='word_1_75' title='bbox 569 894 615 952; x_wconf 92' lang='lat' dir='ltr'><strong>die</strong></span> <span class='ocrx_word' id='word_1_76' title='bbox 627 896 700 967; x_wconf 93' lang='lat' dir='ltr'><strong>apud</strong></span> <span class='ocrx_word' id='word_1_77' title='bbox 715 895 863 951; x_wconf 88' lang='lat' dir='ltr'><strong>llothoma-</strong></span> 
     </span>
     <span class='ocr_line' id='line_1_13' title="bbox 51 964 863 1046; baseline -0.007 -19"><span class='ocrx_word' id='word_1_78' title='bbox 51 988 132 1046; x_wconf 76' lang='lat' dir='ltr'><strong>gum</strong></span> <span class='ocrx_word' id='word_1_79' title='bbox 146 967 294 1026; x_wconf 73' lang='lat' dir='ltr'><strong>translatio</strong></span> <span class='ocrx_word' id='word_1_80' title='bbox 316 964 441 1038; x_wconf 91' lang='lat' dir='ltr'><strong>corporis</strong></span> <span class='ocrx_word' id='word_1_81' title='bbox 461 967 549 1022; x_wconf 89' lang='lat' dir='ltr'><strong>sancti</strong></span> <span class='ocrx_word' id='word_1_82' title='bbox 565 966 682 1024; x_wconf 81' lang='lat' dir='ltr'><strong>Romani</strong></span> <span class='ocrx_word' id='word_1_83' title='bbox 698 967 820 1039; x_wconf 80' lang='lat' dir='ltr'><strong>episcopi</strong></span> <span class='ocrx_word' id='word_1_84' title='bbox 835 972 863 1021; x_wconf 88' lang='lat' dir='ltr'><strong>et</strong></span> 
     </span>
     <span class='ocr_line' id='line_1_14' title="bbox 52 1038 864 1101; baseline -0.01 0"><span class='ocrx_word' id='word_1_85' title='bbox 52 1042 233 1101; x_wconf 77' lang='lat' dir='ltr'><strong>confessoris.</strong></span> <span class='ocrx_word' id='word_1_86' title='bbox 253 1065 262 1088; x_wconf 79' lang='grc' dir='ltr'>ι</span> <span class='ocrx_word' id='word_1_87' title='bbox 284 1038 349 1095; x_wconf 88' lang='lat' dir='ltr'><strong>Dies</strong></span> <span class='ocrx_word' id='word_1_88' title='bbox 365 1038 466 1094; x_wconf 87' lang='lat' dir='ltr'><strong>natalis</strong></span> <span class='ocrx_word' id='word_1_89' title='bbox 489 1047 531 1094; x_wconf 90' lang='lat' dir='ltr'><strong>est</strong></span> <span class='ocrx_word' id='word_1_90' title='bbox 544 1055 618 1096; x_wconf 88' lang='lat' dir='ltr'><strong>xxm</strong></span> <span class='ocrx_word' id='word_1_91' title='bbox 640 1039 779 1096; x_wconf 79' lang='lat' dir='ltr'><strong>Octobris.</strong></span> <span class='ocrx_word' id='word_1_92' title='bbox 803 1038 864 1093; x_wconf 86' lang='lat' dir='ltr'><strong>«Et</strong></span> 
     </span>
     <span class='ocr_line' id='line_1_15' title="bbox 52 1108 863 1249; baseline -0.009 -77"><span class='ocrx_word' id='word_1_93' title='bbox 52 1115 142 1172; x_wconf 71' lang='lat' dir='ltr'><strong>uncti</strong></span> <span class='ocrx_word' id='word_1_94' title='bbox 158 1110 283 1185; x_wconf 80' lang='lat' dir='ltr'><strong>dycadri</strong></span> <span class='ocrx_word' id='word_1_95' title='bbox 295 1109 376 1249; x_wconf 46' lang='lat' dir='ltr'><strong>&amp;aliis</strong></span> <span class='ocrx_word' id='word_1_96' title='bbox 390 1110 533 1181; x_wconf 81' lang='lat' dir='ltr'><strong>Aicbordi)</strong></span> <span class='ocrx_word' id='word_1_97' title='bbox 557 1111 666 1167; x_wconf 91' lang='lat' dir='ltr'><strong>abbatis</strong></span> <span class='ocrx_word' id='word_1_98' title='bbox 680 1108 863 1184; x_wconf 88' lang='lat' dir='ltr'><strong>Gunegiensis</strong></span> 
     </span>
     <span class='ocr_line' id='line_1_16' title="bbox 50 1181 864 1258; baseline -0.01 -14"><span class='ocrx_word' id='word_1_99' title='bbox 50 1184 267 1258; x_wconf 79' lang='lat' dir='ltr'><strong>(demeticeosis)</strong></span> <span class='ocrx_word' id='word_1_100' title='bbox 321 1181 350 1237; x_wconf 90' lang='lat' dir='ltr'><strong>ui</strong></span> <span class='ocrx_word' id='word_1_101' title='bbox 369 1198 432 1238; x_wconf 90' lang='lat' dir='ltr'><strong>cum</strong></span> <span class='ocrx_word' id='word_1_102' title='bbox 448 1193 602 1254; x_wconf 87' lang='lat' dir='ltr'><strong>nongentos</strong></span> <span class='ocrx_word' id='word_1_103' title='bbox 623 1182 737 1239; x_wconf 92' lang='lat' dir='ltr'><strong>haberet</strong></span> <span class='ocrx_word' id='word_1_104' title='bbox 762 1198 864 1237; x_wconf 89' lang='lat' dir='ltr'><strong>mona-</strong></span> 
     </span>
     <span class='ocr_line' id='line_1_17' title="bbox 52 1255 864 1328; baseline -0.011 -12"><span class='ocrx_word' id='word_1_105' title='bbox 52 1258 133 1327; x_wconf 87' lang='lat' dir='ltr'><strong>chos,</strong></span> <span class='ocrx_word' id='word_1_106' title='bbox 160 1255 254 1313; x_wconf 89' lang='lat' dir='ltr'><strong>media</strong></span> <span class='ocrx_word' id='word_1_107' title='bbox 277 1269 373 1310; x_wconf 85' lang='lat' dir='ltr'><strong>eorum</strong></span> <span class='ocrx_word' id='word_1_108' title='bbox 399 1270 472 1327; x_wconf 92' lang='lat' dir='ltr'><strong>pars,</strong></span> <span class='ocrx_word' id='word_1_109' title='bbox 497 1255 687 1328; x_wconf 88' lang='lat' dir='ltr'><strong>perangelum</strong></span> <span class='ocrx_word' id='word_1_110' title='bbox 703 1255 757 1312; x_wconf 90' lang='lat' dir='ltr'><strong>sibi</strong></span> <span class='ocrx_word' id='word_1_111' title='bbox 778 1261 864 1310; x_wconf 93' lang='lat' dir='ltr'><strong>noctu</strong></span> 
     </span>
     <span class='ocr_line' id='line_1_18' title="bbox 53 1325 864 1412; baseline -0.007 -26"><span class='ocrx_word' id='word_1_112' title='bbox 53 1330 234 1412; x_wconf 82' lang='lat' dir='ltr'><strong>praesignata,</strong></span> <span class='ocrx_word' id='word_1_113' title='bbox 260 1342 316 1383; x_wconf 91' lang='lat' dir='ltr'><strong>una</strong></span> <span class='ocrx_word' id='word_1_114' title='bbox 334 1325 380 1383; x_wconf 92' lang='lat' dir='ltr'><strong>die</strong></span> <span class='ocrx_word' id='word_1_115' title='bbox 404 1326 534 1398; x_wconf 91' lang='lat' dir='ltr'><strong>migravit</strong></span> <span class='ocrx_word' id='word_1_116' title='bbox 550 1327 585 1383; x_wconf 91' lang='lat' dir='ltr'><strong>ad</strong></span> <span class='ocrx_word' id='word_1_117' title='bbox 609 1327 771 1384; x_wconf 87' lang='lat' dir='ltr'><strong>Dominum.</strong></span> <span class='ocrx_word' id='word_1_118' title='bbox 789 1326 864 1393; x_wconf 85' lang='lat' dir='ltr'><strong>Quos</strong></span> 
     </span>
     <span class='ocr_line' id='line_1_19' title="bbox 53 1398 856 1473; baseline -0.006 -14"><span class='ocrx_word' id='word_1_119' title='bbox 53 1419 64 1459; x_wconf 91' lang='grc' dir='ltr'><strong>ι</strong></span> <span class='ocrx_word' id='word_1_120' title='bbox 132 1417 191 1458; x_wconf 89' lang='lat' dir='ltr'><strong>non</strong></span> <span class='ocrx_word' id='word_1_121' title='bbox 204 1399 294 1456; x_wconf 93' lang='lat' dir='ltr'><strong>multo</strong></span> <span class='ocrx_word' id='word_1_122' title='bbox 312 1405 375 1471; x_wconf 84' lang='lat' dir='ltr'><strong>post</strong></span> <span class='ocrx_word' id='word_1_123' title='bbox 388 1407 510 1466; x_wconf 91' lang='lat' dir='ltr'><strong>secutus,</strong></span> <span class='ocrx_word' id='word_1_124' title='bbox 535 1399 643 1473; x_wconf 92' lang='lat' dir='ltr'><strong>quievit</strong></span> <span class='ocrx_word' id='word_1_125' title='bbox 663 1400 694 1455; x_wconf 93' lang='lat' dir='ltr'><strong>iu</strong></span> <span class='ocrx_word' id='word_1_126' title='bbox 708 1398 856 1458; x_wconf 78' lang='lat' dir='ltr'><strong>Christo.»</strong></span> 
     </span>
     <span class='ocr_line' id='line_1_20' title="bbox 53 1419 521 1542; baseline -0.013 -10"><span class='ocrx_word' id='word_1_127' title='bbox 53 1419 222 1532; x_wconf 47' lang='lat' dir='ltr'><strong>mittitur</strong></span> <span class='ocrx_word' id='word_1_128' title='bbox 236 1470 271 1527; x_wconf 90' lang='lat' dir='ltr'><strong>ad</strong></span> <span class='ocrx_word' id='word_1_129' title='bbox 285 1486 323 1526; x_wconf 82' lang='lat' dir='ltr'><strong>xv</strong></span> <span class='ocrx_word' id='word_1_130' title='bbox 341 1469 521 1542; x_wconf 90' lang='lat' dir='ltr'><strong>Septembris.</strong></span> 
     </span>
    </p>
   </div>
   <div class='ocr_carea' id='block_1_7' title="bbox 92 1557 862 1642">
    <p class='ocr_par' dir='ltr' id='par_1_7' title="bbox 92 1557 862 1642">
     <span class='ocr_line' id='line_1_21' title="bbox 92 1557 862 1642; baseline -0.01 -21"><span class='ocrx_word' id='word_1_131' title='bbox 92 1564 276 1621; x_wconf 75' lang='lat' dir='ltr'><strong>Daemones.</strong></span> <span class='ocrx_word' id='word_1_132' title='bbox 292 1561 327 1617; x_wconf 88' lang='lat' dir='ltr'><strong>de</strong></span> <span class='ocrx_word' id='word_1_133' title='bbox 343 1560 470 1618; x_wconf 88' lang='lat' dir='ltr'><strong>ducentis</strong></span> <span class='ocrx_word' id='word_1_134' title='bbox 489 1561 634 1642; x_wconf 72' lang='lat' dir='ltr'><strong>sexaginta</strong></span> <span class='ocrx_word' id='word_1_135' title='bbox 648 1559 758 1617; x_wconf 91' lang='lat' dir='ltr'><strong>duobus</strong></span> <span class='ocrx_word' id='word_1_136' title='bbox 773 1557 862 1626; x_wconf 91' lang='lat' dir='ltr'><strong>addit,</strong></span> 
     </span>
    </p>
   </div>
   <div class='ocr_carea' id='block_1_8' title="bbox 918 382 1720 532">
    <p class='ocr_par' dir='ltr' id='par_1_8' title="bbox 918 382 1720 532">
     <span class='ocr_line' id='line_1_22' title="bbox 953 382 1718 458; baseline 0.003 -15"><span class='ocrx_word' id='word_1_137' title='bbox 953 385 1047 443; x_wconf 85' lang='lat' dir='ltr'><strong>Codex</strong></span> <span class='ocrx_word' id='word_1_138' title='bbox 1071 384 1099 442; x_wconf 89' lang='lat' dir='ltr'><strong>S.</strong></span> <span class='ocrx_word' id='word_1_139' title='bbox 1127 385 1280 443; x_wconf 69' lang='lat' dir='ltr'><strong>Dreinos:</strong></span> <span class='ocrx_word' id='word_1_140' title='bbox 1303 408 1314 433; x_wconf 77' lang='grc' dir='ltr'>ι</span> <span class='ocrx_word' id='word_1_141' title='bbox 1334 382 1472 457; x_wconf 75' lang='lat' dir='ltr'><strong>Lugduni,</strong></span> <span class='ocrx_word' id='word_1_142' title='bbox 1488 383 1626 458; x_wconf 82' lang='lat' dir='ltr'><strong>depositio</strong></span> <span class='ocrx_word' id='word_1_143' title='bbox 1642 386 1718 446; x_wconf 88' lang='lat' dir='ltr'><strong>beati</strong></span> 
     </span>
     <span class='ocr_line' id='line_1_23' title="bbox 918 456 1720 532; baseline 0.005 -19"><span class='ocrx_word' id='word_1_144' title='bbox 918 457 1064 515; x_wconf 78' lang='lat' dir='ltr'><strong>Aureliani</strong></span> <span class='ocrx_word' id='word_1_145' title='bbox 1074 458 1197 532; x_wconf 91' lang='lat' dir='ltr'><strong>episcopi</strong></span> <span class='ocrx_word' id='word_1_146' title='bbox 1206 456 1386 514; x_wconf 80' lang='lat' dir='ltr'><strong>Arelatensis.</strong></span> <span class='ocrx_word' id='word_1_147' title='bbox 1401 480 1411 504; x_wconf 80' lang='lat'><strong>·</strong></span> <span class='ocrx_word' id='word_1_148' title='bbox 1432 457 1476 512; x_wconf 87' lang='lat' dir='ltr'><strong>Ex</strong></span> <span class='ocrx_word' id='word_1_149' title='bbox 1487 456 1720 530; x_wconf 85' lang='lat' dir='ltr'><strong>dieprsecedenti.</strong></span> 
     </span>
    </p>
   </div>
   <div class='ocr_carea' id='block_1_9' title="bbox 918 546 1722 757">
    <p class='ocr_par' dir='ltr' id='par_1_9' title="bbox 918 546 1722 757">
     <span class='ocr_line' id='line_1_24' title="bbox 953 546 1722 625; baseline 0.008 -22"><span class='ocrx_word' id='word_1_150' title='bbox 953 548 1075 604; x_wconf 77' lang='lat' dir='ltr'><strong>Russus.</strong></span> <span class='ocrx_word' id='word_1_151' title='bbox 1091 547 1153 603; x_wconf 87' lang='lat' dir='ltr'><strong>:SS</strong></span> <span class='ocrx_word' id='word_1_152' title='bbox 1166 547 1237 603; x_wconf 86' lang='lat' dir='ltr'><strong>Tim.</strong></span> <span class='ocrx_word' id='word_1_153' title='bbox 1249 554 1276 603; x_wconf 95' lang='lat' dir='ltr'><strong>et</strong></span> <span class='ocrx_word' id='word_1_154' title='bbox 1287 546 1379 618; x_wconf 79' lang='lat' dir='ltr'><strong>vlpoll.</strong></span> <span class='ocrx_word' id='word_1_155' title='bbox 1396 546 1446 602; x_wconf 80' lang='lat' dir='ltr'><strong>«ln</strong></span> <span class='ocrx_word' id='word_1_156' title='bbox 1457 549 1634 618; x_wconf 87' lang='lat' dir='ltr'><strong>monasterio,</strong></span> <span class='ocrx_word' id='word_1_157' title='bbox 1647 552 1722 625; x_wconf 95' lang='lat' dir='ltr'><strong>quod</strong></span> 
     </span>
     <span class='ocr_line' id='line_1_25' title="bbox 921 619 1720 690; baseline 0.006 -16"><span class='ocrx_word' id='word_1_158' title='bbox 921 619 1027 688; x_wconf 75' lang='lat' dir='ltr'><strong>Harma,</strong></span> <span class='ocrx_word' id='word_1_159' title='bbox 1044 644 1053 666; x_wconf 82' lang='lat'><strong>·</strong></span> <span class='ocrx_word' id='word_1_160' title='bbox 1073 621 1115 675; x_wconf 89' lang='lat' dir='ltr'><strong>vel</strong></span> <span class='ocrx_word' id='word_1_161' title='bbox 1139 619 1266 674; x_wconf 78' lang='lat' dir='ltr'><strong>‹Harcea</strong></span> <span class='ocrx_word' id='word_1_162' title='bbox 1280 627 1466 690; x_wconf 87' lang='lat' dir='ltr'><strong>nuncupatur,</strong></span> <span class='ocrx_word' id='word_1_163' title='bbox 1482 619 1570 675; x_wconf 90' lang='lat' dir='ltr'><strong>sancti</strong></span> <span class='ocrx_word' id='word_1_164' title='bbox 1581 621 1720 679; x_wconf 90' lang='lat' dir='ltr'><strong>Wulmari</strong></span> 
     </span>
     <span class='ocr_line' id='line_1_26' title="bbox 918 688 1506 757; baseline -0.002 -10"><span class='ocrx_word' id='word_1_165' title='bbox 918 691 1094 747; x_wconf 86' lang='lat' dir='ltr'><strong>confessoris.</strong></span> <span class='ocrx_word' id='word_1_166' title='bbox 1112 715 1121 737; x_wconf 69' lang='grc' dir='ltr'>ι</span> <span class='ocrx_word' id='word_1_167' title='bbox 1144 691 1216 747; x_wconf 86' lang='lat' dir='ltr'><strong>Vide</strong></span> <span class='ocrx_word' id='word_1_168' title='bbox 1232 689 1278 747; x_wconf 91' lang='lat' dir='ltr'><strong>hic</strong></span> <span class='ocrx_word' id='word_1_169' title='bbox 1292 688 1375 757; x_wconf 75' lang='lat' dir='ltr'><strong>inira,</strong></span> <span class='ocrx_word' id='word_1_170' title='bbox 1392 689 1506 746; x_wconf 75' lang='lat' dir='ltr'><strong>Iuliani.</strong></span> 
     </span>
    </p>
   </div>
   <div class='ocr_carea' id='block_1_10' title="bbox 919 780 1724 1640">
    <p class='ocr_par' dir='ltr' id='par_1_10' title="bbox 919 780 1724 1640">
     <span class='ocr_line' id='line_1_27' title="bbox 955 780 1720 856; baseline 0.005 -19"><span class='ocrx_word' id='word_1_171' title='bbox 955 782 1056 838; x_wconf 88' lang='lat' dir='ltr'><strong>Eovrro</strong></span> <span class='ocrx_word' id='word_1_172' title='bbox 1072 780 1261 838; x_wconf 85' lang='lat' dir='ltr'><strong>huneco-Con.</strong></span> <span class='ocrx_word' id='word_1_173' title='bbox 1277 780 1308 835; x_wconf 93' lang='lat' dir='ltr'><strong>in</strong></span> <span class='ocrx_word' id='word_1_174' title='bbox 1324 780 1413 852; x_wconf 90' lang='lat' dir='ltr'><strong>prima</strong></span> <span class='ocrx_word' id='word_1_175' title='bbox 1438 798 1493 837; x_wconf 81' lang='lat' dir='ltr'><strong>vura</strong></span> <span class='ocrx_word' id='word_1_176' title='bbox 1509 788 1560 837; x_wconf 91' lang='lat' dir='ltr'><strong>est.</strong></span> <span class='ocrx_word' id='word_1_177' title='bbox 1574 781 1720 856; x_wconf 85' lang='lat' dir='ltr'><strong>Sequitur:</strong></span> 
     </span>
     <span class='ocr_line' id='line_1_28' title="bbox 925 797 1721 924; baseline 0.005 -15"><span class='ocrx_word' id='word_1_178' title='bbox 925 854 976 910; x_wconf 75' lang='lat' dir='ltr'><strong>«ln</strong></span> <span class='ocrx_word' id='word_1_179' title='bbox 988 862 1082 908; x_wconf 90' lang='lat' dir='ltr'><strong>monte</strong></span> <span class='ocrx_word' id='word_1_180' title='bbox 1095 853 1182 921; x_wconf 80' lang='lat' dir='ltr'><strong>lovis,</strong></span> <span class='ocrx_word' id='word_1_181' title='bbox 1194 851 1331 924; x_wconf 85' lang='lat' dir='ltr'><strong>depositio</strong></span> <span class='ocrx_word' id='word_1_182' title='bbox 1342 851 1412 907; x_wconf 85' lang='lat' dir='ltr'><strong>beati</strong></span> <span class='ocrx_word' id='word_1_183' title='bbox 1426 797 1556 909; x_wconf 59' lang='lat' dir='ltr'><strong>heroardi</strong></span> <span class='ocrx_word' id='word_1_184' title='bbox 1568 853 1721 924; x_wconf 83' lang='lat' dir='ltr'><strong>heremita,</strong></span> 
     </span>
     <span class='ocr_line' id='line_1_29' title="bbox 919 924 1722 984; baseline 0.005 -4"><span class='ocrx_word' id='word_1_185' title='bbox 919 925 1030 980; x_wconf 82' lang='lat' dir='ltr'><strong>eximiae</strong></span> <span class='ocrx_word' id='word_1_186' title='bbox 1050 925 1207 981; x_wconf 81' lang='lat' dir='ltr'><strong>sanctitatis</strong></span> <span class='ocrx_word' id='word_1_187' title='bbox 1224 925 1289 979; x_wconf 85' lang='lat' dir='ltr'><strong>viri.</strong></span> <span class='ocrx_word' id='word_1_188' title='bbox 1306 924 1358 980; x_wconf 88' lang='lat' dir='ltr'><strong>ilie</strong></span> <span class='ocrx_word' id='word_1_189' title='bbox 1379 924 1452 979; x_wconf 88' lang='lat' dir='ltr'><strong>inter</strong></span> <span class='ocrx_word' id='word_1_190' title='bbox 1466 933 1564 981; x_wconf 84' lang='lat' dir='ltr'><strong>caetera</strong></span> <span class='ocrx_word' id='word_1_191' title='bbox 1578 926 1722 984; x_wconf 85' lang='lat' dir='ltr'><strong>infirmita·</strong></span> 
     </span>
     <span class='ocr_line' id='line_1_30' title="bbox 920 996 1722 1070; baseline 0.004 -17"><span class='ocrx_word' id='word_1_192' title='bbox 920 1005 979 1053; x_wconf 91' lang='lat' dir='ltr'><strong>tum</strong></span> <span class='ocrx_word' id='word_1_193' title='bbox 995 1012 1093 1069; x_wconf 87' lang='lat' dir='ltr'><strong>genera</strong></span> <span class='ocrx_word' id='word_1_194' title='bbox 1105 997 1243 1064; x_wconf 86' lang='lat' dir='ltr'><strong>morbum,</strong></span> <span class='ocrx_word' id='word_1_195' title='bbox 1254 1012 1335 1069; x_wconf 92' lang='lat' dir='ltr'><strong>quem</strong></span> <span class='ocrx_word' id='word_1_196' title='bbox 1351 996 1460 1068; x_wconf 79' lang='lat' dir='ltr'><strong>physici</strong></span> <span class='ocrx_word' id='word_1_197' title='bbox 1472 997 1621 1070; x_wconf 78' lang='lat' dir='ltr'><strong>paralysim</strong></span> <span class='ocrx_word' id='word_1_198' title='bbox 1632 999 1722 1056; x_wconf 91' lang='lat' dir='ltr'><strong>nomi·</strong></span> 
     </span>
     <span class='ocr_line' id='line_1_31' title="bbox 921 1067 1723 1134; baseline 0.005 -11"><span class='ocrx_word' id='word_1_199' title='bbox 921 1077 998 1134; x_wconf 91' lang='lat' dir='ltr'><strong>nant,</strong></span> <span class='ocrx_word' id='word_1_200' title='bbox 1014 1068 1113 1124; x_wconf 90' lang='lat' dir='ltr'><strong>solitus</strong></span> <span class='ocrx_word' id='word_1_201' title='bbox 1128 1077 1168 1124; x_wconf 90' lang='lat' dir='ltr'><strong>est</strong></span> <span class='ocrx_word' id='word_1_202' title='bbox 1182 1084 1312 1124; x_wconf 78' lang='lat' dir='ltr'><strong>curare.»</strong></span> <span class='ocrx_word' id='word_1_203' title='bbox 1334 1067 1443 1125; x_wconf 82' lang='lat' dir='ltr'><strong>Colitur</strong></span> <span class='ocrx_word' id='word_1_204' title='bbox 1455 1085 1493 1123; x_wconf 93' lang='lat' dir='ltr'><strong>xv</strong></span> <span class='ocrx_word' id='word_1_205' title='bbox 1508 1069 1594 1124; x_wconf 84' lang='lat' dir='ltr'><strong>lunii.</strong></span> <span class='ocrx_word' id='word_1_206' title='bbox 1605 1071 1644 1126; x_wconf 89' lang='lat' dir='ltr'><strong>De</strong></span> <span class='ocrx_word' id='word_1_207' title='bbox 1655 1071 1723 1127; x_wconf 89' lang='lat' dir='ltr'><strong>Vul-</strong></span> 
     </span>
     <span class='ocr_line' id='line_1_32' title="bbox 919 1139 1715 1211; baseline 0.006 -18"><span class='ocrx_word' id='word_1_208' title='bbox 919 1155 996 1194; x_wconf 90' lang='lat' dir='ltr'><strong>maro</strong></span> <span class='ocrx_word' id='word_1_209' title='bbox 1011 1139 1098 1206; x_wconf 82' lang='lat' dir='ltr'><strong>addit,</strong></span> <span class='ocrx_word' id='word_1_210' title='bbox 1122 1164 1131 1186; x_wconf 83' lang='grc' dir='ltr'>ι</span> <span class='ocrx_word' id='word_1_211' title='bbox 1145 1139 1275 1211; x_wconf 89' lang='lat' dir='ltr'><strong>discipuli</strong></span> <span class='ocrx_word' id='word_1_212' title='bbox 1299 1139 1387 1195; x_wconf 88' lang='lat' dir='ltr'><strong>sancti</strong></span> <span class='ocrx_word' id='word_1_213' title='bbox 1402 1139 1498 1195; x_wconf 88' lang='lat' dir='ltr'><strong>Judoci</strong></span> <span class='ocrx_word' id='word_1_214' title='bbox 1514 1140 1689 1198; x_wconf 79' lang='lat' dir='ltr'><strong>confessoris.</strong></span> <span class='ocrx_word' id='word_1_215' title='bbox 1705 1165 1715 1189; x_wconf 73' lang='grc' dir='ltr'>ι</span> 
     </span>
     <span class='ocr_line' id='line_1_33' title="bbox 920 1210 1722 1284; baseline 0.004 -18"><span class='ocrx_word' id='word_1_216' title='bbox 920 1212 951 1266; x_wconf 91' lang='lat' dir='ltr'><strong>ln</strong></span> <span class='ocrx_word' id='word_1_217' title='bbox 967 1210 1196 1282; x_wconf 89' lang='lat' dir='ltr'><strong>Gundullopura</strong></span> <span class='ocrx_word' id='word_1_218' title='bbox 1209 1218 1259 1267; x_wconf 89' lang='lat' dir='ltr'><strong>est.</strong></span> <span class='ocrx_word' id='word_1_219' title='bbox 1288 1211 1342 1265; x_wconf 75' lang='lat' dir='ltr'><strong>«ln</strong></span> <span class='ocrx_word' id='word_1_220' title='bbox 1362 1212 1529 1267; x_wconf 87' lang='lat' dir='ltr'><strong>monasterio</strong></span> <span class='ocrx_word' id='word_1_221' title='bbox 1543 1213 1617 1284; x_wconf 93' lang='lat' dir='ltr'><strong>quod</strong></span> <span class='ocrx_word' id='word_1_222' title='bbox 1632 1217 1722 1270; x_wconf 79' lang='lat' dir='ltr'><strong>Arena</strong></span> 
     </span>
     <span class='ocr_line' id='line_1_34' title="bbox 920 1281 1723 1354; baseline 0.005 -17"><span class='ocrx_word' id='word_1_223' title='bbox 920 1292 1109 1354; x_wconf 86' lang='lat' dir='ltr'><strong>nuncupatur,</strong></span> <span class='ocrx_word' id='word_1_224' title='bbox 1125 1282 1213 1338; x_wconf 89' lang='lat' dir='ltr'><strong>sancti</strong></span> <span class='ocrx_word' id='word_1_225' title='bbox 1233 1282 1337 1338; x_wconf 84' lang='lat' dir='ltr'><strong>iuliani</strong></span> <span class='ocrx_word' id='word_1_226' title='bbox 1360 1281 1535 1339; x_wconf 81' lang='lat' dir='ltr'><strong>contessoris.</strong></span> <span class='ocrx_word' id='word_1_227' title='bbox 1554 1309 1563 1332; x_wconf 79' lang='grc' dir='ltr'>ι</span> <span class='ocrx_word' id='word_1_228' title='bbox 1585 1285 1615 1340; x_wconf 94' lang='lat' dir='ltr'><strong>ln</strong></span> <span class='ocrx_word' id='word_1_229' title='bbox 1637 1286 1723 1341; x_wconf 82' lang='lat' dir='ltr'><strong>Avito</strong></span> 
     </span>
     <span class='ocr_line' id='line_1_35' title="bbox 921 1354 1722 1435; baseline 0.004 -26"><span class='ocrx_word' id='word_1_230' title='bbox 921 1355 1004 1410; x_wconf 88' lang='lat' dir='ltr'><strong>etiam</strong></span> <span class='ocrx_word' id='word_1_231' title='bbox 1015 1369 1087 1435; x_wconf 88' lang='lat' dir='ltr'><strong>pura</strong></span> <span class='ocrx_word' id='word_1_232' title='bbox 1098 1361 1149 1410; x_wconf 92' lang='lat' dir='ltr'><strong>est.</strong></span> <span class='ocrx_word' id='word_1_233' title='bbox 1173 1354 1381 1422; x_wconf 72' lang='lat' dir='ltr'><strong>«alienandum,</strong></span> <span class='ocrx_word' id='word_1_234' title='bbox 1393 1362 1550 1410; x_wconf 88' lang='lat' dir='ltr'><strong>sanctorum</strong></span> <span class='ocrx_word' id='word_1_235' title='bbox 1562 1355 1684 1412; x_wconf 88' lang='lat' dir='ltr'><strong>Diostori</strong></span> <span class='ocrx_word' id='word_1_236' title='bbox 1696 1362 1722 1412; x_wconf 91' lang='lat' dir='ltr'><strong>et</strong></span> 
     </span>
     <span class='ocr_line' id='line_1_36' title="bbox 920 1423 1722 1500; baseline 0.005 -20"><span class='ocrx_word' id='word_1_237' title='bbox 920 1425 1022 1481; x_wconf 80' lang='lat' dir='ltr'><strong>Marini</strong></span> <span class='ocrx_word' id='word_1_238' title='bbox 1038 1434 1224 1497; x_wconf 77' lang='lat' dir='ltr'><strong>martyrum.»</strong></span> <span class='ocrx_word' id='word_1_239' title='bbox 1242 1423 1313 1481; x_wconf 85' lang='lat' dir='ltr'><strong>Vide</strong></span> <span class='ocrx_word' id='word_1_240' title='bbox 1323 1424 1401 1480; x_wconf 80' lang='lat' dir='ltr'><strong>dcta.</strong></span> <span class='ocrx_word' id='word_1_241' title='bbox 1410 1426 1450 1481; x_wconf 92' lang='lat' dir='ltr'><strong>De</strong></span> <span class='ocrx_word' id='word_1_242' title='bbox 1458 1426 1580 1494; x_wconf 83' lang='lat' dir='ltr'><strong>Dotullo,</strong></span> <span class='ocrx_word' id='word_1_243' title='bbox 1589 1435 1620 1483; x_wconf 89' lang='lat' dir='ltr'><strong>ut</strong></span> <span class='ocrx_word' id='word_1_244' title='bbox 1630 1443 1722 1500; x_wconf 91' lang='lat' dir='ltr'><strong>supra.</strong></span> 
     </span>
     <span class='ocr_line' id='line_1_37' title="bbox 927 1496 1724 1568; baseline 0.003 -16"><span class='ocrx_word' id='word_1_245' title='bbox 927 1498 983 1552; x_wconf 77' lang='lat' dir='ltr'><strong>«lu</strong></span> <span class='ocrx_word' id='word_1_246' title='bbox 1002 1505 1096 1552; x_wconf 86' lang='lat' dir='ltr'><strong>monte</strong></span> <span class='ocrx_word' id='word_1_247' title='bbox 1113 1496 1289 1568; x_wconf 89' lang='lat' dir='ltr'><strong>Sybergensi,</strong></span> <span class='ocrx_word' id='word_1_248' title='bbox 1304 1496 1449 1552; x_wconf 87' lang='lat' dir='ltr'><strong>translatio</strong></span> <span class='ocrx_word' id='word_1_249' title='bbox 1464 1497 1552 1552; x_wconf 90' lang='lat' dir='ltr'><strong>sancti</strong></span> <span class='ocrx_word' id='word_1_250' title='bbox 1566 1498 1724 1556; x_wconf 87' lang='lat' dir='ltr'><strong>innocentii</strong></span> 
     </span>
     <span class='ocr_line' id='line_1_38' title="bbox 920 1566 1645 1640; baseline -0.007 -16"><span class='ocrx_word' id='word_1_251' title='bbox 920 1568 1056 1640; x_wconf 83' lang='lat' dir='ltr'><strong>martyris</strong></span> <span class='ocrx_word' id='word_1_252' title='bbox 1071 1567 1105 1623; x_wconf 91' lang='lat' dir='ltr'><strong>de</strong></span> <span class='ocrx_word' id='word_1_253' title='bbox 1120 1568 1250 1624; x_wconf 89' lang='lat' dir='ltr'><strong>societate</strong></span> <span class='ocrx_word' id='word_1_254' title='bbox 1264 1575 1421 1623; x_wconf 90' lang='lat' dir='ltr'><strong>sanctorum</strong></span> <span class='ocrx_word' id='word_1_255' title='bbox 1435 1566 1618 1625; x_wconf 85' lang='lat' dir='ltr'><strong>Thebeorum.</strong></span> <span class='ocrx_word' id='word_1_256' title='bbox 1635 1594 1645 1619; x_wconf 69' lang='lat' dir='ltr'><strong>s</strong></span> 
     </span>
    </p>
   </div>
   <div class='ocr_carea' id='block_1_11' title="bbox 56 1631 1723 1799">
    <p class='ocr_par' dir='ltr' id='par_1_11' title="bbox 56 1631 1723 1799">
     <span class='ocr_line' id='line_1_39' title="bbox 56 1631 1723 1730; baseline -0.004 -7"><span class='ocrx_word' id='word_1_257' title='bbox 56 1632 595 1715; x_wconf 53' lang='lat' dir='ltr'><strong>‘1⁰⁰⁶&#39;dmum⁵in¹⁸¹¹b.c.¹²¹¹d¹⁰¹.¹¹¹</strong></span> <span class='ocrx_word' id='word_1_258' title='bbox 616 1641 754 1715; x_wconf 59' lang='lat' dir='ltr'><strong>ef³¹9s⁰³</strong></span> <span class='ocrx_word' id='word_1_259' title='bbox 771 1631 866 1712; x_wconf 63' lang='lat' dir='ltr'><strong>S⁰q¹¹i&#39;</strong></span> <span class='ocrx_word' id='word_1_260' title='bbox 880 1669 904 1730; x_wconf 83' lang='grc' dir='ltr'><strong>Β</strong></span> <span class='ocrx_word' id='word_1_261' title='bbox 960 1656 1087 1714; x_wconf 83' lang='lat' dir='ltr'><strong>Gssvnrt.</strong></span> <span class='ocrx_word' id='word_1_262' title='bbox 1108 1656 1196 1712; x_wconf 75' lang='lat' dir='ltr'><strong>«laem</strong></span> <span class='ocrx_word' id='word_1_263' title='bbox 1214 1663 1371 1714; x_wconf 89' lang='lat' dir='ltr'><strong>sanctorum</strong></span> <span class='ocrx_word' id='word_1_264' title='bbox 1395 1656 1527 1728; x_wconf 86' lang='lat' dir='ltr'><strong>Diogene,</strong></span> <span class='ocrx_word' id='word_1_265' title='bbox 1542 1656 1639 1728; x_wconf 88' lang='lat' dir='ltr'><strong>Blasti,</strong></span> <span class='ocrx_word' id='word_1_266' title='bbox 1655 1658 1723 1718; x_wconf 90' lang='lat' dir='ltr'><strong>Cau·</strong></span> 
     </span>
     <span class='ocr_line' id='line_1_40' title="bbox 56 1704 1723 1799; baseline -0.007 0"><span class='ocrx_word' id='word_1_267' title='bbox 56 1718 127 1766; x_wconf 65' lang='lat'>‘¹¹¹²</span> <span class='ocrx_word' id='word_1_268' title='bbox 151 1707 326 1779; x_wconf 57' lang='lat' dir='ltr'>‘mmm’</span> <span class='ocrx_word' id='word_1_269' title='bbox 336 1705 474 1777; x_wconf 64' lang='lat' dir='ltr'><strong>dep⁰⁸¹¹¹⁰</strong></span> <span class='ocrx_word' id='word_1_270' title='bbox 484 1714 573 1761; x_wconf 52' lang='grc' dir='ltr'><strong>ΒΜ</strong></span> <span class='ocrx_word' id='word_1_271' title='bbox 611 1705 697 1759; x_wconf 65' lang='lat' dir='ltr'><strong>”nfffl</strong></span> <span class='ocrx_word' id='word_1_272' title='bbox 711 1704 864 1759; x_wconf 57' lang='lat' dir='ltr'><strong>mm·</strong></span> <span class='ocrx_word' id='word_1_273' title='bbox 924 1729 1009 1786; x_wconf 90' lang='lat' dir='ltr'><strong>ciani.</strong></span> <span class='ocrx_word' id='word_1_274' title='bbox 1021 1728 1126 1797; x_wconf 85' lang='lat' dir='ltr'><strong>Romae,</strong></span> <span class='ocrx_word' id='word_1_275' title='bbox 1141 1728 1272 1799; x_wconf 77' lang='lat' dir='ltr'><strong>Diogenis</strong></span> <span class='ocrx_word' id='word_1_276' title='bbox 1282 1737 1308 1785; x_wconf 90' lang='lat' dir='ltr'><strong>et</strong></span> <span class='ocrx_word' id='word_1_277' title='bbox 1318 1728 1436 1785; x_wconf 91' lang='lat' dir='ltr'><strong>aliorum</strong></span> <span class='ocrx_word' id='word_1_278' title='bbox 1452 1729 1633 1787; x_wconf 88' lang='lat' dir='ltr'><strong>ducentorum</strong></span> <span class='ocrx_word' id='word_1_279' title='bbox 1647 1747 1723 1788; x_wconf 85' lang='lat' dir='ltr'><strong>sexa·</strong></span> 
     </span>
    </p>
   </div>
   <div class='ocr_carea' id='block_1_12' title="bbox 54 1776 868 3072">
    <p class='ocr_par' dir='ltr' id='par_1_12' title="bbox 54 1776 867 2628">
     <span class='ocr_line' id='line_1_41' title="bbox 54 1776 864 1923; baseline -0.011 -13"><span class='ocrx_word' id='word_1_280' title='bbox 54 1778 274 1923; x_wconf 61' lang='lat' dir='ltr'><strong>thetim</strong></span> <span class='ocrx_word' id='word_1_281' title='bbox 285 1778 439 1905; x_wconf 60' lang='lat' dir='ltr'><strong>mihi?</strong></span> <span class='ocrx_word' id='word_1_282' title='bbox 448 1776 762 1914; x_wconf 61' lang='lat' dir='ltr'><strong>ethelheidis</strong></span> <span class='ocrx_word' id='word_1_283' title='bbox 770 1790 864 1902; x_wconf 69' lang='lat' dir='ltr'><strong>titi</strong></span> 
     </span>
     <span class='ocr_line' id='line_1_42' title="bbox 56 1918 866 1994; baseline -0.006 -15"><span class='ocrx_word' id='word_1_284' title='bbox 56 1922 252 1981; x_wconf 81' lang='lat' dir='ltr'><strong>heremiticam</strong></span> <span class='ocrx_word' id='word_1_285' title='bbox 290 1922 361 1994; x_wconf 78' lang='lat' dir='ltr'><strong>elye</strong></span> <span class='ocrx_word' id='word_1_286' title='bbox 375 1920 406 1977; x_wconf 90' lang='lat' dir='ltr'><strong>in</strong></span> <span class='ocrx_word' id='word_1_287' title='bbox 420 1919 513 1976; x_wconf 90' lang='lat' dir='ltr'><strong>Veteri</strong></span> <span class='ocrx_word' id='word_1_288' title='bbox 525 1920 700 1976; x_wconf 84' lang='lat' dir='ltr'><strong>Testamento</strong></span> <span class='ocrx_word' id='word_1_289' title='bbox 710 1925 736 1974; x_wconf 92' lang='lat' dir='ltr'><strong>et</strong></span> <span class='ocrx_word' id='word_1_290' title='bbox 751 1918 866 1974; x_wconf 80' lang='lat' dir='ltr'><strong>loannis</strong></span> 
     </span>
     <span class='ocr_line' id='line_1_43' title="bbox 56 1991 865 2068; baseline -0.01 -16"><span class='ocrx_word' id='word_1_291' title='bbox 56 1995 191 2068; x_wconf 82' lang='lat' dir='ltr'><strong>Baptistae</strong></span> <span class='ocrx_word' id='word_1_292' title='bbox 203 1996 233 2049; x_wconf 93' lang='lat' dir='ltr'><strong>in</strong></span> <span class='ocrx_word' id='word_1_293' title='bbox 247 1993 326 2049; x_wconf 87' lang='lat' dir='ltr'><strong>Novo</strong></span> <span class='ocrx_word' id='word_1_294' title='bbox 341 1993 516 2049; x_wconf 68' lang='lat' dir='ltr'><strong>testamento</strong></span> <span class='ocrx_word' id='word_1_295' title='bbox 531 1993 645 2061; x_wconf 90' lang='lat' dir='ltr'><strong>(ducere</strong></span> <span class='ocrx_word' id='word_1_296' title='bbox 662 1994 760 2048; x_wconf 89' lang='lat' dir='ltr'><strong>volens</strong></span> <span class='ocrx_word' id='word_1_297' title='bbox 770 1991 809 2061; x_wconf 90' lang='lat' dir='ltr'><strong>et)</strong></span> <span class='ocrx_word' id='word_1_298' title='bbox 823 2006 865 2046; x_wconf 90' lang='lat' dir='ltr'><strong>ar-</strong></span> 
     </span>
     <span class='ocr_line' id='line_1_44' title="bbox 57 2062 866 2141; baseline -0.007 -18"><span class='ocrx_word' id='word_1_299' title='bbox 57 2083 146 2141; x_wconf 86' lang='lat' dir='ltr'><strong>guens</strong></span> <span class='ocrx_word' id='word_1_300' title='bbox 167 2067 279 2130; x_wconf 82' lang='lat' dir='ltr'><strong>iratres,</strong></span> <span class='ocrx_word' id='word_1_301' title='bbox 303 2065 377 2138; x_wconf 93' lang='lat' dir='ltr'><strong>quod</strong></span> <span class='ocrx_word' id='word_1_302' title='bbox 398 2065 440 2121; x_wconf 91' lang='lat' dir='ltr'><strong>illi</strong></span> <span class='ocrx_word' id='word_1_303' title='bbox 465 2080 521 2120; x_wconf 89' lang='lat' dir='ltr'><strong>non</strong></span> <span class='ocrx_word' id='word_1_304' title='bbox 546 2064 655 2132; x_wconf 84' lang='lat' dir='ltr'><strong>tierent,</strong></span> <span class='ocrx_word' id='word_1_305' title='bbox 675 2062 749 2137; x_wconf 91' lang='lat' dir='ltr'><strong>quod</strong></span> <span class='ocrx_word' id='word_1_306' title='bbox 767 2063 866 2118; x_wconf 90' lang='lat' dir='ltr'><strong>lauda-</strong></span> 
     </span>
     <span class='ocr_line' id='line_1_45' title="bbox 56 2134 866 2216; baseline -0.01 -20"><span class='ocrx_word' id='word_1_307' title='bbox 56 2149 132 2205; x_wconf 86' lang='lat' dir='ltr'><strong>rent,</strong></span> <span class='ocrx_word' id='word_1_308' title='bbox 148 2164 158 2189; x_wconf 80' lang='lat'><strong>»</strong></span> <span class='ocrx_word' id='word_1_309' title='bbox 180 2148 234 2195; x_wconf 87' lang='lat' dir='ltr'><strong>etc.</strong></span> <span class='ocrx_word' id='word_1_310' title='bbox 251 2139 318 2205; x_wconf 74' lang='lat' dir='ltr'><strong>Quae</strong></span> <span class='ocrx_word' id='word_1_311' title='bbox 333 2137 430 2210; x_wconf 89' lang='lat' dir='ltr'><strong>purius</strong></span> <span class='ocrx_word' id='word_1_312' title='bbox 444 2153 479 2192; x_wconf 83' lang='lat' dir='ltr'><strong>ex</strong></span> <span class='ocrx_word' id='word_1_313' title='bbox 489 2137 567 2193; x_wconf 80' lang='lat' dir='ltr'><strong>Actis</strong></span> <span class='ocrx_word' id='word_1_314' title='bbox 577 2146 733 2204; x_wconf 85' lang='lat' dir='ltr'><strong>sumentur,</strong></span> <span class='ocrx_word' id='word_1_315' title='bbox 742 2134 814 2216; x_wconf 80' lang='lat' dir='ltr'><strong>datis</strong></span> <span class='ocrx_word' id='word_1_316' title='bbox 825 2150 866 2189; x_wconf 90' lang='lat' dir='ltr'><strong>xrr</strong></span> 
     </span>
     <span class='ocr_line' id='line_1_46' title="bbox 57 2207 860 2337; baseline -0.006 -70"><span class='ocrx_word' id='word_1_317' title='bbox 57 2211 146 2267; x_wconf 84' lang='lat' dir='ltr'><strong>lunii.</strong></span> <span class='ocrx_word' id='word_1_318' title='bbox 155 2210 306 2337; x_wconf 81' lang='lat' dir='ltr'><strong>Sequitur:</strong></span> <span class='ocrx_word' id='word_1_319' title='bbox 326 2235 336 2255; x_wconf 72' lang='grc' dir='ltr'>ι</span> <span class='ocrx_word' id='word_1_320' title='bbox 350 2211 381 2264; x_wconf 92' lang='lat' dir='ltr'><strong>ln</strong></span> <span class='ocrx_word' id='word_1_321' title='bbox 392 2209 502 2280; x_wconf 80' lang='lat' dir='ltr'><strong>Anglia,</strong></span> <span class='ocrx_word' id='word_1_322' title='bbox 516 2209 603 2265; x_wconf 90' lang='lat' dir='ltr'><strong>sancti</strong></span> <span class='ocrx_word' id='word_1_323' title='bbox 612 2207 860 2264; x_wconf 75' lang='lat' dir='ltr'><strong>humiliabimus.»</strong></span> 
     </span>
     <span class='ocr_line' id='line_1_47' title="bbox 57 2276 866 2353; baseline -0.009 -14"><span class='ocrx_word' id='word_1_324' title='bbox 57 2282 402 2353; x_wconf 63' lang='lat' dir='ltr'><strong>Dilectissimis,</strong></span> <span class='ocrx_word' id='word_1_325' title='bbox 430 2281 478 2336; x_wconf 91' lang='lat' dir='ltr'><strong>sed</strong></span> <span class='ocrx_word' id='word_1_326' title='bbox 506 2280 540 2336; x_wconf 92' lang='lat' dir='ltr'><strong>de</strong></span> <span class='ocrx_word' id='word_1_327' title='bbox 563 2280 659 2335; x_wconf 88' lang='lat' dir='ltr'><strong>eodem</strong></span> <span class='ocrx_word' id='word_1_328' title='bbox 693 2281 794 2351; x_wconf 87' lang='lat' dir='ltr'><strong>agitur,</strong></span> <span class='ocrx_word' id='word_1_329' title='bbox 819 2276 866 2350; x_wconf 95' lang='lat' dir='ltr'><strong>qui</strong></span> 
     </span>
     <span class='ocr_line' id='line_1_48' title="bbox 59 2351 865 2427; baseline -0.01 -15"><span class='ocrx_word' id='word_1_330' title='bbox 59 2370 145 2427; x_wconf 85' lang='lat' dir='ltr'><strong>supra</strong></span> <span class='ocrx_word' id='word_1_331' title='bbox 166 2355 327 2425; x_wconf 82' lang='lat' dir='ltr'><strong>Botulphus.</strong></span> <span class='ocrx_word' id='word_1_332' title='bbox 342 2354 370 2408; x_wconf 89' lang='lat' dir='ltr'><strong>lu</strong></span> <span class='ocrx_word' id='word_1_333' title='bbox 396 2352 528 2408; x_wconf 87' lang='lat' dir='ltr'><strong>Vulmaro</strong></span> <span class='ocrx_word' id='word_1_334' title='bbox 554 2359 581 2407; x_wconf 90' lang='lat' dir='ltr'><strong>et</strong></span> <span class='ocrx_word' id='word_1_335' title='bbox 600 2351 685 2407; x_wconf 84' lang='lat' dir='ltr'><strong>Avito</strong></span> <span class='ocrx_word' id='word_1_336' title='bbox 711 2367 796 2422; x_wconf 91' lang='lat' dir='ltr'><strong>purus</strong></span> <span class='ocrx_word' id='word_1_337' title='bbox 815 2358 865 2406; x_wconf 86' lang='lat' dir='ltr'><strong>est.</strong></span> 
     </span>
     <span class='ocr_line' id='line_1_49' title="bbox 59 2422 866 2496; baseline -0.01 -12"><span class='ocrx_word' id='word_1_338' title='bbox 59 2428 91 2485; x_wconf 90' lang='lat' dir='ltr'><strong>lu</strong></span> <span class='ocrx_word' id='word_1_339' title='bbox 108 2426 163 2482; x_wconf 91' lang='lat' dir='ltr'><strong>line</strong></span> <span class='ocrx_word' id='word_1_340' title='bbox 181 2445 189 2482; x_wconf 91' lang='lat'>:</span> <span class='ocrx_word' id='word_1_341' title='bbox 208 2426 297 2482; x_wconf 78' lang='lat' dir='ltr'><strong>«tien</strong></span> <span class='ocrx_word' id='word_1_342' title='bbox 309 2422 450 2480; x_wconf 84' lang='lat' dir='ltr'><strong>Bisiniciae</strong></span> <span class='ocrx_word' id='word_1_343' title='bbox 468 2424 647 2496; x_wconf 81' lang='lat' dir='ltr'><strong>(Vesontioue)</strong></span> <span class='ocrx_word' id='word_1_344' title='bbox 663 2423 751 2478; x_wconf 90' lang='lat' dir='ltr'><strong>sancti</strong></span> <span class='ocrx_word' id='word_1_345' title='bbox 767 2422 866 2476; x_wconf 78' lang='lat' dir='ltr'><strong>Antili-</strong></span> 
     </span>
     <span class='ocr_line' id='line_1_50' title="bbox 59 2494 867 2571; baseline -0.009 -16"><span class='ocrx_word' id='word_1_346' title='bbox 59 2499 101 2555; x_wconf 89' lang='lat' dir='ltr'><strong>dii</strong></span> <span class='ocrx_word' id='word_1_347' title='bbox 115 2498 240 2571; x_wconf 86' lang='lat' dir='ltr'><strong>episcopi</strong></span> <span class='ocrx_word' id='word_1_348' title='bbox 251 2506 278 2552; x_wconf 92' lang='lat' dir='ltr'><strong>et</strong></span> <span class='ocrx_word' id='word_1_349' title='bbox 292 2497 434 2568; x_wconf 89' lang='lat' dir='ltr'><strong>martyris.</strong></span> <span class='ocrx_word' id='word_1_350' title='bbox 454 2521 464 2546; x_wconf 74' lang='grc' dir='ltr'>ι</span> <span class='ocrx_word' id='word_1_351' title='bbox 482 2498 521 2552; x_wconf 89' lang='lat' dir='ltr'><strong>De</strong></span> <span class='ocrx_word' id='word_1_352' title='bbox 531 2511 585 2570; x_wconf 91' lang='lat' dir='ltr'><strong>quo</strong></span> <span class='ocrx_word' id='word_1_353' title='bbox 602 2494 666 2551; x_wconf 89' lang='lat' dir='ltr'><strong>vide</strong></span> <span class='ocrx_word' id='word_1_354' title='bbox 679 2495 810 2551; x_wconf 76' lang='lat' dir='ltr'><strong>ductoria</strong></span> <span class='ocrx_word' id='word_1_355' title='bbox 819 2509 867 2548; x_wconf 93' lang='lat' dir='ltr'><strong>no·</strong></span> 
     </span>
     <span class='ocr_line' id='line_1_51' title="bbox 61 2568 421 2628; baseline -0.017 0"><span class='ocrx_word' id='word_1_356' title='bbox 61 2580 120 2628; x_wconf 83' lang='lat' dir='ltr'><strong>atra</strong></span> <span class='ocrx_word' id='word_1_357' title='bbox 136 2578 166 2626; x_wconf 89' lang='lat' dir='ltr'><strong>et</strong></span> <span class='ocrx_word' id='word_1_358' title='bbox 180 2571 251 2626; x_wconf 78' lang='lat' dir='ltr'><strong>Acta</strong></span> <span class='ocrx_word' id='word_1_359' title='bbox 260 2584 317 2625; x_wconf 87' lang='lat' dir='ltr'><strong>xxv</strong></span> <span class='ocrx_word' id='word_1_360' title='bbox 331 2568 421 2625; x_wconf 85' lang='lat' dir='ltr'><strong>lunii.</strong></span> 
     </span>
    </p>

    <p class='ocr_par' dir='ltr' id='par_1_13' title="bbox 61 2636 866 2772">
     <span class='ocr_line' id='line_1_52' title="bbox 96 2636 866 2712; baseline -0.008 -14"><span class='ocrx_word' id='word_1_361' title='bbox 96 2643 267 2704; x_wconf 74' lang='lat' dir='ltr'><strong>Aouacmcr.</strong></span> <span class='ocrx_word' id='word_1_362' title='bbox 277 2641 334 2697; x_wconf 86' lang='lat' dir='ltr'><strong>lam</strong></span> <span class='ocrx_word' id='word_1_363' title='bbox 345 2640 471 2696; x_wconf 84' lang='lat' dir='ltr'><strong>diximus</strong></span> <span class='ocrx_word' id='word_1_364' title='bbox 485 2640 612 2712; x_wconf 91' lang='lat' dir='ltr'><strong>superius</strong></span> <span class='ocrx_word' id='word_1_365' title='bbox 621 2636 866 2704; x_wconf 81' lang='lat' dir='ltr'><strong>inobservatiooe,</strong></span> 
     </span>
     <span class='ocr_line' id='line_1_53' title="bbox 61 2713 682 2772; baseline -0.008 0"><span class='ocrx_word' id='word_1_366' title='bbox 61 2713 193 2772; x_wconf 85' lang='lat' dir='ltr'><strong>codicem</strong></span> <span class='ocrx_word' id='word_1_367' title='bbox 208 2713 280 2770; x_wconf 87' lang='lat' dir='ltr'><strong>hunc</strong></span> <span class='ocrx_word' id='word_1_368' title='bbox 296 2713 467 2769; x_wconf 88' lang='lat' dir='ltr'><strong>concordare</strong></span> <span class='ocrx_word' id='word_1_369' title='bbox 475 2728 537 2768; x_wconf 92' lang='lat' dir='ltr'><strong>cum</strong></span> <span class='ocrx_word' id='word_1_370' title='bbox 560 2713 682 2767; x_wconf 76' lang='lat' dir='ltr'><strong>Patres.</strong></span> 
     </span>
    </p>

    <p class='ocr_par' dir='ltr' id='par_1_14' title="bbox 63 2779 868 2932">
     <span class='ocr_line' id='line_1_54' title="bbox 106 2779 868 2856; baseline -0.012 -13"><span class='ocrx_word' id='word_1_371' title='bbox 106 2785 252 2843; x_wconf 83' lang='lat' dir='ltr'><strong>Vrcronrrv.</strong></span> <span class='ocrx_word' id='word_1_372' title='bbox 268 2803 275 2842; x_wconf 93' lang='lat'><strong>:</strong></span> <span class='ocrx_word' id='word_1_373' title='bbox 299 2784 483 2855; x_wconf 75' lang='lat' dir='ltr'><strong>«desumptis</strong></span> <span class='ocrx_word' id='word_1_374' title='bbox 504 2784 590 2839; x_wconf 73' lang='lat' dir='ltr'><strong>ileliae</strong></span> <span class='ocrx_word' id='word_1_375' title='bbox 602 2783 752 2856; x_wconf 89' lang='lat' dir='ltr'><strong>prophetae.</strong></span> <span class='ocrx_word' id='word_1_376' title='bbox 768 2806 778 2828; x_wconf 84' lang='lat'><em>·</em></span> <span class='ocrx_word' id='word_1_377' title='bbox 796 2779 868 2836; x_wconf 85' lang='lat' dir='ltr'><strong>Vide</strong></span> 
     </span>
     <span class='ocr_line' id='line_1_55' title="bbox 63 2853 825 2932; baseline -0.008 -18"><span class='ocrx_word' id='word_1_378' title='bbox 63 2857 274 2932; x_wconf 85' lang='lat' dir='ltr'><strong>praetermissos.</strong></span> <span class='ocrx_word' id='word_1_379' title='bbox 297 2857 358 2912; x_wconf 73' lang='lat' dir='ltr'><strong>«Et</strong></span> <span class='ocrx_word' id='word_1_380' title='bbox 369 2856 457 2912; x_wconf 87' lang='lat' dir='ltr'><strong>sancti</strong></span> <span class='ocrx_word' id='word_1_381' title='bbox 475 2855 606 2912; x_wconf 84' lang='lat' dir='ltr'><strong>Nicandri</strong></span> <span class='ocrx_word' id='word_1_382' title='bbox 615 2863 643 2911; x_wconf 90' lang='lat' dir='ltr'><strong>et</strong></span> <span class='ocrx_word' id='word_1_383' title='bbox 656 2853 799 2911; x_wconf 88' lang='lat' dir='ltr'><strong>llarciani.</strong></span> <span class='ocrx_word' id='word_1_384' title='bbox 816 2876 825 2899; x_wconf 70' lang='grc' dir='ltr'>ι</span> 
     </span>
    </p>

    <p class='ocr_par' dir='ltr' id='par_1_15' title="bbox 64 2924 868 3072">
     <span class='ocr_line' id='line_1_56' title="bbox 97 2924 868 3000; baseline -0.01 -13"><span class='ocrx_word' id='word_1_385' title='bbox 97 2929 198 2987; x_wconf 82' lang='lat' dir='ltr'><strong>Conrx</strong></span> <span class='ocrx_word' id='word_1_386' title='bbox 208 2928 455 2985; x_wconf 82' lang='lat' dir='ltr'><strong>ancmtsUnsnvr</strong></span> <span class='ocrx_word' id='word_1_387' title='bbox 469 2943 484 2982; x_wconf 93' lang='lat' dir='ltr'><strong>a</strong></span> <span class='ocrx_word' id='word_1_388' title='bbox 499 2929 678 3000; x_wconf 88' lang='lat' dir='ltr'><strong>llosemherg:</strong></span> <span class='ocrx_word' id='word_1_389' title='bbox 698 2924 868 2992; x_wconf 82' lang='lat' dir='ltr'><strong>«Volinaris,</strong></span> 
     </span>
     <span class='ocr_line' id='line_1_57' title="bbox 64 2999 639 3072; baseline -0.005 -14"><span class='ocrx_word' id='word_1_390' title='bbox 64 3001 127 3058; x_wconf 86' lang='lat' dir='ltr'><strong>aliis</strong></span> <span class='ocrx_word' id='word_1_391' title='bbox 148 3000 291 3058; x_wconf 88' lang='lat' dir='ltr'><strong>Vulmari.</strong></span> <span class='ocrx_word' id='word_1_392' title='bbox 307 3024 317 3048; x_wconf 78' lang='grc' dir='ltr'>ι</span> <span class='ocrx_word' id='word_1_393' title='bbox 339 3001 380 3055; x_wconf 94' lang='lat' dir='ltr'><strong>lta</strong></span> <span class='ocrx_word' id='word_1_394' title='bbox 393 2999 459 3072; x_wconf 90' lang='lat' dir='ltr'><strong>legit</strong></span> <span class='ocrx_word' id='word_1_395' title='bbox 473 3008 639 3056; x_wconf 86' lang='lat' dir='ltr'><strong>extractum.</strong></span> 
     </span>
    </p>
   </div>
   <div class='ocr_carea' id='block_1_13' title="bbox 918 1799 1725 3017">
    <p class='ocr_par' dir='ltr' id='par_1_16' title="bbox 918 1799 1725 3017">
     <span class='ocr_line' id='line_1_58' title="bbox 919 1799 1723 1873; baseline 0.006 -18"><span class='ocrx_word' id='word_1_396' title='bbox 919 1802 996 1872; x_wconf 90' lang='lat' dir='ltr'><strong>ginta</strong></span> <span class='ocrx_word' id='word_1_397' title='bbox 1006 1809 1134 1873; x_wconf 90' lang='lat' dir='ltr'><strong>quatuor.</strong></span> <span class='ocrx_word' id='word_1_398' title='bbox 1145 1799 1290 1863; x_wconf 84' lang='lat' dir='ltr'><strong>Dioschori</strong></span> <span class='ocrx_word' id='word_1_399' title='bbox 1302 1807 1330 1856; x_wconf 91' lang='lat' dir='ltr'><strong>et</strong></span> <span class='ocrx_word' id='word_1_400' title='bbox 1338 1799 1437 1857; x_wconf 81' lang='lat' dir='ltr'><strong>Marini</strong></span> <span class='ocrx_word' id='word_1_401' title='bbox 1450 1809 1633 1873; x_wconf 84' lang='lat' dir='ltr'><strong>martyrum·</strong></span> <span class='ocrx_word' id='word_1_402' title='bbox 1652 1802 1723 1860; x_wconf 90' lang='lat' dir='ltr'><strong>Vide</strong></span> 
     </span>
     <span class='ocr_line' id='line_1_59' title="bbox 918 1870 1724 1945; baseline 0.004 -16"><span class='ocrx_word' id='word_1_403' title='bbox 918 1875 998 1929; x_wconf 82' lang='lat' dir='ltr'><strong>Acta.</strong></span> <span class='ocrx_word' id='word_1_404' title='bbox 1017 1870 1182 1944; x_wconf 79' lang='lat' dir='ltr'><strong>‹llelprardi</strong></span> <span class='ocrx_word' id='word_1_405' title='bbox 1193 1872 1353 1945; x_wconf 80' lang='lat' dir='ltr'><strong>martyris·</strong></span> <span class='ocrx_word' id='word_1_406' title='bbox 1367 1871 1602 1930; x_wconf 86' lang='lat' dir='ltr'><strong>Praetermittitur.</strong></span> <span class='ocrx_word' id='word_1_407' title='bbox 1622 1872 1724 1932; x_wconf 81' lang='lat' dir='ltr'><strong>‹Niob-</strong></span> 
     </span>
     <span class='ocr_line' id='line_1_60' title="bbox 919 1942 1722 2016; baseline 0.005 -17"><span class='ocrx_word' id='word_1_408' title='bbox 919 1942 999 2000; x_wconf 91' lang='lat' dir='ltr'><strong>raudi</strong></span> <span class='ocrx_word' id='word_1_409' title='bbox 1022 1952 1048 1998; x_wconf 89' lang='lat' dir='ltr'><strong>et</strong></span> <span class='ocrx_word' id='word_1_410' title='bbox 1062 1943 1194 1999; x_wconf 85' lang='lat' dir='ltr'><strong>Marciani</strong></span> <span class='ocrx_word' id='word_1_411' title='bbox 1211 1952 1376 2016; x_wconf 83' lang='lat' dir='ltr'><strong>martyrum.</strong></span> <span class='ocrx_word' id='word_1_412' title='bbox 1394 1968 1403 1991; x_wconf 85' lang='lat'>›</span> <span class='ocrx_word' id='word_1_413' title='bbox 1426 1944 1466 2000; x_wconf 90' lang='lat' dir='ltr'><strong>De</strong></span> <span class='ocrx_word' id='word_1_414' title='bbox 1481 1943 1625 2002; x_wconf 87' lang='lat' dir='ltr'><strong>Gundullo</strong></span> <span class='ocrx_word' id='word_1_415' title='bbox 1639 1954 1722 2003; x_wconf 90' lang='lat' dir='ltr'><strong>recte.</strong></span> 
     </span>
     <span class='ocr_line' id='line_1_61' title="bbox 926 2014 1720 2089; baseline 0.001 -16"><span class='ocrx_word' id='word_1_416' title='bbox 926 2039 935 2063; x_wconf 73' lang='grc' dir='ltr'>ι</span> <span class='ocrx_word' id='word_1_417' title='bbox 950 2016 982 2073; x_wconf 93' lang='lat' dir='ltr'><strong>ln</strong></span> <span class='ocrx_word' id='word_1_418' title='bbox 995 2014 1095 2073; x_wconf 82' lang='lat' dir='ltr'><strong>Tuscia</strong></span> <span class='ocrx_word' id='word_1_419' title='bbox 1108 2014 1221 2071; x_wconf 90' lang='lat' dir='ltr'><strong>civitate</strong></span> <span class='ocrx_word' id='word_1_420' title='bbox 1237 2015 1350 2083; x_wconf 88' lang='lat' dir='ltr'><strong>Emilia,</strong></span> <span class='ocrx_word' id='word_1_421' title='bbox 1361 2014 1477 2072; x_wconf 86' lang='lat' dir='ltr'><strong>Himerii</strong></span> <span class='ocrx_word' id='word_1_422' title='bbox 1489 2017 1610 2089; x_wconf 90' lang='lat' dir='ltr'><strong>episcopi</strong></span> <span class='ocrx_word' id='word_1_423' title='bbox 1618 2027 1646 2073; x_wconf 91' lang='lat' dir='ltr'><strong>et</strong></span> <span class='ocrx_word' id='word_1_424' title='bbox 1656 2032 1720 2075; x_wconf 91' lang='lat' dir='ltr'><strong>con·</strong></span> 
     </span>
     <span class='ocr_line' id='line_1_62' title="bbox 920 2086 1725 2160; baseline 0.004 -17"><span class='ocrx_word' id='word_1_425' title='bbox 920 2086 1041 2144; x_wconf 77' lang='lat' dir='ltr'><strong>sessoris.</strong></span> <span class='ocrx_word' id='word_1_426' title='bbox 1057 2086 1215 2143; x_wconf 90' lang='lat' dir='ltr'><strong>Veredemii</strong></span> <span class='ocrx_word' id='word_1_427' title='bbox 1237 2087 1358 2160; x_wconf 85' lang='lat' dir='ltr'><strong>episcopi</strong></span> <span class='ocrx_word' id='word_1_428' title='bbox 1375 2086 1725 2146; x_wconf 83' lang='lat' dir='ltr'><strong>Avinionensisetconies·</strong></span> 
     </span>
     <span class='ocr_line' id='line_1_63' title="bbox 921 2158 1723 2232; baseline 0 -16"><span class='ocrx_word' id='word_1_429' title='bbox 921 2159 1000 2216; x_wconf 90' lang='lat' dir='ltr'><strong>soris.</strong></span> <span class='ocrx_word' id='word_1_430' title='bbox 1012 2160 1044 2214; x_wconf 92' lang='lat' dir='ltr'><strong>In</strong></span> <span class='ocrx_word' id='word_1_431' title='bbox 1057 2174 1125 2230; x_wconf 90' lang='lat' dir='ltr'><strong>pago</strong></span> <span class='ocrx_word' id='word_1_432' title='bbox 1140 2158 1364 2229; x_wconf 87' lang='lat' dir='ltr'><strong>Rothomagensi,</strong></span> <span class='ocrx_word' id='word_1_433' title='bbox 1376 2158 1463 2215; x_wconf 91' lang='lat' dir='ltr'><strong>sancti</strong></span> <span class='ocrx_word' id='word_1_434' title='bbox 1474 2159 1591 2215; x_wconf 72' lang='lat' dir='ltr'><strong>[lontani</strong></span> <span class='ocrx_word' id='word_1_435' title='bbox 1601 2159 1723 2232; x_wconf 87' lang='lat' dir='ltr'><strong>ejusdem</strong></span> 
     </span>
     <span class='ocr_line' id='line_1_64' title="bbox 920 2231 1722 2304; baseline 0.001 -17"><span class='ocrx_word' id='word_1_436' title='bbox 920 2231 1044 2287; x_wconf 78' lang='lat' dir='ltr'><strong>civitatis</strong></span> <span class='ocrx_word' id='word_1_437' title='bbox 1064 2231 1185 2301; x_wconf 82' lang='lat' dir='ltr'><strong>episcopi</strong></span> <span class='ocrx_word' id='word_1_438' title='bbox 1209 2239 1236 2286; x_wconf 91' lang='lat' dir='ltr'><strong>et</strong></span> <span class='ocrx_word' id='word_1_439' title='bbox 1261 2231 1460 2287; x_wconf 83' lang='lat' dir='ltr'><strong>confessoris·</strong></span> <span class='ocrx_word' id='word_1_440' title='bbox 1484 2233 1523 2286; x_wconf 90' lang='lat' dir='ltr'><strong>De</strong></span> <span class='ocrx_word' id='word_1_441' title='bbox 1544 2248 1599 2303; x_wconf 93' lang='lat' dir='ltr'><strong>quo</strong></span> <span class='ocrx_word' id='word_1_442' title='bbox 1617 2248 1722 2304; x_wconf 90' lang='lat' dir='ltr'><strong>supra:</strong></span> 
     </span>
     <span class='ocr_line' id='line_1_65' title="bbox 927 2302 1724 2373; baseline 0.003 -16"><span class='ocrx_word' id='word_1_443' title='bbox 927 2325 937 2349; x_wconf 88' lang='lat'>‹</span> <span class='ocrx_word' id='word_1_444' title='bbox 962 2302 1129 2358; x_wconf 88' lang='lat' dir='ltr'><strong>Vultrammi</strong></span> <span class='ocrx_word' id='word_1_445' title='bbox 1152 2302 1309 2373; x_wconf 79' lang='lat' dir='ltr'><strong>episcopi.»</strong></span> <span class='ocrx_word' id='word_1_446' title='bbox 1332 2303 1403 2358; x_wconf 92' lang='lat' dir='ltr'><strong>Vide</strong></span> <span class='ocrx_word' id='word_1_447' title='bbox 1426 2303 1638 2360; x_wconf 73' lang='lat' dir='ltr'><strong>Pravornrtssos.</strong></span> <span class='ocrx_word' id='word_1_448' title='bbox 1668 2305 1724 2359; x_wconf 79' lang='lat' dir='ltr'><strong>«ln</strong></span> 
     </span>
     <span class='ocr_line' id='line_1_66' title="bbox 921 2373 1725 2448; baseline 0.002 -19"><span class='ocrx_word' id='word_1_449' title='bbox 921 2374 1032 2446; x_wconf 81' lang='lat' dir='ltr'><strong>Anglia,</strong></span> <span class='ocrx_word' id='word_1_450' title='bbox 1048 2373 1181 2444; x_wconf 76' lang='lat' dir='ltr'><strong>botulphi</strong></span> <span class='ocrx_word' id='word_1_451' title='bbox 1199 2373 1307 2430; x_wconf 88' lang='lat' dir='ltr'><strong>abbatis</strong></span> <span class='ocrx_word' id='word_1_452' title='bbox 1321 2381 1348 2428; x_wconf 92' lang='lat' dir='ltr'><strong>et</strong></span> <span class='ocrx_word' id='word_1_453' title='bbox 1362 2373 1537 2430; x_wconf 87' lang='lat' dir='ltr'><strong>confessoris.</strong></span> <span class='ocrx_word' id='word_1_454' title='bbox 1550 2375 1601 2430; x_wconf 87' lang='lat' dir='ltr'><strong>Hic</strong></span> <span class='ocrx_word' id='word_1_455' title='bbox 1616 2374 1649 2431; x_wconf 92' lang='lat' dir='ltr'><strong>de</strong></span> <span class='ocrx_word' id='word_1_456' title='bbox 1664 2391 1725 2448; x_wconf 89' lang='lat' dir='ltr'><strong>pro·</strong></span> 
     </span>
     <span class='ocr_line' id='line_1_67' title="bbox 922 2444 1725 2519; baseline 0.002 -19"><span class='ocrx_word' id='word_1_457' title='bbox 922 2445 996 2500; x_wconf 82' lang='lat' dir='ltr'><strong>iectu</strong></span> <span class='ocrx_word' id='word_1_458' title='bbox 1006 2445 1160 2500; x_wconf 90' lang='lat' dir='ltr'><strong>animarum</strong></span> <span class='ocrx_word' id='word_1_459' title='bbox 1172 2460 1279 2516; x_wconf 86' lang='lat' dir='ltr'><strong>semper</strong></span> <span class='ocrx_word' id='word_1_460' title='bbox 1289 2444 1407 2500; x_wconf 90' lang='lat' dir='ltr'><strong>habebat</strong></span> <span class='ocrx_word' id='word_1_461' title='bbox 1416 2445 1587 2518; x_wconf 87' lang='lat' dir='ltr'><strong>colloquium</strong></span> <span class='ocrx_word' id='word_1_462' title='bbox 1598 2464 1605 2511; x_wconf 91' lang='lat'>;</span> <span class='ocrx_word' id='word_1_463' title='bbox 1616 2462 1725 2519; x_wconf 89' lang='lat' dir='ltr'><strong>semper</strong></span> 
     </span>
     <span class='ocr_line' id='line_1_68' title="bbox 922 2515 1725 2589; baseline 0.001 -17"><span class='ocrx_word' id='word_1_464' title='bbox 922 2515 955 2572; x_wconf 89' lang='lat' dir='ltr'><strong>de</strong></span> <span class='ocrx_word' id='word_1_465' title='bbox 979 2515 1079 2588; x_wconf 72' lang='lat' dir='ltr'><strong>grundio</strong></span> <span class='ocrx_word' id='word_1_466' title='bbox 1100 2516 1243 2572; x_wconf 80' lang='lat' dir='ltr'><strong>felicitatis</strong></span> <span class='ocrx_word' id='word_1_467' title='bbox 1262 2524 1371 2573; x_wconf 76' lang='lat' dir='ltr'><strong>aeterna</strong></span> <span class='ocrx_word' id='word_1_468' title='bbox 1386 2517 1415 2571; x_wconf 93' lang='lat' dir='ltr'><strong>in</strong></span> <span class='ocrx_word' id='word_1_469' title='bbox 1429 2516 1515 2586; x_wconf 87' lang='lat' dir='ltr'><strong>ipsius</strong></span> <span class='ocrx_word' id='word_1_470' title='bbox 1528 2533 1575 2573; x_wconf 92' lang='lat' dir='ltr'><strong>ore</strong></span> <span class='ocrx_word' id='word_1_471' title='bbox 1590 2531 1725 2589; x_wconf 82' lang='lat' dir='ltr'><strong>persona-</strong></span> 
     </span>
     <span class='ocr_line' id='line_1_69' title="bbox 921 2587 1724 2658; baseline 0.002 -15"><span class='ocrx_word' id='word_1_472' title='bbox 921 2588 969 2643; x_wconf 88' lang='lat' dir='ltr'><strong>bat</strong></span> <span class='ocrx_word' id='word_1_473' title='bbox 980 2588 1133 2658; x_wconf 89' lang='lat' dir='ltr'><strong>eulogium.</strong></span> <span class='ocrx_word' id='word_1_474' title='bbox 1148 2587 1244 2643; x_wconf 86' lang='lat' dir='ltr'><strong>Eadrii</strong></span> <span class='ocrx_word' id='word_1_475' title='bbox 1258 2587 1374 2643; x_wconf 90' lang='lat' dir='ltr'><strong>abbatis.</strong></span> <span class='ocrx_word' id='word_1_476' title='bbox 1393 2589 1424 2643; x_wconf 93' lang='lat' dir='ltr'><strong>ln</strong></span> <span class='ocrx_word' id='word_1_477' title='bbox 1446 2587 1588 2655; x_wconf 88' lang='lat' dir='ltr'><strong>Hibernia,</strong></span> <span class='ocrx_word' id='word_1_478' title='bbox 1604 2587 1724 2645; x_wconf 85' lang='lat' dir='ltr'><strong>Enolich</strong></span> 
     </span>
     <span class='ocr_line' id='line_1_70' title="bbox 921 2658 1725 2740; baseline 0.001 -25"><span class='ocrx_word' id='word_1_479' title='bbox 921 2658 1098 2715; x_wconf 82' lang='lat' dir='ltr'><strong>contessoris.</strong></span> <span class='ocrx_word' id='word_1_480' title='bbox 1114 2682 1122 2705; x_wconf 79' lang='grc' dir='ltr'>ι</span> <span class='ocrx_word' id='word_1_481' title='bbox 1144 2658 1216 2714; x_wconf 90' lang='lat' dir='ltr'><strong>Vide</strong></span> <span class='ocrx_word' id='word_1_482' title='bbox 1230 2658 1265 2714; x_wconf 96' lang='lat' dir='ltr'><strong>de</strong></span> <span class='ocrx_word' id='word_1_483' title='bbox 1279 2668 1396 2740; x_wconf 91' lang='lat' dir='ltr'><strong>utroque</strong></span> <span class='ocrx_word' id='word_1_484' title='bbox 1411 2658 1621 2714; x_wconf 83' lang='lat' dir='ltr'><strong>Praetermissos.</strong></span> <span class='ocrx_word' id='word_1_485' title='bbox 1646 2659 1725 2716; x_wconf 86' lang='lat' dir='ltr'><strong>‹Ju-</strong></span> 
     </span>
     <span class='ocr_line' id='line_1_71' title="bbox 923 2727 1725 2796; baseline 0.002 -10"><span class='ocrx_word' id='word_1_486' title='bbox 923 2731 989 2786; x_wconf 90' lang='lat' dir='ltr'><strong>liani</strong></span> <span class='ocrx_word' id='word_1_487' title='bbox 1005 2728 1184 2794; x_wconf 80' lang='lat' dir='ltr'><strong>confessoris;</strong></span> <span class='ocrx_word' id='word_1_488' title='bbox 1207 2729 1361 2785; x_wconf 81' lang='lat' dir='ltr'><strong>Alteramnv</strong></span> <span class='ocrx_word' id='word_1_489' title='bbox 1380 2728 1581 2786; x_wconf 81' lang='lat' dir='ltr'><strong>contessoris·</strong></span> <span class='ocrx_word' id='word_1_490' title='bbox 1603 2727 1671 2796; x_wconf 83' lang='lat' dir='ltr'><strong>Quis</strong></span> <span class='ocrx_word' id='word_1_491' title='bbox 1684 2738 1725 2788; x_wconf 90' lang='lat' dir='ltr'><strong>est</strong></span> 
     </span>
     <span class='ocr_line' id='line_1_72' title="bbox 922 2800 1724 2874; baseline 0.001 -16"><span class='ocrx_word' id='word_1_492' title='bbox 922 2802 993 2859; x_wconf 86' lang='lat' dir='ltr'><strong>hiol</strong></span> <span class='ocrx_word' id='word_1_493' title='bbox 1025 2826 1034 2850; x_wconf 79' lang='grc' dir='ltr'>ι</span> <span class='ocrx_word' id='word_1_494' title='bbox 1057 2801 1213 2858; x_wconf 89' lang='lat' dir='ltr'><strong>Secundum</strong></span> <span class='ocrx_word' id='word_1_495' title='bbox 1237 2801 1344 2874; x_wconf 89' lang='lat' dir='ltr'><strong>aliquos</strong></span> <span class='ocrx_word' id='word_1_496' title='bbox 1360 2801 1405 2857; x_wconf 91' lang='lat' dir='ltr'><strong>hic</strong></span> <span class='ocrx_word' id='word_1_497' title='bbox 1419 2800 1551 2857; x_wconf 87' lang='lat' dir='ltr'><strong>Bernardi</strong></span> <span class='ocrx_word' id='word_1_498' title='bbox 1567 2803 1682 2857; x_wconf 89' lang='lat' dir='ltr'><strong>eremita</strong></span> <span class='ocrx_word' id='word_1_499' title='bbox 1696 2809 1724 2859; x_wconf 92' lang='lat' dir='ltr'><strong>et</strong></span> 
     </span>
     <span class='ocr_line' id='line_1_73' title="bbox 923 2872 1725 2946; baseline 0.001 -16"><span class='ocrx_word' id='word_1_500' title='bbox 923 2873 1099 2942; x_wconf 81' lang='lat' dir='ltr'><strong>contessoris,</strong></span> <span class='ocrx_word' id='word_1_501' title='bbox 1110 2873 1144 2929; x_wconf 91' lang='lat' dir='ltr'><strong>de</strong></span> <span class='ocrx_word' id='word_1_502' title='bbox 1159 2890 1213 2945; x_wconf 94' lang='lat' dir='ltr'><strong>quo</strong></span> <span class='ocrx_word' id='word_1_503' title='bbox 1226 2888 1309 2946; x_wconf 91' lang='lat' dir='ltr'><strong>supra</strong></span> <span class='ocrx_word' id='word_1_504' title='bbox 1322 2873 1453 2929; x_wconf 80' lang='lat' dir='ltr'><strong>xvtrlial.</strong></span> <span class='ocrx_word' id='word_1_505' title='bbox 1464 2872 1551 2928; x_wconf 87' lang='lat' dir='ltr'><strong>iunii.</strong></span> <span class='ocrx_word' id='word_1_506' title='bbox 1569 2872 1619 2927; x_wconf 87' lang='lat' dir='ltr'><strong>liic</strong></span> <span class='ocrx_word' id='word_1_507' title='bbox 1630 2881 1725 2945; x_wconf 84' lang='lat' dir='ltr'><strong>raptus</strong></span> 
     </span>
     <span class='ocr_line' id='line_1_74' title="bbox 922 2942 1724 3017; baseline -0.001 -15"><span class='ocrx_word' id='word_1_508' title='bbox 922 2950 963 3002; x_wconf 81' lang='lat' dir='ltr'><strong>est</strong></span> <span class='ocrx_word' id='word_1_509' title='bbox 987 2946 1079 3001; x_wconf 87' lang='lat' dir='ltr'><strong>Helias</strong></span> <span class='ocrx_word' id='word_1_510' title='bbox 1093 2962 1176 3002; x_wconf 92' lang='lat' dir='ltr'><strong>curru</strong></span> <span class='ocrx_word' id='word_1_511' title='bbox 1193 2945 1283 3017; x_wconf 94' lang='lat' dir='ltr'><strong>igneo,</strong></span> <span class='ocrx_word' id='word_1_512' title='bbox 1302 2953 1366 3001; x_wconf 91' lang='lat' dir='ltr'><strong>ante</strong></span> <span class='ocrx_word' id='word_1_513' title='bbox 1380 2942 1522 3000; x_wconf 89' lang='lat' dir='ltr'><strong>Christum</strong></span> <span class='ocrx_word' id='word_1_514' title='bbox 1539 2950 1630 2999; x_wconf 91' lang='lat' dir='ltr'><strong>ortum</strong></span> <span class='ocrx_word' id='word_1_515' title='bbox 1650 2960 1724 3001; x_wconf 91' lang='lat' dir='ltr'><strong>anuo</strong></span> 
     </span>
    </p>
   </div>
   <div class='ocr_carea' id='block_1_14' title="bbox 861 3015 1832 3092">
    <p class='ocr_par' dir='ltr' id='par_1_17' title="bbox 861 3015 1832 3092">
     <span class='ocr_line' id='line_1_75' title="bbox 861 3015 1832 3092; baseline 0 -16"><span class='ocrx_word' id='word_1_516' title='bbox 861 3065 866 3076; x_wconf 93' lang='lat'><strong>.</strong></span> <span class='ocrx_word' id='word_1_517' title='bbox 884 3032 906 3092; x_wconf 71' lang='grc' dir='ltr'>ρ</span> <span class='ocrx_word' id='word_1_518' title='bbox 923 3018 1150 3090; x_wconf 86' lang='lat' dir='ltr'><strong>nonagentesimo</strong></span> <span class='ocrx_word' id='word_1_519' title='bbox 1165 3016 1258 3074; x_wconf 88' lang='lat' dir='ltr'><strong>tertio.</strong></span> <span class='ocrx_word' id='word_1_520' title='bbox 1273 3040 1283 3065; x_wconf 82' lang='lat'><strong>»</strong></span> <span class='ocrx_word' id='word_1_521' title='bbox 1305 3016 1428 3075; x_wconf 91' lang='lat' dir='ltr'><strong>Vocatur</strong></span> <span class='ocrx_word' id='word_1_522' title='bbox 1441 3031 1525 3088; x_wconf 90' lang='lat' dir='ltr'><strong>supra</strong></span> <span class='ocrx_word' id='word_1_523' title='bbox 1538 3015 1608 3072; x_wconf 82' lang='lat' dir='ltr'><strong>Elias</strong></span> <span class='ocrx_word' id='word_1_524' title='bbox 1620 3031 1724 3074; x_wconf 88' lang='lat' dir='ltr'><strong>assum·</strong></span> <span class='ocrx_word' id='word_1_525' title='bbox 1829 3070 1832 3076; x_wconf 91' lang='lat'><strong>.</strong></span> 
     </span>
    </p>
   </div>
   <div class='ocr_carea' id='block_1_15' title="bbox 97 3068 1226 3163">
    <p class='ocr_par' dir='ltr' id='par_1_18' title="bbox 97 3068 1226 3163">
     <span class='ocr_line' id='line_1_76' title="bbox 97 3068 1226 3163; baseline -0.001 -34"><span class='ocrx_word' id='word_1_526' title='bbox 97 3075 291 3130; x_wconf 76' lang='lat' dir='ltr'><strong>Aanrasrrv.:</strong></span> <span class='ocrx_word' id='word_1_527' title='bbox 312 3072 500 3139; x_wconf 77' lang='lat' dir='ltr'><strong>‹Aurettanis,</strong></span> <span class='ocrx_word' id='word_1_528' title='bbox 524 3071 660 3144; x_wconf 90' lang='lat' dir='ltr'><strong>depositio</strong></span> <span class='ocrx_word' id='word_1_529' title='bbox 683 3068 772 3126; x_wconf 86' lang='lat' dir='ltr'><strong>sancti</strong></span> <span class='ocrx_word' id='word_1_530' title='bbox 790 3069 868 3148; x_wconf 77' lang='lat' dir='ltr'><strong>Aviti</strong></span> <span class='ocrx_word' id='word_1_531' title='bbox 923 3091 992 3163; x_wconf 44' lang='lat' dir='ltr'><strong>ppo·</strong></span> <span class='ocrx_word' id='word_1_532' title='bbox 1012 3089 1083 3146; x_wconf 59' lang='lat' dir='ltr'>vide</span> <span class='ocrx_word' id='word_1_533' title='bbox 1095 3106 1134 3145; x_wconf 65' lang='grc' dir='ltr'><strong>χχ</strong></span> <span class='ocrx_word' id='word_1_534' title='bbox 1148 3089 1226 3146; x_wconf 57' lang='lat' dir='ltr'><strong>ruffi,</strong></span> 
     </span>
    </p>
   </div>
   <div class='ocr_carea' id='block_1_16' title="bbox 66 3142 874 4145">
    <p class='ocr_par' dir='ltr' id='par_1_19' title="bbox 66 3142 871 3504">
     <span class='ocr_line' id='line_1_77' title="bbox 95 3142 869 3217; baseline -0.009 -16"><span class='ocrx_word' id='word_1_535' title='bbox 95 3144 225 3217; x_wconf 88' lang='lat' dir='ltr'><strong>eebyteri</strong></span> <span class='ocrx_word' id='word_1_536' title='bbox 241 3152 269 3200; x_wconf 93' lang='lat' dir='ltr'><strong>et</strong></span> <span class='ocrx_word' id='word_1_537' title='bbox 281 3143 453 3200; x_wconf 81' lang='lat' dir='ltr'><strong>contessoris.</strong></span> <span class='ocrx_word' id='word_1_538' title='bbox 467 3145 521 3212; x_wconf 86' lang='lat' dir='ltr'><strong>Qui</strong></span> <span class='ocrx_word' id='word_1_539' title='bbox 536 3161 600 3200; x_wconf 93' lang='lat' dir='ltr'><strong>cum</strong></span> <span class='ocrx_word' id='word_1_540' title='bbox 616 3151 716 3200; x_wconf 80' lang='lat' dir='ltr'><strong>sancta</strong></span> <span class='ocrx_word' id='word_1_541' title='bbox 728 3142 869 3214; x_wconf 80' lang='lat' dir='ltr'><strong>religionis</strong></span> 
     </span>
     <span class='ocr_line' id='line_1_78' title="bbox 66 3161 870 3288; baseline -0.007 -16"><span class='ocrx_word' id='word_1_542' title='bbox 66 3161 185 3284; x_wconf 55' lang='lat' dir='ltr'><strong>diriore,</strong></span> <span class='ocrx_word' id='word_1_543' title='bbox 201 3214 256 3272; x_wconf 88' lang='lat' dir='ltr'><strong>suh</strong></span> <span class='ocrx_word' id='word_1_544' title='bbox 269 3215 515 3288; x_wconf 81' lang='lat' dir='ltr'><strong>patrollaximiani</strong></span> <span class='ocrx_word' id='word_1_545' title='bbox 531 3216 586 3288; x_wconf 86' lang='lat' dir='ltr'><strong>(in)</strong></span> <span class='ocrx_word' id='word_1_546' title='bbox 602 3214 769 3272; x_wconf 88' lang='lat' dir='ltr'><strong>monasterio</strong></span> <span class='ocrx_word' id='word_1_547' title='bbox 785 3213 870 3268; x_wconf 90' lang='lat' dir='ltr'><strong>tlore-</strong></span> 
     </span>
     <span class='ocr_line' id='line_1_79' title="bbox 67 3284 869 3359; baseline -0.009 -14"><span class='ocrx_word' id='word_1_548' title='bbox 67 3295 116 3358; x_wconf 88' lang='lat' dir='ltr'><strong>ret,</strong></span> <span class='ocrx_word' id='word_1_549' title='bbox 129 3288 246 3345; x_wconf 90' lang='lat' dir='ltr'><strong>tandem</strong></span> <span class='ocrx_word' id='word_1_550' title='bbox 272 3289 313 3359; x_wconf 74' lang='lat' dir='ltr'><strong>(a)</strong></span> <span class='ocrx_word' id='word_1_551' title='bbox 331 3289 389 3344; x_wconf 90' lang='lat' dir='ltr'><strong>Deo</strong></span> <span class='ocrx_word' id='word_1_552' title='bbox 401 3294 492 3345; x_wconf 89' lang='lat' dir='ltr'><strong>tactus</strong></span> <span class='ocrx_word' id='word_1_553' title='bbox 510 3303 633 3343; x_wconf 90' lang='lat' dir='ltr'><strong>eremum</strong></span> <span class='ocrx_word' id='word_1_554' title='bbox 672 3287 743 3353; x_wconf 92' lang='lat' dir='ltr'><strong>etiit,</strong></span> <span class='ocrx_word' id='word_1_555' title='bbox 758 3284 805 3340; x_wconf 90' lang='lat' dir='ltr'><strong>ubi</strong></span> <span class='ocrx_word' id='word_1_556' title='bbox 820 3284 869 3339; x_wconf 94' lang='lat' dir='ltr'><strong>ali-</strong></span> 
     </span>
     <span class='ocr_line' id='line_1_80' title="bbox 66 3304 871 3433; baseline -0.006 -18"><span class='ocrx_word' id='word_1_557' title='bbox 66 3360 174 3433; x_wconf 86' lang='lat' dir='ltr'><strong>quando</strong></span> <span class='ocrx_word' id='word_1_558' title='bbox 200 3367 401 3427; x_wconf 90' lang='lat' dir='ltr'><strong>commoratus,</strong></span> <span class='ocrx_word' id='word_1_559' title='bbox 434 3360 517 3417; x_wconf 91' lang='lat' dir='ltr'><strong>etiam</strong></span> <span class='ocrx_word' id='word_1_560' title='bbox 545 3304 686 3416; x_wconf 74' lang='lat' dir='ltr'><strong>miracuiis</strong></span> <span class='ocrx_word' id='word_1_561' title='bbox 711 3357 822 3425; x_wconf 89' lang='lat' dir='ltr'><strong>claruit,</strong></span> <span class='ocrx_word' id='word_1_562' title='bbox 843 3362 871 3411; x_wconf 92' lang='lat' dir='ltr'><strong>et</strong></span> 
     </span>
     <span class='ocr_line' id='line_1_81' title="bbox 66 3431 652 3504; baseline -0.003 -15"><span class='ocrx_word' id='word_1_563' title='bbox 66 3441 156 3504; x_wconf 89' lang='lat' dir='ltr'><strong>postea</strong></span> <span class='ocrx_word' id='word_1_564' title='bbox 175 3432 298 3504; x_wconf 87' lang='lat' dir='ltr'><strong>glorioso</strong></span> <span class='ocrx_word' id='word_1_565' title='bbox 311 3431 366 3487; x_wconf 87' lang='lat' dir='ltr'><strong>tine</strong></span> <span class='ocrx_word' id='word_1_566' title='bbox 380 3432 409 3487; x_wconf 93' lang='lat' dir='ltr'><strong>in</strong></span> <span class='ocrx_word' id='word_1_567' title='bbox 424 3448 490 3503; x_wconf 89' lang='lat' dir='ltr'><strong>pace</strong></span> <span class='ocrx_word' id='word_1_568' title='bbox 509 3432 627 3504; x_wconf 90' lang='lat' dir='ltr'><strong>quievit.</strong></span> <span class='ocrx_word' id='word_1_569' title='bbox 642 3457 652 3478; x_wconf 83' lang='lat'><strong>·</strong></span> 
     </span>
    </p>

    <p class='ocr_par' dir='ltr' id='par_1_20' title="bbox 67 3499 871 3720">
     <span class='ocr_line' id='line_1_82' title="bbox 98 3499 871 3574; baseline -0.009 -14"><span class='ocrx_word' id='word_1_570' title='bbox 98 3503 556 3562; x_wconf 75' lang='lat' dir='ltr'><strong>hierarc-Cxurus-Uurnatscr.:</strong></span> <span class='ocrx_word' id='word_1_571' title='bbox 575 3503 668 3559; x_wconf 75' lang='lat' dir='ltr'><strong>«xviii</strong></span> <span class='ocrx_word' id='word_1_572' title='bbox 680 3499 833 3574; x_wconf 90' lang='lat' dir='ltr'><strong>presbyteri</strong></span> <span class='ocrx_word' id='word_1_573' title='bbox 844 3506 871 3554; x_wconf 89' lang='lat' dir='ltr'><strong>et</strong></span> 
     </span>
     <span class='ocr_line' id='line_1_83' title="bbox 68 3572 869 3646; baseline -0.007 -14"><span class='ocrx_word' id='word_1_574' title='bbox 68 3575 242 3632; x_wconf 82' lang='lat' dir='ltr'><strong>contessoris.</strong></span> <span class='ocrx_word' id='word_1_575' title='bbox 259 3577 364 3644; x_wconf 80' lang='lat' dir='ltr'><strong>Romae,</strong></span> <span class='ocrx_word' id='word_1_576' title='bbox 384 3583 542 3632; x_wconf 90' lang='lat' dir='ltr'><strong>sanctorum</strong></span> <span class='ocrx_word' id='word_1_577' title='bbox 562 3582 715 3646; x_wconf 81' lang='lat' dir='ltr'><strong>martyrum</strong></span> <span class='ocrx_word' id='word_1_578' title='bbox 736 3572 869 3629; x_wconf 88' lang='lat' dir='ltr'><strong>ducento-</strong></span> 
     </span>
     <span class='ocr_line' id='line_1_84' title="bbox 67 3647 762 3720; baseline -0.006 -16"><span class='ocrx_word' id='word_1_579' title='bbox 67 3662 125 3704; x_wconf 81' lang='lat' dir='ltr'><strong>rum</strong></span> <span class='ocrx_word' id='word_1_580' title='bbox 138 3648 285 3720; x_wconf 84' lang='lat' dir='ltr'><strong>sexaginta</strong></span> <span class='ocrx_word' id='word_1_581' title='bbox 297 3647 427 3704; x_wconf 91' lang='lat' dir='ltr'><strong>duorum.</strong></span> <span class='ocrx_word' id='word_1_582' title='bbox 438 3647 555 3704; x_wconf 88' lang='lat' dir='ltr'><strong>Wlmari</strong></span> <span class='ocrx_word' id='word_1_583' title='bbox 566 3647 741 3704; x_wconf 82' lang='lat' dir='ltr'><strong>confessoris.</strong></span> <span class='ocrx_word' id='word_1_584' title='bbox 752 3668 762 3693; x_wconf 69' lang='lat' dir='ltr'><strong>a</strong></span> 
     </span>
    </p>

    <p class='ocr_par' dir='ltr' id='par_1_21' title="bbox 68 3715 865 3861">
     <span class='ocr_line' id='line_1_85' title="bbox 100 3715 865 3792; baseline -0.009 -15"><span class='ocrx_word' id='word_1_585' title='bbox 100 3719 294 3778; x_wconf 67' lang='lat' dir='ltr'><strong>Qunamm:</strong></span> <span class='ocrx_word' id='word_1_586' title='bbox 316 3720 401 3792; x_wconf 79' lang='lat' dir='ltr'><strong>‹lpso</strong></span> <span class='ocrx_word' id='word_1_587' title='bbox 416 3719 472 3785; x_wconf 92' lang='lat' dir='ltr'><strong>die,</strong></span> <span class='ocrx_word' id='word_1_588' title='bbox 492 3719 588 3776; x_wconf 88' lang='lat' dir='ltr'><strong>domni</strong></span> <span class='ocrx_word' id='word_1_589' title='bbox 603 3717 746 3776; x_wconf 85' lang='lat' dir='ltr'><strong>Luculfiah</strong></span> <span class='ocrx_word' id='word_1_590' title='bbox 761 3715 865 3773; x_wconf 86' lang='lat' dir='ltr'><strong>batis.»</strong></span> 
     </span>
     <span class='ocr_line' id='line_1_86' title="bbox 68 3790 451 3861; baseline 0 -14"><span class='ocrx_word' id='word_1_591' title='bbox 68 3790 141 3858; x_wconf 79' lang='lat' dir='ltr'><strong>Erit,</strong></span> <span class='ocrx_word' id='word_1_592' title='bbox 155 3792 188 3845; x_wconf 91' lang='lat' dir='ltr'><strong>ni</strong></span> <span class='ocrx_word' id='word_1_593' title='bbox 201 3791 294 3856; x_wconf 87' lang='lat' dir='ltr'><strong>lallor,</strong></span> <span class='ocrx_word' id='word_1_594' title='bbox 314 3791 451 3861; x_wconf 70' lang='lat' dir='ltr'><strong>liutulfus.</strong></span> 
     </span>
    </p>

    <p class='ocr_par' dir='ltr' id='par_1_22' title="bbox 67 3859 874 4145">
     <span class='ocr_line' id='line_1_87' title="bbox 104 3859 872 3919; baseline -0.008 0"><span class='ocrx_word' id='word_1_595' title='bbox 104 3863 176 3919; x_wconf 78' lang='lat' dir='ltr'><strong>nso.</strong></span> <span class='ocrx_word' id='word_1_596' title='bbox 193 3862 265 3918; x_wconf 77' lang='lat' dir='ltr'><strong>Suae</strong></span> <span class='ocrx_word' id='word_1_597' title='bbox 298 3862 348 3919; x_wconf 90' lang='lat' dir='ltr'><strong>suh</strong></span> <span class='ocrx_word' id='word_1_598' title='bbox 372 3871 438 3918; x_wconf 90' lang='lat' dir='ltr'><strong>nota</strong></span> <span class='ocrx_word' id='word_1_599' title='bbox 457 3879 535 3919; x_wconf 85' lang='lat' dir='ltr'><strong>nnur.</strong></span> <span class='ocrx_word' id='word_1_600' title='bbox 550 3862 624 3919; x_wconf 74' lang='lat'>428:</span> <span class='ocrx_word' id='word_1_601' title='bbox 657 3861 713 3917; x_wconf 82' lang='lat' dir='ltr'><strong>«ln</strong></span> <span class='ocrx_word' id='word_1_602' title='bbox 728 3859 872 3916; x_wconf 90' lang='lat' dir='ltr'><strong>territorio</strong></span> 
     </span>
     <span class='ocr_line' id='line_1_88' title="bbox 69 3931 874 4002; baseline -0.006 -12"><span class='ocrx_word' id='word_1_603' title='bbox 69 3931 214 3990; x_wconf 84' lang='lat' dir='ltr'><strong>liidderici</strong></span> <span class='ocrx_word' id='word_1_604' title='bbox 243 3934 331 4002; x_wconf 80' lang='lat' dir='ltr'><strong>castri,</strong></span> <span class='ocrx_word' id='word_1_605' title='bbox 366 3935 504 3992; x_wconf 90' lang='lat' dir='ltr'><strong>adventus</strong></span> <span class='ocrx_word' id='word_1_606' title='bbox 534 3933 684 3991; x_wconf 85' lang='lat' dir='ltr'><strong>clarissimi</strong></span> <span class='ocrx_word' id='word_1_607' title='bbox 707 3931 874 3988; x_wconf 84' lang='lat' dir='ltr'><strong>confessoris</strong></span> 
     </span>
     <span class='ocr_line' id='line_1_89' title="bbox 67 4002 873 4079; baseline -0.005 -16"><span class='ocrx_word' id='word_1_608' title='bbox 67 4004 173 4063; x_wconf 83' lang='lat' dir='ltr'><strong>Christi</strong></span> <span class='ocrx_word' id='word_1_609' title='bbox 192 4004 304 4073; x_wconf 85' lang='lat' dir='ltr'><strong>Dolulii,</strong></span> <span class='ocrx_word' id='word_1_610' title='bbox 327 4022 409 4078; x_wconf 89' lang='lat' dir='ltr'><strong>super</strong></span> <span class='ocrx_word' id='word_1_611' title='bbox 437 4007 518 4079; x_wconf 84' lang='lat' dir='ltr'><strong>cujus</strong></span> <span class='ocrx_word' id='word_1_612' title='bbox 546 4007 688 4073; x_wconf 84' lang='lat' dir='ltr'><strong>feretrum,</strong></span> <span class='ocrx_word' id='word_1_613' title='bbox 714 4002 873 4059; x_wconf 90' lang='lat' dir='ltr'><strong>videntibus</strong></span> 
     </span>
     <span class='ocr_line' id='line_1_90' title="bbox 68 4075 813 4145; baseline -0.003 -11"><span class='ocrx_word' id='word_1_614' title='bbox 68 4078 186 4145; x_wconf 87' lang='lat' dir='ltr'><strong>cunctis,</strong></span> <span class='ocrx_word' id='word_1_615' title='bbox 206 4078 336 4134; x_wconf 87' lang='lat' dir='ltr'><strong>columna</strong></span> <span class='ocrx_word' id='word_1_616' title='bbox 347 4079 418 4135; x_wconf 90' lang='lat' dir='ltr'><strong>lucis</strong></span> <span class='ocrx_word' id='word_1_617' title='bbox 428 4080 538 4135; x_wconf 78' lang='lat' dir='ltr'><strong>caelitus</strong></span> <span class='ocrx_word' id='word_1_618' title='bbox 552 4078 651 4134; x_wconf 90' lang='lat' dir='ltr'><strong>emissa</strong></span> <span class='ocrx_word' id='word_1_619' title='bbox 665 4075 785 4132; x_wconf 88' lang='lat' dir='ltr'><strong>relulsvt.</strong></span> <span class='ocrx_word' id='word_1_620' title='bbox 803 4098 813 4123; x_wconf 66' lang='lat' dir='ltr'><strong>a</strong></span> 
     </span>
    </p>
   </div>
   <div class='ocr_carea' id='block_1_17' title="bbox 71 4163 876 4319">
    <p class='ocr_par' dir='ltr' id='par_1_23' title="bbox 71 4163 876 4319">
     <span class='ocr_line' id='line_1_91' title="bbox 102 4163 867 4236; baseline -0.007 -12"><span class='ocrx_word' id='word_1_621' title='bbox 102 4166 253 4235; x_wconf 74' lang='lat' dir='ltr'><strong>Varruart,</strong></span> <span class='ocrx_word' id='word_1_622' title='bbox 264 4181 342 4222; x_wconf 90' lang='lat' dir='ltr'><strong>num.</strong></span> <span class='ocrx_word' id='word_1_623' title='bbox 353 4166 434 4236; x_wconf 73' lang='lat' dir='ltr'><strong>59l9,</strong></span> <span class='ocrx_word' id='word_1_624' title='bbox 446 4167 551 4224; x_wconf 92' lang='lat' dir='ltr'><strong>omittit</strong></span> <span class='ocrx_word' id='word_1_625' title='bbox 569 4165 712 4224; x_wconf 77' lang='lat' dir='ltr'><strong>‹Vulmari</strong></span> <span class='ocrx_word' id='word_1_626' title='bbox 721 4174 748 4222; x_wconf 92' lang='lat' dir='ltr'><strong>et</strong></span> <span class='ocrx_word' id='word_1_627' title='bbox 757 4163 867 4221; x_wconf 76' lang='lat' dir='ltr'><strong>Aviti.»</strong></span> 
     </span>
     <span class='ocr_line' id='line_1_92' title="bbox 71 4236 876 4319; baseline -0.001 -26"><span class='ocrx_word' id='word_1_628' title='bbox 71 4236 171 4308; x_wconf 76' lang='lat' dir='ltr'><strong>Adjicit</strong></span> <span class='ocrx_word' id='word_1_629' title='bbox 185 4247 279 4294; x_wconf 90' lang='lat' dir='ltr'><strong>autem</strong></span> <span class='ocrx_word' id='word_1_630' title='bbox 296 4255 303 4294; x_wconf 87' lang='lat'><strong>:</strong></span> <span class='ocrx_word' id='word_1_631' title='bbox 327 4262 336 4285; x_wconf 81' lang='grc' dir='ltr'>ι</span> <span class='ocrx_word' id='word_1_632' title='bbox 356 4238 518 4307; x_wconf 87' lang='lat' dir='ltr'><strong>Beneventi,</strong></span> <span class='ocrx_word' id='word_1_633' title='bbox 533 4247 692 4296; x_wconf 87' lang='lat' dir='ltr'><strong>sanctorum</strong></span> <span class='ocrx_word' id='word_1_634' title='bbox 707 4236 838 4294; x_wconf 89' lang='lat' dir='ltr'><strong>Nicandri</strong></span> <span class='ocrx_word' id='word_1_635' title='bbox 847 4242 876 4319; x_wconf 78' lang='lat' dir='ltr'><strong>et</strong></span> 
     </span>
    </p>
   </div>
   <div class='ocr_carea' id='block_1_18' title="bbox 923 3175 1726 3897">
    <p class='ocr_par' dir='ltr' id='par_1_24' title="bbox 923 3175 1726 3897">
     <span class='ocr_line' id='line_1_93' title="bbox 960 3175 1724 3250; baseline 0.004 -15"><span class='ocrx_word' id='word_1_636' title='bbox 960 3179 1071 3235; x_wconf 82' lang='lat' dir='ltr'><strong>blousx.</strong></span> <span class='ocrx_word' id='word_1_637' title='bbox 1084 3178 1118 3234; x_wconf 92' lang='lat' dir='ltr'><strong>de</strong></span> <span class='ocrx_word' id='word_1_638' title='bbox 1129 3179 1214 3235; x_wconf 85' lang='lat' dir='ltr'><strong>Avito</strong></span> <span class='ocrx_word' id='word_1_639' title='bbox 1229 3196 1236 3236; x_wconf 77' lang='grc' dir='ltr'>ε</span> <span class='ocrx_word' id='word_1_640' title='bbox 1255 3177 1359 3250; x_wconf 77' lang='lat' dir='ltr'><strong>«Cujus</strong></span> <span class='ocrx_word' id='word_1_641' title='bbox 1373 3179 1432 3236; x_wconf 87' lang='lat' dir='ltr'><strong>vita</strong></span> <span class='ocrx_word' id='word_1_642' title='bbox 1445 3175 1589 3235; x_wconf 88' lang='lat' dir='ltr'><strong>miraculis</strong></span> <span class='ocrx_word' id='word_1_643' title='bbox 1600 3192 1724 3238; x_wconf 84' lang='lat' dir='ltr'><strong>corusca·</strong></span> 
     </span>
     <span class='ocr_line' id='line_1_94' title="bbox 923 3250 1724 3324; baseline 0.002 -17"><span class='ocrx_word' id='word_1_644' title='bbox 923 3250 981 3308; x_wconf 91' lang='lat' dir='ltr'><strong>bat.</strong></span> <span class='ocrx_word' id='word_1_645' title='bbox 995 3251 1046 3306; x_wconf 88' lang='lat' dir='ltr'><strong>ilio</strong></span> <span class='ocrx_word' id='word_1_646' title='bbox 1062 3251 1135 3306; x_wconf 91' lang='lat' dir='ltr'><strong>inter</strong></span> <span class='ocrx_word' id='word_1_647' title='bbox 1148 3251 1202 3307; x_wconf 91' lang='lat' dir='ltr'><strong>alia</strong></span> <span class='ocrx_word' id='word_1_648' title='bbox 1211 3250 1283 3307; x_wconf 86' lang='lat' dir='ltr'><strong>lacta</strong></span> <span class='ocrx_word' id='word_1_649' title='bbox 1295 3250 1441 3324; x_wconf 84' lang='lat' dir='ltr'><strong>quemdum</strong></span> <span class='ocrx_word' id='word_1_650' title='bbox 1452 3250 1617 3308; x_wconf 90' lang='lat' dir='ltr'><strong>monachum</strong></span> <span class='ocrx_word' id='word_1_651' title='bbox 1628 3251 1724 3309; x_wconf 88' lang='lat' dir='ltr'><strong>delun·</strong></span> 
     </span>
     <span class='ocr_line' id='line_1_95' title="bbox 924 3322 1714 3404; baseline 0.001 -25"><span class='ocrx_word' id='word_1_652' title='bbox 924 3332 999 3380; x_wconf 91' lang='lat' dir='ltr'><strong>ctum</strong></span> <span class='ocrx_word' id='word_1_653' title='bbox 1015 3322 1045 3377; x_wconf 92' lang='lat' dir='ltr'><strong>in</strong></span> <span class='ocrx_word' id='word_1_654' title='bbox 1060 3323 1185 3390; x_wconf 91' lang='lat' dir='ltr'><strong>ecclesia,</strong></span> <span class='ocrx_word' id='word_1_655' title='bbox 1206 3322 1312 3378; x_wconf 80' lang='lat' dir='ltr'><strong>caeteris</strong></span> <span class='ocrx_word' id='word_1_656' title='bbox 1331 3323 1465 3378; x_wconf 88' lang='lat' dir='ltr'><strong>iratribus</strong></span> <span class='ocrx_word' id='word_1_657' title='bbox 1477 3338 1575 3379; x_wconf 88' lang='lat' dir='ltr'><strong>somno</strong></span> <span class='ocrx_word' id='word_1_658' title='bbox 1592 3323 1714 3404; x_wconf 83' lang='lat' dir='ltr'><strong>gravatis</strong></span> 
     </span>
     <span class='ocr_line' id='line_1_96' title="bbox 925 3365 1723 3476; baseline 0.001 -26"><span class='ocrx_word' id='word_1_659' title='bbox 925 3394 1049 3450; x_wconf 90' lang='lat' dir='ltr'><strong>oratione</strong></span> <span class='ocrx_word' id='word_1_660' title='bbox 1064 3395 1124 3449; x_wconf 86' lang='lat' dir='ltr'><strong>lusa</strong></span> <span class='ocrx_word' id='word_1_661' title='bbox 1133 3394 1167 3450; x_wconf 94' lang='lat' dir='ltr'><strong>ad</strong></span> <span class='ocrx_word' id='word_1_662' title='bbox 1177 3394 1338 3461; x_wconf 90' lang='lat' dir='ltr'><strong>Dominum,</strong></span> <span class='ocrx_word' id='word_1_663' title='bbox 1349 3409 1364 3449; x_wconf 91' lang='lat' dir='ltr'><strong>a</strong></span> <span class='ocrx_word' id='word_1_664' title='bbox 1375 3403 1463 3450; x_wconf 90' lang='lat' dir='ltr'><strong>morte</strong></span> <span class='ocrx_word' id='word_1_665' title='bbox 1472 3394 1627 3457; x_wconf 83' lang='lat' dir='ltr'><strong>suscitavit,</strong></span> <span class='ocrx_word' id='word_1_666' title='bbox 1640 3365 1723 3476; x_wconf 77' lang='lat' dir='ltr'><strong>Apuli</strong></span> 
     </span>
     <span class='ocr_line' id='line_1_97' title="bbox 926 3463 1724 3538; baseline 0.001 -16"><span class='ocrx_word' id='word_1_667' title='bbox 926 3467 1073 3529; x_wconf 85' lang='lat' dir='ltr'><strong>Viennam,</strong></span> <span class='ocrx_word' id='word_1_668' title='bbox 1089 3466 1177 3521; x_wconf 89' lang='lat' dir='ltr'><strong>sancti</strong></span> <span class='ocrx_word' id='word_1_669' title='bbox 1192 3465 1321 3521; x_wconf 91' lang='lat' dir='ltr'><strong>Domuoli</strong></span> <span class='ocrx_word' id='word_1_670' title='bbox 1336 3465 1428 3537; x_wconf 89' lang='lat' dir='ltr'><strong>episco</strong></span> <span class='ocrx_word' id='word_1_671' title='bbox 1449 3465 1489 3520; x_wconf 77' lang='lat' dir='ltr'><strong>i.»</strong></span> <span class='ocrx_word' id='word_1_672' title='bbox 1511 3465 1556 3521; x_wconf 85' lang='lat' dir='ltr'><strong>Ex</strong></span> <span class='ocrx_word' id='word_1_673' title='bbox 1569 3464 1615 3522; x_wconf 92' lang='lat' dir='ltr'><strong>die</strong></span> <span class='ocrx_word' id='word_1_674' title='bbox 1627 3463 1724 3538; x_wconf 87' lang='lat' dir='ltr'><strong>prrorl.</strong></span> 
     </span>
     <span class='ocr_line' id='line_1_98' title="bbox 925 3482 1723 3611; baseline 0 -17"><span class='ocrx_word' id='word_1_675' title='bbox 925 3539 965 3594; x_wconf 93' lang='lat' dir='ltr'><strong>De</strong></span> <span class='ocrx_word' id='word_1_676' title='bbox 986 3537 1130 3593; x_wconf 84' lang='lat' dir='ltr'><strong>Gundullo</strong></span> <span class='ocrx_word' id='word_1_677' title='bbox 1153 3544 1180 3593; x_wconf 92' lang='lat' dir='ltr'><strong>et</strong></span> <span class='ocrx_word' id='word_1_678' title='bbox 1194 3537 1334 3593; x_wconf 88' lang='lat' dir='ltr'><strong>Possemio</strong></span> <span class='ocrx_word' id='word_1_679' title='bbox 1350 3538 1412 3608; x_wconf 90' lang='lat' dir='ltr'><strong>(pro</strong></span> <span class='ocrx_word' id='word_1_680' title='bbox 1426 3482 1571 3606; x_wconf 48' lang='lat' dir='ltr'><strong>iocosae),</strong></span> <span class='ocrx_word' id='word_1_681' title='bbox 1587 3544 1723 3611; x_wconf 85' lang='lat' dir='ltr'><strong>utsupra.</strong></span> 
     </span>
     <span class='ocr_line' id='line_1_99' title="bbox 934 3607 1725 3681; baseline 0.008 -22"><span class='ocrx_word' id='word_1_682' title='bbox 934 3635 942 3659; x_wconf 65' lang='lat' dir='ltr'><strong>a</strong></span> <span class='ocrx_word' id='word_1_683' title='bbox 963 3611 1031 3665; x_wconf 89' lang='lat' dir='ltr'><strong>lteru</strong></span> <span class='ocrx_word' id='word_1_684' title='bbox 1047 3609 1150 3675; x_wconf 80' lang='lat' dir='ltr'><strong>Rome,</strong></span> <span class='ocrx_word' id='word_1_685' title='bbox 1165 3607 1262 3665; x_wconf 83' lang='lat' dir='ltr'><strong>Alexis</strong></span> <span class='ocrx_word' id='word_1_686' title='bbox 1280 3608 1456 3677; x_wconf 83' lang='lat' dir='ltr'><strong>confessoris,</strong></span> <span class='ocrx_word' id='word_1_687' title='bbox 1472 3608 1521 3681; x_wconf 90' lang='lat' dir='ltr'><strong>qui</strong></span> <span class='ocrx_word' id='word_1_688' title='bbox 1536 3616 1725 3680; x_wconf 78' lang='lat' dir='ltr'><strong>paupertatem</strong></span> 
     </span>
     <span class='ocr_line' id='line_1_100' title="bbox 926 3679 1726 3753; baseline 0 -17"><span class='ocrx_word' id='word_1_689' title='bbox 926 3679 1112 3736; x_wconf 90' lang='lat' dir='ltr'><strong>voluntariam</strong></span> <span class='ocrx_word' id='word_1_690' title='bbox 1127 3681 1219 3752; x_wconf 84' lang='lat' dir='ltr'><strong>elegit,</strong></span> <span class='ocrx_word' id='word_1_691' title='bbox 1234 3690 1260 3736; x_wconf 90' lang='lat' dir='ltr'><strong>et</strong></span> <span class='ocrx_word' id='word_1_692' title='bbox 1275 3687 1336 3753; x_wconf 92' lang='lat' dir='ltr'><strong>post</strong></span> <span class='ocrx_word' id='word_1_693' title='bbox 1351 3682 1453 3736; x_wconf 90' lang='lat' dir='ltr'><strong>multas</strong></span> <span class='ocrx_word' id='word_1_694' title='bbox 1466 3680 1621 3737; x_wconf 85' lang='lat' dir='ltr'><strong>anxietates</strong></span> <span class='ocrx_word' id='word_1_695' title='bbox 1633 3687 1661 3736; x_wconf 88' lang='lat' dir='ltr'><strong>et</strong></span> <span class='ocrx_word' id='word_1_696' title='bbox 1676 3680 1726 3736; x_wconf 91' lang='lat' dir='ltr'><strong>in-</strong></span> 
     </span>
     <span class='ocr_line' id='line_1_101' title="bbox 925 3751 1726 3826; baseline 0.001 -18"><span class='ocrx_word' id='word_1_697' title='bbox 925 3752 1024 3826; x_wconf 81' lang='lat' dir='ltr'><strong>jurias,</strong></span> <span class='ocrx_word' id='word_1_698' title='bbox 1041 3769 1057 3808; x_wconf 91' lang='lat' dir='ltr'><strong>a</strong></span> <span class='ocrx_word' id='word_1_699' title='bbox 1071 3752 1183 3807; x_wconf 86' lang='lat' dir='ltr'><strong>lamvtrs</strong></span> <span class='ocrx_word' id='word_1_700' title='bbox 1197 3752 1296 3807; x_wconf 84' lang='lat' dir='ltr'><strong>dovrius</strong></span> <span class='ocrx_word' id='word_1_701' title='bbox 1311 3751 1453 3824; x_wconf 88' lang='lat' dir='ltr'><strong>patrissui</strong></span> <span class='ocrx_word' id='word_1_702' title='bbox 1469 3751 1564 3817; x_wconf 86' lang='lat' dir='ltr'><strong>iactas,</strong></span> <span class='ocrx_word' id='word_1_703' title='bbox 1586 3751 1726 3809; x_wconf 86' lang='lat' dir='ltr'><strong>nesciente</strong></span> 
     </span>
     <span class='ocr_line' id='line_1_102' title="bbox 926 3821 1726 3897; baseline -0.003 -16"><span class='ocrx_word' id='word_1_704' title='bbox 926 3832 1004 3897; x_wconf 91' lang='lat' dir='ltr'><strong>patre</strong></span> <span class='ocrx_word' id='word_1_705' title='bbox 1019 3834 1045 3880; x_wconf 79' lang='lat' dir='ltr'><strong>et</strong></span> <span class='ocrx_word' id='word_1_706' title='bbox 1059 3833 1157 3887; x_wconf 86' lang='lat' dir='ltr'><strong>matre,</strong></span> <span class='ocrx_word' id='word_1_707' title='bbox 1167 3824 1195 3877; x_wconf 91' lang='lat' dir='ltr'><strong>iu</strong></span> <span class='ocrx_word' id='word_1_708' title='bbox 1207 3822 1315 3895; x_wconf 86' lang='lat' dir='ltr'><strong>jejunio</strong></span> <span class='ocrx_word' id='word_1_709' title='bbox 1328 3831 1356 3879; x_wconf 91' lang='lat' dir='ltr'><strong>et</strong></span> <span class='ocrx_word' id='word_1_710' title='bbox 1373 3821 1547 3879; x_wconf 87' lang='lat' dir='ltr'><strong>orationibus</strong></span> <span class='ocrx_word' id='word_1_711' title='bbox 1561 3822 1591 3878; x_wconf 92' lang='lat' dir='ltr'><strong>in</strong></span> <span class='ocrx_word' id='word_1_712' title='bbox 1606 3823 1726 3880; x_wconf 91' lang='lat' dir='ltr'><strong>Domino</strong></span> 
     </span>
    </p>
   </div>
   <div class='ocr_carea' id='block_1_19' title="bbox 927 3893 1825 3969">
    <p class='ocr_par' dir='ltr' id='par_1_25' title="bbox 927 3893 1825 3969">
     <span class='ocr_line' id='line_1_103' title="bbox 927 3893 1825 3969; baseline -0.001 -18"><span class='ocrx_word' id='word_1_713' title='bbox 927 3894 1043 3969; x_wconf 91' lang='lat' dir='ltr'><strong>quievit.</strong></span> <span class='ocrx_word' id='word_1_714' title='bbox 1060 3920 1069 3943; x_wconf 84' lang='lat'><em>·</em></span> <span class='ocrx_word' id='word_1_715' title='bbox 1090 3893 1198 3951; x_wconf 88' lang='lat' dir='ltr'><strong>Colitur</strong></span> <span class='ocrx_word' id='word_1_716' title='bbox 1212 3911 1273 3951; x_wconf 84' lang='lat' dir='ltr'><strong>xvn</strong></span> <span class='ocrx_word' id='word_1_717' title='bbox 1290 3894 1368 3950; x_wconf 87' lang='lat' dir='ltr'><strong>iulii.</strong></span> <span class='ocrx_word' id='word_1_718' title='bbox 1391 3917 1400 3941; x_wconf 71' lang='grc' dir='ltr'>ι</span> <span class='ocrx_word' id='word_1_719' title='bbox 1414 3894 1571 3962; x_wconf 65' lang='lat' dir='ltr'><strong>lustrabis,</strong></span> <span class='ocrx_word' id='word_1_720' title='bbox 1585 3904 1680 3966; x_wconf 87' lang='lat' dir='ltr'><strong>raptus</strong></span> <span class='ocrx_word' id='word_1_721' title='bbox 1697 3896 1726 3950; x_wconf 93' lang='lat' dir='ltr'><strong>in</strong></span> <span class='ocrx_word' id='word_1_722' title='bbox 1816 3914 1825 3924; x_wconf 67' lang='lat'><strong>‘¹</strong></span> 
     </span>
    </p>
   </div>
   <div class='ocr_carea' id='block_1_20' title="bbox 928 3966 1729 4327">
    <p class='ocr_par' dir='ltr' id='par_1_26' title="bbox 928 3966 1729 4327">
     <span class='ocr_line' id='line_1_104' title="bbox 928 3966 1724 4040; baseline -0.006 -14"><span class='ocrx_word' id='word_1_723' title='bbox 928 3970 1028 4026; x_wconf 84' lang='lat' dir='ltr'><strong>coelum</strong></span> <span class='ocrx_word' id='word_1_724' title='bbox 1043 3966 1131 4024; x_wconf 89' lang='lat' dir='ltr'><strong>sancti</strong></span> <span class='ocrx_word' id='word_1_725' title='bbox 1147 3967 1232 4023; x_wconf 82' lang='lat' dir='ltr'><strong>ileliae</strong></span> <span class='ocrx_word' id='word_1_726' title='bbox 1248 3983 1296 4040; x_wconf 87' lang='lat' dir='ltr'><strong>pro</strong></span> <span class='ocrx_word' id='word_1_727' title='bbox 1317 3967 1387 4023; x_wconf 82' lang='lat' dir='ltr'><strong>hetae</strong></span> <span class='ocrx_word' id='word_1_728' title='bbox 1406 3967 1530 4033; x_wconf 88' lang='lat' dir='ltr'><strong>Domini,</strong></span> <span class='ocrx_word' id='word_1_729' title='bbox 1545 3976 1572 4023; x_wconf 92' lang='lat' dir='ltr'><strong>et</strong></span> <span class='ocrx_word' id='word_1_730' title='bbox 1585 3966 1724 4023; x_wconf 89' lang='lat' dir='ltr'><strong>Carmeli-</strong></span> 
     </span>
     <span class='ocr_line' id='line_1_105' title="bbox 928 3984 1728 4120; baseline -0.001 -24"><span class='ocrx_word' id='word_1_731' title='bbox 928 4048 998 4096; x_wconf 82' lang='lat' dir='ltr'><strong>tanae</strong></span> <span class='ocrx_word' id='word_1_732' title='bbox 1020 4039 1164 4120; x_wconf 78' lang='lat' dir='ltr'><strong>religionis</strong></span> <span class='ocrx_word' id='word_1_733' title='bbox 1178 3984 1353 4107; x_wconf 66' lang='lat' dir='ltr'><strong>Patriarciiae,</strong></span> <span class='ocrx_word' id='word_1_734' title='bbox 1373 4037 1421 4110; x_wconf 94' lang='lat' dir='ltr'><strong>qui</strong></span> <span class='ocrx_word' id='word_1_735' title='bbox 1435 4044 1540 4094; x_wconf 91' lang='lat' dir='ltr'><strong>tantam</strong></span> <span class='ocrx_word' id='word_1_736' title='bbox 1553 4036 1660 4093; x_wconf 89' lang='lat' dir='ltr'><strong>invenit</strong></span> <span class='ocrx_word' id='word_1_737' title='bbox 1675 4054 1728 4095; x_wconf 90' lang='lat' dir='ltr'><strong>co-</strong></span> 
     </span>
     <span class='ocr_line' id='line_1_106' title="bbox 929 4109 1728 4184; baseline 0 -16"><span class='ocrx_word' id='word_1_738' title='bbox 929 4128 987 4168; x_wconf 90' lang='lat' dir='ltr'><strong>ram</strong></span> <span class='ocrx_word' id='word_1_739' title='bbox 1008 4112 1129 4169; x_wconf 84' lang='lat' dir='ltr'><strong>Domino</strong></span> <span class='ocrx_word' id='word_1_740' title='bbox 1151 4110 1279 4184; x_wconf 88' lang='lat' dir='ltr'><strong>gratiam,</strong></span> <span class='ocrx_word' id='word_1_741' title='bbox 1294 4119 1325 4166; x_wconf 93' lang='lat' dir='ltr'><strong>ut</strong></span> <span class='ocrx_word' id='word_1_742' title='bbox 1339 4110 1479 4167; x_wconf 89' lang='lat' dir='ltr'><strong>clauderet</strong></span> <span class='ocrx_word' id='word_1_743' title='bbox 1493 4119 1521 4165; x_wconf 91' lang='lat' dir='ltr'><strong>et</strong></span> <span class='ocrx_word' id='word_1_744' title='bbox 1535 4109 1653 4180; x_wconf 90' lang='lat' dir='ltr'><strong>aperiret</strong></span> <span class='ocrx_word' id='word_1_745' title='bbox 1667 4125 1728 4168; x_wconf 79' lang='lat' dir='ltr'><strong>cua·</strong></span> 
     </span>
     <span class='ocr_line' id='line_1_107' title="bbox 929 4181 1728 4255; baseline -0.003 -15"><span class='ocrx_word' id='word_1_746' title='bbox 929 4185 999 4241; x_wconf 89' lang='lat' dir='ltr'><strong>lum.</strong></span> <span class='ocrx_word' id='word_1_747' title='bbox 1016 4208 1025 4232; x_wconf 77' lang='grc' dir='ltr'>ι</span> <span class='ocrx_word' id='word_1_748' title='bbox 1046 4184 1086 4240; x_wconf 92' lang='lat' dir='ltr'><strong>De</strong></span> <span class='ocrx_word' id='word_1_749' title='bbox 1101 4182 1240 4255; x_wconf 91' lang='lat' dir='ltr'><strong>Botulpho</strong></span> <span class='ocrx_word' id='word_1_750' title='bbox 1254 4182 1411 4248; x_wconf 83' lang='lat' dir='ltr'><strong>etiuliauo,</strong></span> <span class='ocrx_word' id='word_1_751' title='bbox 1423 4191 1454 4237; x_wconf 91' lang='lat' dir='ltr'><strong>ut</strong></span> <span class='ocrx_word' id='word_1_752' title='bbox 1468 4196 1561 4251; x_wconf 90' lang='lat' dir='ltr'><strong>supra.</strong></span> <span class='ocrx_word' id='word_1_753' title='bbox 1572 4181 1728 4239; x_wconf 85' lang='lat' dir='ltr'><strong>Minoribus</strong></span> 
     </span>
     <span class='ocr_line' id='line_1_108' title="bbox 928 4252 1729 4327; baseline -0.002 -16"><span class='ocrx_word' id='word_1_754' title='bbox 928 4254 1006 4327; x_wconf 91' lang='lat' dir='ltr'><strong>typis</strong></span> <span class='ocrx_word' id='word_1_755' title='bbox 1022 4272 1028 4310; x_wconf 95' lang='lat'>:</span> <span class='ocrx_word' id='word_1_756' title='bbox 1052 4254 1232 4312; x_wconf 88' lang='lat' dir='ltr'><strong>‹Translatio</strong></span> <span class='ocrx_word' id='word_1_757' title='bbox 1253 4253 1409 4310; x_wconf 88' lang='lat' dir='ltr'><strong>iunocentii</strong></span> <span class='ocrx_word' id='word_1_758' title='bbox 1426 4252 1556 4324; x_wconf 78' lang='lat' dir='ltr'><strong>martyris</strong></span> <span class='ocrx_word' id='word_1_759' title='bbox 1570 4269 1605 4308; x_wconf 86' lang='lat' dir='ltr'><strong>ex</strong></span> <span class='ocrx_word' id='word_1_760' title='bbox 1621 4253 1729 4325; x_wconf 90' lang='lat' dir='ltr'><strong>legione</strong></span> 
     </span>
    </p>
   </div>
   <div class='ocr_carea' id='block_1_21' title="bbox 71 4307 1729 4468">
    <p class='ocr_par' dir='ltr' id='par_1_27' title="bbox 71 4307 1729 4468">
     <span class='ocr_line' id='line_1_109' title="bbox 71 4307 1728 4396; baseline -0.002 -33"><span class='ocrx_word' id='word_1_761' title='bbox 71 4307 209 4391; x_wconf 81' lang='lat' dir='ltr'><strong>llarciaui.</strong></span> <span class='ocrx_word' id='word_1_762' title='bbox 226 4308 558 4395; x_wconf 30' lang='lat' dir='ltr'><strong>Eodem-diestranslatio</strong></span> <span class='ocrx_word' id='word_1_763' title='bbox 571 4309 660 4368; x_wconf 89' lang='lat' dir='ltr'><strong>sancti</strong></span> <span class='ocrx_word' id='word_1_764' title='bbox 675 4309 873 4365; x_wconf 86' lang='lat' dir='ltr'><strong>Bartholomaet</strong></span> <span class='ocrx_word' id='word_1_765' title='bbox 929 4325 1047 4382; x_wconf 62' lang='lat' dir='ltr'><strong>Thehaea</strong></span> <span class='ocrx_word' id='word_1_766' title='bbox 1071 4325 1100 4380; x_wconf 73' lang='lat' dir='ltr'><strong>jn</strong></span> <span class='ocrx_word' id='word_1_767' title='bbox 1120 4335 1214 4383; x_wconf 54' lang='lat' dir='ltr'><strong>monte</strong></span> <span class='ocrx_word' id='word_1_768' title='bbox 1238 4324 1429 4396; x_wconf 52' lang='lat' dir='ltr'><strong>Sibefgengi„</strong></span> <span class='ocrx_word' id='word_1_769' title='bbox 1451 4323 1560 4381; x_wconf 65' lang='lat' dir='ltr'><strong>Coqjgffl</strong></span> <span class='ocrx_word' id='word_1_770' title='bbox 1580 4330 1637 4380; x_wconf 64' lang='lat' dir='ltr'><strong>toga</strong></span> <span class='ocrx_word' id='word_1_771' title='bbox 1657 4323 1728 4395; x_wconf 63' lang='lat' dir='ltr'><strong>qegjo</strong></span> 
     </span>
     <span class='ocr_line' id='line_1_110' title="bbox 73 4381 1729 4468; baseline -0.001 -18"><span class='ocrx_word' id='word_1_772' title='bbox 73 4382 186 4450; x_wconf 71' lang='lat' dir='ltr'><strong>²P⁰⁸l⁰¹¹</strong></span> <span class='ocrx_word' id='word_1_773' title='bbox 195 4381 229 4437; x_wconf 74' lang='lat'><strong>‘¹⁰</strong></span> <span class='ocrx_word' id='word_1_774' title='bbox 238 4381 319 4438; x_wconf 66' lang='grc' dir='ltr'><strong>[[1ὼὸ</strong></span> <span class='ocrx_word' id='word_1_775' title='bbox 328 4397 359 4437; x_wconf 86' lang='lat'><strong>¹¹¹</strong></span> <span class='ocrx_word' id='word_1_776' title='bbox 370 4382 519 4456; x_wconf 70' lang='lat' dir='ltr'><strong>L¹P³f¹ffl·&#39;</strong></span> <span class='ocrx_word' id='word_1_777' title='bbox 539 4383 685 4457; x_wconf 66' lang='lat' dir='ltr'><strong>Assssssllllffl</strong></span> <span class='ocrx_word' id='word_1_778' title='bbox 696 4382 729 4437; x_wconf 70' lang='lat'><strong>‘¹0</strong></span> <span class='ocrx_word' id='word_1_779' title='bbox 739 4381 866 4454; x_wconf 59' lang='grc' dir='ltr'><strong>ειΡθὸῑθῑῡ</strong></span> <span class='ocrx_word' id='word_1_780' title='bbox 878 4402 903 4461; x_wconf 85' lang='lat' dir='ltr'><strong>D</strong></span> <span class='ocrx_word' id='word_1_781' title='bbox 925 4415 987 4453; x_wconf 83' lang='lat' dir='ltr'><strong>xxn</strong></span> <span class='ocrx_word' id='word_1_782' title='bbox 996 4397 1175 4468; x_wconf 88' lang='lat' dir='ltr'><strong>Septembris.</strong></span> <span class='ocrx_word' id='word_1_783' title='bbox 1194 4397 1344 4453; x_wconf 76' lang='lat' dir='ltr'><strong>‹Fulconis</strong></span> <span class='ocrx_word' id='word_1_784' title='bbox 1354 4394 1554 4466; x_wconf 90' lang='lat' dir='ltr'><strong>archiepiscopi</strong></span> <span class='ocrx_word' id='word_1_785' title='bbox 1566 4393 1729 4450; x_wconf 82' lang='lat' dir='ltr'><strong>Rhomensis</strong></span> 
     </span>
    </p>
   </div>
   <div class='ocr_carea' id='block_1_22' title="bbox 73 4453 273 4525">
    <p class='ocr_par' dir='ltr' id='par_1_28' title="bbox 73 4453 273 4525">
     <span class='ocr_line' id='line_1_111' title="bbox 73 4453 273 4525; baseline 0.015 -18"><span class='ocrx_word' id='word_1_786' title='bbox 73 4453 273 4525; x_wconf 83' lang='lat' dir='ltr'><strong>xxrvAugusti.</strong></span> 
     </span>
    </p>
   </div>
   <div class='ocr_carea' id='block_1_23' title="bbox 926 4463 1817 4540">
    <p class='ocr_par' dir='ltr' id='par_1_29' title="bbox 926 4463 1817 4540">
     <span class='ocr_line' id='line_1_112' title="bbox 926 4463 1817 4540; baseline -0.007 -15"><span class='ocrx_word' id='word_1_787' title='bbox 926 4479 953 4525; x_wconf 90' lang='lat' dir='ltr'><strong>et</strong></span> <span class='ocrx_word' id='word_1_788' title='bbox 979 4469 1146 4540; x_wconf 80' lang='lat' dir='ltr'><strong>martyris.»</strong></span> <span class='ocrx_word' id='word_1_789' title='bbox 1172 4467 1408 4524; x_wconf 80' lang='lat' dir='ltr'><strong>Preterrnittitur.</strong></span> <span class='ocrx_word' id='word_1_790' title='bbox 1431 4466 1575 4522; x_wconf 85' lang='lat' dir='ltr'><strong>Editiones</strong></span> <span class='ocrx_word' id='word_1_791' title='bbox 1598 4463 1670 4530; x_wconf 81' lang='lat' dir='ltr'><strong>alias,</strong></span> <span class='ocrx_word' id='word_1_792' title='bbox 1693 4464 1729 4520; x_wconf 88' lang='lat' dir='ltr'><strong>do</strong></span> <span class='ocrx_word' id='word_1_793' title='bbox 1807 4472 1817 4488; x_wconf 80' lang='lat'><em>&#39;</em></span> 
     </span>
    </p>
   </div>
   <div class='ocr_carea' id='block_1_24' title="bbox 106 4529 1729 4609">
    <p class='ocr_par' dir='ltr' id='par_1_30' title="bbox 106 4529 1729 4609">
     <span class='ocr_line' id='line_1_113' title="bbox 106 4529 1729 4609; baseline -0.005 -12"><span class='ocrx_word' id='word_1_794' title='bbox 106 4532 242 4591; x_wconf 60' lang='lat' dir='ltr'><strong>limes·</strong></span> <span class='ocrx_word' id='word_1_795' title='bbox 261 4552 267 4590; x_wconf 78' lang='lat'>2</span> <span class='ocrx_word' id='word_1_796' title='bbox 287 4533 415 4591; x_wconf 79' lang='lat' dir='ltr'><strong>«Eodem</strong></span> <span class='ocrx_word' id='word_1_797' title='bbox 436 4535 490 4603; x_wconf 76' lang='lat' dir='ltr'><strong>die,</strong></span> <span class='ocrx_word' id='word_1_798' title='bbox 507 4533 593 4592; x_wconf 77' lang='lat' dir='ltr'><strong>sancti</strong></span> <span class='ocrx_word' id='word_1_799' title='bbox 613 4531 732 4590; x_wconf 72' lang='lat' dir='ltr'><strong>Posenni</strong></span> <span class='ocrx_word' id='word_1_800' title='bbox 745 4529 868 4588; x_wconf 64' lang='lat' dir='ltr'><strong>sacerdo·</strong></span> <span class='ocrx_word' id='word_1_801' title='bbox 923 4541 1021 4603; x_wconf 81' lang='lat' dir='ltr'><strong>Avito,</strong></span> <span class='ocrx_word' id='word_1_802' title='bbox 1038 4539 1184 4602; x_wconf 85' lang='lat' dir='ltr'><strong>Domnulo,</strong></span> <span class='ocrx_word' id='word_1_803' title='bbox 1201 4537 1382 4609; x_wconf 82' lang='lat' dir='ltr'><strong>Gundulpho,</strong></span> <span class='ocrx_word' id='word_1_804' title='bbox 1398 4535 1548 4601; x_wconf 90' lang='lat' dir='ltr'><strong>Possemio,</strong></span> <span class='ocrx_word' id='word_1_805' title='bbox 1564 4534 1686 4600; x_wconf 83' lang='lat' dir='ltr'><strong>tuliano,</strong></span> <span class='ocrx_word' id='word_1_806' title='bbox 1701 4539 1729 4590; x_wconf 92' lang='lat' dir='ltr'><strong>et</strong></span> 
     </span>
    </p>
   </div>
   <div class='ocr_carea' id='block_1_25' title="bbox 74 4602 872 5030">
    <p class='ocr_par' dir='ltr' id='par_1_31' title="bbox 74 4602 872 5030">
     <span class='ocr_line' id='line_1_114' title="bbox 74 4602 869 4679; baseline 0.001 -22"><span class='ocrx_word' id='word_1_807' title='bbox 74 4602 115 4671; x_wconf 89' lang='lat' dir='ltr'><strong>tis,</strong></span> <span class='ocrx_word' id='word_1_808' title='bbox 136 4608 214 4661; x_wconf 83' lang='lat' dir='ltr'><strong>mirae</strong></span> <span class='ocrx_word' id='word_1_809' title='bbox 229 4607 420 4679; x_wconf 88' lang='lat' dir='ltr'><strong>simplicitatis</strong></span> <span class='ocrx_word' id='word_1_810' title='bbox 436 4608 498 4663; x_wconf 92' lang='lat' dir='ltr'><strong>viri.</strong></span> <span class='ocrx_word' id='word_1_811' title='bbox 521 4609 582 4678; x_wconf 87' lang='lat' dir='ltr'><strong>[pso</strong></span> <span class='ocrx_word' id='word_1_812' title='bbox 597 4607 642 4663; x_wconf 89' lang='lat' dir='ltr'><strong>die</strong></span> <span class='ocrx_word' id='word_1_813' title='bbox 656 4604 729 4678; x_wconf 88' lang='lat' dir='ltr'><strong>apud</strong></span> <span class='ocrx_word' id='word_1_814' title='bbox 743 4613 869 4660; x_wconf 88' lang='lat' dir='ltr'><strong>sanctum</strong></span> 
     </span>
     <span class='ocr_line' id='line_1_115' title="bbox 76 4674 867 4759; baseline -0.001 -28"><span class='ocrx_word' id='word_1_815' title='bbox 76 4674 258 4745; x_wconf 84' lang='lat' dir='ltr'><strong>Edruuudum‚</strong></span> <span class='ocrx_word' id='word_1_816' title='bbox 274 4679 503 4752; x_wconf 88' lang='lat' dir='ltr'><strong>sanctiBolulphi</strong></span> <span class='ocrx_word' id='word_1_817' title='bbox 520 4695 534 4732; x_wconf 88' lang='lat' dir='ltr'><strong>e</strong></span> <span class='ocrx_word' id='word_1_818' title='bbox 555 4679 640 4759; x_wconf 85' lang='lat' dir='ltr'><strong>iscopi</strong></span> <span class='ocrx_word' id='word_1_819' title='bbox 653 4688 679 4733; x_wconf 94' lang='lat' dir='ltr'><strong>et</strong></span> <span class='ocrx_word' id='word_1_820' title='bbox 692 4676 867 4733; x_wconf 80' lang='lat' dir='ltr'><strong>confessoris.</strong></span> 
     </span>
     <span class='ocr_line' id='line_1_116' title="bbox 78 4696 870 4829; baseline 0.004 -29"><span class='ocrx_word' id='word_1_821' title='bbox 78 4741 199 4829; x_wconf 22' lang='lat' dir='ltr'><strong>[innuen</strong></span> <span class='ocrx_word' id='word_1_822' title='bbox 222 4750 360 4822; x_wconf 80' lang='lat' dir='ltr'><strong>Adulphi,</strong></span> <span class='ocrx_word' id='word_1_823' title='bbox 384 4750 482 4820; x_wconf 73' lang='lat' dir='ltr'><strong>[ratris</strong></span> <span class='ocrx_word' id='word_1_824' title='bbox 504 4696 552 4805; x_wconf 62' lang='lat' dir='ltr'><strong>uei)</strong></span> <span class='ocrx_word' id='word_1_825' title='bbox 565 4751 628 4804; x_wconf 86' lang='lat' dir='ltr'><strong>socii</strong></span> <span class='ocrx_word' id='word_1_826' title='bbox 654 4749 786 4819; x_wconf 89' lang='lat' dir='ltr'><strong>Botulphi</strong></span> <span class='ocrx_word' id='word_1_827' title='bbox 800 4746 870 4828; x_wconf 70' lang='lat' dir='ltr'><strong>lilii</strong></span> 
     </span>
     <span class='ocr_line' id='line_1_117' title="bbox 81 4820 871 4901; baseline 0 -27"><span class='ocrx_word' id='word_1_828' title='bbox 81 4821 209 4901; x_wconf 73' lang='lat' dir='ltr'><strong>temtorio</strong></span> <span class='ocrx_word' id='word_1_829' title='bbox 224 4821 392 4890; x_wconf 85' lang='lat' dir='ltr'><strong>Oxoniensi,</strong></span> <span class='ocrx_word' id='word_1_830' title='bbox 408 4820 569 4878; x_wconf 87' lang='lat' dir='ltr'><strong>liertilando</strong></span> <span class='ocrx_word' id='word_1_831' title='bbox 590 4822 765 4888; x_wconf 89' lang='lat' dir='ltr'><strong>monasterio,</strong></span> <span class='ocrx_word' id='word_1_832' title='bbox 782 4826 871 4875; x_wconf 85' lang='lat' dir='ltr'><strong>sancti</strong></span> 
     </span>
     <span class='ocr_line' id='line_1_118' title="bbox 82 4887 872 4966; baseline 0.004 -22"><span class='ocrx_word' id='word_1_833' title='bbox 82 4887 211 4947; x_wconf 80' lang='lat' dir='ltr'><strong>hechtavii</strong></span> <span class='ocrx_word' id='word_1_834' title='bbox 229 4894 371 4966; x_wconf 80' lang='lat' dir='ltr'><strong>martyris.</strong></span> <span class='ocrx_word' id='word_1_835' title='bbox 392 4918 402 4942; x_wconf 77' lang='grc' dir='ltr'>ι</span> <span class='ocrx_word' id='word_1_836' title='bbox 428 4894 505 4950; x_wconf 89' lang='lat' dir='ltr'><strong>Nihil</strong></span> <span class='ocrx_word' id='word_1_837' title='bbox 524 4892 558 4949; x_wconf 90' lang='lat' dir='ltr'><strong>de</strong></span> <span class='ocrx_word' id='word_1_838' title='bbox 572 4909 605 4949; x_wconf 95' lang='lat' dir='ltr'><strong>eo</strong></span> <span class='ocrx_word' id='word_1_839' title='bbox 617 4893 669 4952; x_wconf 92' lang='lat' dir='ltr'><strong>hac</strong></span> <span class='ocrx_word' id='word_1_840' title='bbox 688 4893 734 4949; x_wconf 91' lang='lat' dir='ltr'><strong>die</strong></span> <span class='ocrx_word' id='word_1_841' title='bbox 751 4893 779 4947; x_wconf 93' lang='lat' dir='ltr'><strong>in</strong></span> <span class='ocrx_word' id='word_1_842' title='bbox 794 4890 872 4948; x_wconf 81' lang='lat' dir='ltr'><strong>Actis</strong></span> 
     </span>
     <span class='ocr_line' id='line_1_119' title="bbox 83 4964 606 5030; baseline 0.011 -14"><span class='ocrx_word' id='word_1_843' title='bbox 83 4964 178 5030; x_wconf 78' lang='grc' dir='ltr'>ιοιιιιι,</span> <span class='ocrx_word' id='word_1_844' title='bbox 193 4964 270 5020; x_wconf 90' lang='lat' dir='ltr'><strong>nibil</strong></span> <span class='ocrx_word' id='word_1_845' title='bbox 284 4965 315 5022; x_wconf 92' lang='lat' dir='ltr'><strong>iu</strong></span> <span class='ocrx_word' id='word_1_846' title='bbox 330 4964 535 5022; x_wconf 78' lang='lat' dir='ltr'><strong>Praetermissis.</strong></span> <span class='ocrx_word' id='word_1_847' title='bbox 594 4980 606 4996; x_wconf 92' lang='grc'><em>·</em></span> 
     </span>
    </p>
   </div>
   <div class='ocr_carea' id='block_1_26' title="bbox 113 5041 871 5174">
    <p class='ocr_par' dir='ltr' id='par_1_32' title="bbox 113 5041 871 5174">
     <span class='ocr_line' id='line_1_120' title="bbox 113 5041 871 5174; baseline 0.005 -78"><span class='ocrx_word' id='word_1_848' title='bbox 113 5041 275 5102; x_wconf 68' lang='lat' dir='ltr'><strong>Frumentis.</strong></span> <span class='ocrx_word' id='word_1_849' title='bbox 293 5064 300 5102; x_wconf 87' lang='lat'>:</span> <span class='ocrx_word' id='word_1_850' title='bbox 332 5071 342 5092; x_wconf 84' lang='grc' dir='ltr'>ι</span> <span class='ocrx_word' id='word_1_851' title='bbox 356 5046 436 5174; x_wconf 62' lang='lat' dir='ltr'><strong>Apud</strong></span> <span class='ocrx_word' id='word_1_852' title='bbox 452 5046 664 5112; x_wconf 85' lang='lat' dir='ltr'><strong>Beneventum,</strong></span> <span class='ocrx_word' id='word_1_853' title='bbox 684 5043 829 5100; x_wconf 89' lang='lat' dir='ltr'><strong>translatio</strong></span> <span class='ocrx_word' id='word_1_854' title='bbox 843 5043 871 5100; x_wconf 92' lang='lat' dir='ltr'><strong>S.</strong></span> 
     </span>
    </p>
   </div>
   <div class='ocr_carea' id='block_1_27' title="bbox 10 5106 877 5841">
    <p class='ocr_par' dir='ltr' id='par_1_33' title="bbox 10 5106 877 5841">
     <span class='ocr_line' id='line_1_121' title="bbox 84 5106 376 5189; baseline 0.024 -23"><span class='ocrx_word' id='word_1_855' title='bbox 84 5106 265 5174; x_wconf 72' lang='lat' dir='ltr'><strong>bartholomei</strong></span> <span class='ocrx_word' id='word_1_856' title='bbox 280 5125 376 5189; x_wconf 88' lang='lat' dir='ltr'><strong>aposto</strong></span> 
     </span>
     <span class='ocr_line' id='line_1_122' title="bbox 84 5181 872 5260; baseline 0 -18"><span class='ocrx_word' id='word_1_857' title='bbox 84 5181 292 5258; x_wconf 66' lang='lat' dir='ltr'><strong>Punicanos,</strong></span> <span class='ocrx_word' id='word_1_858' title='bbox 307 5189 420 5260; x_wconf 86' lang='lat' dir='ltr'><strong>Blastri,</strong></span> <span class='ocrx_word' id='word_1_859' title='bbox 435 5189 577 5256; x_wconf 89' lang='lat' dir='ltr'><strong>Nicandri,</strong></span> <span class='ocrx_word' id='word_1_860' title='bbox 590 5189 704 5244; x_wconf 79' lang='lat' dir='ltr'><strong>Ahenae.</strong></span> <span class='ocrx_word' id='word_1_861' title='bbox 717 5187 872 5253; x_wconf 89' lang='lat' dir='ltr'><strong>Dorostori,</strong></span> 
     </span>
     <span class='ocr_line' id='line_1_123' title="bbox 83 5251 874 5337; baseline 0.001 -24"><span class='ocrx_word' id='word_1_862' title='bbox 83 5251 166 5337; x_wconf 85' lang='lat' dir='ltr'><strong>lphici,</strong></span> <span class='ocrx_word' id='word_1_863' title='bbox 181 5260 308 5326; x_wconf 76' lang='lat' dir='ltr'><strong>Cantici,</strong></span> <span class='ocrx_word' id='word_1_864' title='bbox 324 5261 474 5330; x_wconf 82' lang='lat' dir='ltr'><strong>Cantianae,</strong></span> <span class='ocrx_word' id='word_1_865' title='bbox 500 5261 683 5319; x_wconf 83' lang='lat' dir='ltr'><strong>Cantianillae.</strong></span> <span class='ocrx_word' id='word_1_866' title='bbox 701 5262 803 5326; x_wconf 82' lang='lat' dir='ltr'><strong>liorvrae,</strong></span> <span class='ocrx_word' id='word_1_867' title='bbox 820 5275 874 5314; x_wconf 92' lang='lat' dir='ltr'><strong>na-</strong></span> 
     </span>
     <span class='ocr_line' id='line_1_124' title="bbox 84 5328 874 5400; baseline 0.004 -17"><span class='ocrx_word' id='word_1_868' title='bbox 84 5328 234 5389; x_wconf 86' lang='lat' dir='ltr'><strong>taltsaaucti</strong></span> <span class='ocrx_word' id='word_1_869' title='bbox 259 5332 393 5400; x_wconf 83' lang='lat' dir='ltr'><strong>Quiriaci.</strong></span> <span class='ocrx_word' id='word_1_870' title='bbox 411 5335 477 5390; x_wconf 89' lang='lat' dir='ltr'><strong>ltem</strong></span> <span class='ocrx_word' id='word_1_871' title='bbox 499 5335 592 5391; x_wconf 74' lang='lat' dir='ltr'><strong>Romae</strong></span> <span class='ocrx_word' id='word_1_872' title='bbox 608 5333 653 5388; x_wconf 90' lang='lat' dir='ltr'><strong>via</strong></span> <span class='ocrx_word' id='word_1_873' title='bbox 667 5332 771 5388; x_wconf 88' lang='lat' dir='ltr'><strong>Salaria</strong></span> <span class='ocrx_word' id='word_1_874' title='bbox 786 5332 819 5388; x_wconf 92' lang='lat' dir='ltr'><strong>ad</strong></span> <span class='ocrx_word' id='word_1_875' title='bbox 834 5347 874 5386; x_wconf 84' lang='grc' dir='ltr'><strong>ιιι</strong></span> 
     </span>
     <span class='ocr_line' id='line_1_125' title="bbox 83 5401 876 5535; baseline 0.003 -80"><span class='ocrx_word' id='word_1_876' title='bbox 83 5401 223 5471; x_wconf 82' lang='lat' dir='ltr'><strong>columnas,</strong></span> <span class='ocrx_word' id='word_1_877' title='bbox 252 5406 346 5461; x_wconf 90' lang='lat' dir='ltr'><strong>natale</strong></span> <span class='ocrx_word' id='word_1_878' title='bbox 373 5405 461 5463; x_wconf 89' lang='lat' dir='ltr'><strong>sancti</strong></span> <span class='ocrx_word' id='word_1_879' title='bbox 488 5405 627 5535; x_wconf 64' lang='lat' dir='ltr'><strong>Dioqenis,</strong></span> <span class='ocrx_word' id='word_1_880' title='bbox 642 5404 697 5459; x_wconf 86' lang='lat' dir='ltr'><strong>viri</strong></span> <span class='ocrx_word' id='word_1_881' title='bbox 717 5403 821 5460; x_wconf 88' lang='lat' dir='ltr'><strong>virtute</strong></span> <span class='ocrx_word' id='word_1_882' title='bbox 848 5408 876 5458; x_wconf 90' lang='lat' dir='ltr'><strong>et</strong></span> 
     </span>
     <span class='ocr_line' id='line_1_126' title="bbox 82 5475 875 5546; baseline 0 -16"><span class='ocrx_word' id='word_1_883' title='bbox 82 5475 216 5533; x_wconf 75' lang='lat' dir='ltr'><strong>modeste</strong></span> <span class='ocrx_word' id='word_1_884' title='bbox 243 5475 404 5534; x_wconf 83' lang='lat' dir='ltr'><strong>clarissimi.</strong></span> <span class='ocrx_word' id='word_1_885' title='bbox 426 5478 533 5534; x_wconf 77' lang='lat' dir='ltr'><strong>Alexan</strong></span> <span class='ocrx_word' id='word_1_886' title='bbox 555 5479 614 5544; x_wconf 81' lang='lat' dir='ltr'><strong>riae,</strong></span> <span class='ocrx_word' id='word_1_887' title='bbox 646 5476 693 5532; x_wconf 81' lang='lat' dir='ltr'><strong>SS</strong></span> <span class='ocrx_word' id='word_1_888' title='bbox 720 5482 875 5546; x_wconf 88' lang='lat' dir='ltr'><strong>martyrum</strong></span> 
     </span>
     <span class='ocr_line' id='line_1_127' title="bbox 81 5542 876 5631; baseline -0.003 -27"><span class='ocrx_word' id='word_1_889' title='bbox 81 5542 201 5626; x_wconf 74' lang='lat' dir='ltr'><strong>Diogenis</strong></span> <span class='ocrx_word' id='word_1_890' title='bbox 223 5555 252 5604; x_wconf 92' lang='lat' dir='ltr'><strong>et</strong></span> <span class='ocrx_word' id='word_1_891' title='bbox 261 5548 372 5604; x_wconf 84' lang='lat' dir='ltr'><strong>blariui.</strong></span> <span class='ocrx_word' id='word_1_892' title='bbox 384 5550 416 5604; x_wconf 90' lang='lat' dir='ltr'><strong>ln</strong></span> <span class='ocrx_word' id='word_1_893' title='bbox 425 5550 579 5631; x_wconf 70' lang='lat' dir='ltr'><strong>aquilegia,</strong></span> <span class='ocrx_word' id='word_1_894' title='bbox 599 5553 755 5605; x_wconf 89' lang='lat' dir='ltr'><strong>sanctorum</strong></span> <span class='ocrx_word' id='word_1_895' title='bbox 765 5547 876 5626; x_wconf 79' lang='lat' dir='ltr'><strong>Musca,</strong></span> 
     </span>
     <span class='ocr_line' id='line_1_128' title="bbox 10 5611 877 5689; baseline 0 -16"><span class='ocrx_word' id='word_1_896' title='bbox 10 5676 12 5683; x_wconf 72' lang='grc'>,</span> <span class='ocrx_word' id='word_1_897' title='bbox 81 5611 181 5689; x_wconf 73' lang='lat' dir='ltr'><strong>Ctnuae,</strong></span> <span class='ocrx_word' id='word_1_898' title='bbox 192 5618 351 5679; x_wconf 77' lang='lat' dir='ltr'><strong>Valeriane</strong></span> <span class='ocrx_word' id='word_1_899' title='bbox 362 5621 541 5684; x_wconf 61' lang='lat' dir='ltr'><strong>etldarvnaen</strong></span> <span class='ocrx_word' id='word_1_900' title='bbox 558 5623 598 5679; x_wconf 87' lang='lat' dir='ltr'><strong>De</strong></span> <span class='ocrx_word' id='word_1_901' title='bbox 613 5619 656 5678; x_wconf 90' lang='lat' dir='ltr'><strong>his</strong></span> <span class='ocrx_word' id='word_1_902' title='bbox 673 5616 877 5678; x_wconf 87' lang='lat' dir='ltr'><strong>omnibusvtde</strong></span> 
     </span>
     <span class='ocr_line' id='line_1_129' title="bbox 10 5689 877 5763; baseline -0.009 -9"><span class='ocrx_word' id='word_1_903' title='bbox 10 5738 12 5757; x_wconf 90' lang='grc'>.</span> <span class='ocrx_word' id='word_1_904' title='bbox 79 5689 147 5754; x_wconf 69' lang='lat' dir='ltr'><strong>leta</strong></span> <span class='ocrx_word' id='word_1_905' title='bbox 171 5691 317 5751; x_wconf 85' lang='lat' dir='ltr'><strong>·Civitate</strong></span> <span class='ocrx_word' id='word_1_906' title='bbox 331 5693 452 5753; x_wconf 85' lang='lat' dir='ltr'><strong>Rotbom</strong></span> <span class='ocrx_word' id='word_1_907' title='bbox 488 5710 515 5763; x_wconf 92' lang='lat' dir='ltr'><strong>o,</strong></span> <span class='ocrx_word' id='word_1_908' title='bbox 539 5692 683 5752; x_wconf 79' lang='lat' dir='ltr'><strong>uenslatio</strong></span> <span class='ocrx_word' id='word_1_909' title='bbox 707 5691 796 5750; x_wconf 88' lang='lat' dir='ltr'><strong>sancti</strong></span> <span class='ocrx_word' id='word_1_910' title='bbox 816 5691 877 5747; x_wconf 85' lang='lat' dir='ltr'><strong>ito·</strong></span> 
     </span>
     <span class='ocr_line' id='line_1_130' title="bbox 79 5760 877 5841; baseline -0.003 -20"><span class='ocrx_word' id='word_1_911' title='bbox 79 5762 145 5821; x_wconf 81' lang='lat' dir='ltr'><strong>uani</strong></span> <span class='ocrx_word' id='word_1_912' title='bbox 155 5763 362 5841; x_wconf 86' lang='lat' dir='ltr'><strong>archiepiscopi</strong></span> <span class='ocrx_word' id='word_1_913' title='bbox 375 5773 464 5825; x_wconf 88' lang='lat' dir='ltr'><strong>otcon</strong></span> <span class='ocrx_word' id='word_1_914' title='bbox 477 5764 586 5826; x_wconf 77' lang='lat' dir='ltr'><strong>essoris</strong></span> <span class='ocrx_word' id='word_1_915' title='bbox 597 5765 667 5826; x_wconf 86' lang='lat' dir='ltr'><strong>item</strong></span> <span class='ocrx_word' id='word_1_916' title='bbox 675 5763 766 5825; x_wconf 89' lang='lat' dir='ltr'><strong>sancti</strong></span> <span class='ocrx_word' id='word_1_917' title='bbox 777 5760 877 5821; x_wconf 79' lang='lat' dir='ltr'><strong>badul-</strong></span> 
     </span>
    </p>
   </div>
   <div class='ocr_carea' id='block_1_28' title="bbox 390 5119 873 5184">
    <p class='ocr_par' dir='ltr' id='par_1_34' title="bbox 390 5119 873 5184">
     <span class='ocr_line' id='line_1_131' title="bbox 390 5119 873 5184; baseline -0.004 -11"><span class='ocrx_word' id='word_1_918' title='bbox 390 5120 409 5175; x_wconf 91' lang='lat' dir='ltr'><strong>i.</strong></span> <span class='ocrx_word' id='word_1_919' title='bbox 426 5119 545 5176; x_wconf 88' lang='lat' dir='ltr'><strong>Civitate</strong></span> <span class='ocrx_word' id='word_1_920' title='bbox 562 5119 701 5184; x_wconf 83' lang='lat' dir='ltr'><strong>Ravenna,</strong></span> <span class='ocrx_word' id='word_1_921' title='bbox 714 5125 873 5172; x_wconf 89' lang='lat' dir='ltr'><strong>sanctorum</strong></span> 
     </span>
    </p>
   </div>
   <div class='ocr_carea' id='block_1_29' title="bbox 925 4605 1731 5834">
    <p class='ocr_par' dir='ltr' id='par_1_35' title="bbox 925 4605 1731 5834">
     <span class='ocr_line' id='line_1_132' title="bbox 925 4605 1727 4683; baseline -0.007 -16"><span class='ocrx_word' id='word_1_922' title='bbox 925 4610 1076 4683; x_wconf 89' lang='lat' dir='ltr'><strong>Botulpho,</strong></span> <span class='ocrx_word' id='word_1_923' title='bbox 1098 4616 1226 4680; x_wconf 92' lang='lat' dir='ltr'><strong>repetunt</strong></span> <span class='ocrx_word' id='word_1_924' title='bbox 1249 4625 1280 4665; x_wconf 90' lang='lat' dir='ltr'><strong>ea</strong></span> <span class='ocrx_word' id='word_1_925' title='bbox 1308 4624 1368 4681; x_wconf 80' lang='lat' dir='ltr'><strong>quae</strong></span> <span class='ocrx_word' id='word_1_926' title='bbox 1401 4625 1444 4663; x_wconf 93' lang='lat' dir='ltr'><strong>am</strong></span> <span class='ocrx_word' id='word_1_927' title='bbox 1468 4605 1535 4662; x_wconf 90' lang='lat' dir='ltr'><strong>satis</strong></span> <span class='ocrx_word' id='word_1_928' title='bbox 1557 4605 1727 4663; x_wconf 89' lang='lat' dir='ltr'><strong>dictasunt.</strong></span> 
     </span>
     <span class='ocr_line' id='line_1_133' title="bbox 925 4624 1727 4755; baseline -0.009 -15"><span class='ocrx_word' id='word_1_929' title='bbox 925 4685 1071 4755; x_wconf 86' lang='lat' dir='ltr'><strong>Sequitur:</strong></span> <span class='ocrx_word' id='word_1_930' title='bbox 1092 4681 1262 4746; x_wconf 77' lang='lat' dir='ltr'><strong>«Cremonae,</strong></span> <span class='ocrx_word' id='word_1_931' title='bbox 1275 4679 1363 4735; x_wconf 90' lang='lat' dir='ltr'><strong>sancti</strong></span> <span class='ocrx_word' id='word_1_932' title='bbox 1372 4624 1488 4734; x_wconf 70' lang='lat' dir='ltr'><strong>liimerii</strong></span> <span class='ocrx_word' id='word_1_933' title='bbox 1497 4675 1618 4749; x_wconf 88' lang='lat' dir='ltr'><strong>episcopi</strong></span> <span class='ocrx_word' id='word_1_934' title='bbox 1629 4675 1727 4734; x_wconf 83' lang='lat' dir='ltr'><strong>AEmi-</strong></span> 
     </span>
     <span class='ocr_line' id='line_1_134' title="bbox 926 4750 1728 4822; baseline -0.009 -11"><span class='ocrx_word' id='word_1_935' title='bbox 926 4755 971 4811; x_wconf 80' lang='lat' dir='ltr'><strong>lia</strong></span> <span class='ocrx_word' id='word_1_936' title='bbox 995 4761 1022 4809; x_wconf 91' lang='lat' dir='ltr'><strong>et</strong></span> <span class='ocrx_word' id='word_1_937' title='bbox 1044 4753 1219 4812; x_wconf 82' lang='lat' dir='ltr'><strong>contessoris.</strong></span> <span class='ocrx_word' id='word_1_938' title='bbox 1235 4752 1285 4808; x_wconf 89' lang='lat' dir='ltr'><strong>Die</strong></span> <span class='ocrx_word' id='word_1_939' title='bbox 1309 4751 1415 4808; x_wconf 87' lang='lat' dir='ltr'><strong>decima</strong></span> <span class='ocrx_word' id='word_1_940' title='bbox 1429 4750 1555 4822; x_wconf 80' lang='lat' dir='ltr'><strong>septivira,</strong></span> <span class='ocrx_word' id='word_1_941' title='bbox 1570 4760 1728 4807; x_wconf 90' lang='lat' dir='ltr'><strong>sanctorum</strong></span> 
     </span>
     <span class='ocr_line' id='line_1_135' title="bbox 927 4821 1729 4907; baseline -0.009 -24"><span class='ocrx_word' id='word_1_942' title='bbox 927 4833 1082 4907; x_wconf 76' lang='lat' dir='ltr'><strong>martyrum</strong></span> <span class='ocrx_word' id='word_1_943' title='bbox 1104 4825 1248 4892; x_wconf 85' lang='lat' dir='ltr'><strong>bianuelis,</strong></span> <span class='ocrx_word' id='word_1_944' title='bbox 1264 4824 1370 4881; x_wconf 83' lang='lat' dir='ltr'><strong>Sabelle</strong></span> <span class='ocrx_word' id='word_1_945' title='bbox 1395 4831 1422 4879; x_wconf 91' lang='lat' dir='ltr'><strong>et</strong></span> <span class='ocrx_word' id='word_1_946' title='bbox 1445 4824 1577 4879; x_wconf 88' lang='lat' dir='ltr'><strong>lsruaelrs.</strong></span> <span class='ocrx_word' id='word_1_947' title='bbox 1602 4823 1634 4877; x_wconf 90' lang='lat' dir='ltr'><strong>ln</strong></span> <span class='ocrx_word' id='word_1_948' title='bbox 1658 4821 1729 4879; x_wconf 90' lang='lat' dir='ltr'><strong>Con·</strong></span> 
     </span>
     <span class='ocr_line' id='line_1_136' title="bbox 927 4892 1722 4965; baseline -0.013 -9"><span class='ocrx_word' id='word_1_949' title='bbox 927 4898 1073 4956; x_wconf 87' lang='lat' dir='ltr'><strong>stantrensi</strong></span> <span class='ocrx_word' id='word_1_950' title='bbox 1094 4899 1216 4964; x_wconf 74' lang='lat' dir='ltr'><strong>diaecesi,</strong></span> <span class='ocrx_word' id='word_1_951' title='bbox 1242 4897 1360 4952; x_wconf 89' lang='lat' dir='ltr'><strong>elevatio</strong></span> <span class='ocrx_word' id='word_1_952' title='bbox 1384 4895 1548 4953; x_wconf 78' lang='lat' dir='ltr'><strong>Christianae</strong></span> <span class='ocrx_word' id='word_1_953' title='bbox 1569 4892 1722 4965; x_wconf 76' lang='lat' dir='ltr'><strong>virginis.»</strong></span> 
     </span>
     <span class='ocr_line' id='line_1_137' title="bbox 928 4963 1728 5029; baseline -0.015 0"><span class='ocrx_word' id='word_1_954' title='bbox 928 4971 999 5029; x_wconf 92' lang='lat' dir='ltr'><strong>Vide</strong></span> <span class='ocrx_word' id='word_1_955' title='bbox 1012 4968 1303 5026; x_wconf 62' lang='lat' dir='ltr'><strong>praesensissemus</strong></span> <span class='ocrx_word' id='word_1_956' title='bbox 1316 4966 1418 5023; x_wconf 87' lang='lat' dir='ltr'><strong>minori</strong></span> <span class='ocrx_word' id='word_1_957' title='bbox 1433 4967 1589 5024; x_wconf 87' lang='lat' dir='ltr'><strong>charactere</strong></span> <span class='ocrx_word' id='word_1_958' title='bbox 1606 4981 1612 5018; x_wconf 93' lang='lat'>:</span> <span class='ocrx_word' id='word_1_959' title='bbox 1636 4987 1645 5011; x_wconf 72' lang='grc' dir='ltr'>ι</span> <span class='ocrx_word' id='word_1_960' title='bbox 1660 4963 1728 5018; x_wconf 91' lang='lat' dir='ltr'><strong>Item</strong></span> 
     </span>
     <span class='ocr_line' id='line_1_138' title="bbox 927 5035 1729 5115; baseline -0.016 -16"><span class='ocrx_word' id='word_1_961' title='bbox 927 5043 1008 5108; x_wconf 88' lang='lat' dir='ltr'><strong>Pisis,</strong></span> <span class='ocrx_word' id='word_1_962' title='bbox 1028 5041 1116 5098; x_wconf 89' lang='lat' dir='ltr'><strong>sancti</strong></span> <span class='ocrx_word' id='word_1_963' title='bbox 1140 5040 1249 5098; x_wconf 85' lang='lat' dir='ltr'><strong>Rarterii</strong></span> <span class='ocrx_word' id='word_1_964' title='bbox 1271 5039 1385 5107; x_wconf 88' lang='lat' dir='ltr'><strong>nobilis,</strong></span> <span class='ocrx_word' id='word_1_965' title='bbox 1410 5056 1443 5095; x_wconf 95' lang='lat' dir='ltr'><strong>ac</strong></span> <span class='ocrx_word' id='word_1_966' title='bbox 1464 5035 1638 5114; x_wconf 87' lang='lat' dir='ltr'><strong>postmodum</strong></span> <span class='ocrx_word' id='word_1_967' title='bbox 1654 5049 1729 5115; x_wconf 82' lang='lat' dir='ltr'><strong>pere·</strong></span> 
     </span>
     <span class='ocr_line' id='line_1_139' title="bbox 929 5105 1730 5186; baseline -0.007 -18"><span class='ocrx_word' id='word_1_968' title='bbox 929 5115 1011 5186; x_wconf 90' lang='lat' dir='ltr'><strong>grini,</strong></span> <span class='ocrx_word' id='word_1_969' title='bbox 1028 5113 1074 5186; x_wconf 93' lang='lat' dir='ltr'><strong>qui</strong></span> <span class='ocrx_word' id='word_1_970' title='bbox 1089 5130 1151 5168; x_wconf 90' lang='lat' dir='ltr'><strong>cum</strong></span> <span class='ocrx_word' id='word_1_971' title='bbox 1169 5113 1387 5184; x_wconf 86' lang='lat' dir='ltr'><strong>iherosolymam</strong></span> <span class='ocrx_word' id='word_1_972' title='bbox 1400 5108 1548 5174; x_wconf 81' lang='lat' dir='ltr'><strong>visitasset,</strong></span> <span class='ocrx_word' id='word_1_973' title='bbox 1561 5105 1730 5186; x_wconf 75' lang='lat' dir='ltr'><strong>abstinentia</strong></span> 
     </span>
     <span class='ocr_line' id='line_1_140' title="bbox 928 5179 1730 5256; baseline -0.011 -15"><span class='ocrx_word' id='word_1_974' title='bbox 928 5194 956 5241; x_wconf 91' lang='lat' dir='ltr'><strong>et</strong></span> <span class='ocrx_word' id='word_1_975' title='bbox 972 5186 1070 5256; x_wconf 87' lang='lat' dir='ltr'><strong>pietate</strong></span> <span class='ocrx_word' id='word_1_976' title='bbox 1085 5186 1186 5249; x_wconf 88' lang='lat' dir='ltr'><strong>clarus,</strong></span> <span class='ocrx_word' id='word_1_977' title='bbox 1197 5185 1267 5239; x_wconf 90' lang='lat' dir='ltr'><strong>obiit</strong></span> <span class='ocrx_word' id='word_1_978' title='bbox 1276 5200 1349 5239; x_wconf 90' lang='lat' dir='ltr'><strong>auno</strong></span> <span class='ocrx_word' id='word_1_979' title='bbox 1360 5182 1457 5237; x_wconf 89' lang='lat' dir='ltr'><strong>salutis</strong></span> <span class='ocrx_word' id='word_1_980' title='bbox 1468 5179 1616 5234; x_wconf 84' lang='lat' dir='ltr'><strong>millesimo</strong></span> <span class='ocrx_word' id='word_1_981' title='bbox 1632 5185 1730 5233; x_wconf 89' lang='lat' dir='ltr'><strong>cente-</strong></span> 
     </span>
     <span class='ocr_line' id='line_1_141' title="bbox 928 5246 1729 5327; baseline -0.009 -14"><span class='ocrx_word' id='word_1_982' title='bbox 928 5258 1000 5314; x_wconf 90' lang='lat' dir='ltr'><strong>simo</strong></span> <span class='ocrx_word' id='word_1_983' title='bbox 1008 5257 1179 5327; x_wconf 83' lang='lat' dir='ltr'><strong>sexagesimo</strong></span> <span class='ocrx_word' id='word_1_984' title='bbox 1188 5272 1252 5311; x_wconf 90' lang='lat' dir='ltr'><strong>uuo.</strong></span> <span class='ocrx_word' id='word_1_985' title='bbox 1265 5279 1273 5302; x_wconf 80' lang='grc' dir='ltr'>ι</span> <span class='ocrx_word' id='word_1_986' title='bbox 1292 5258 1330 5310; x_wconf 88' lang='lat' dir='ltr'><strong>De</strong></span> <span class='ocrx_word' id='word_1_987' title='bbox 1339 5254 1410 5317; x_wconf 84' lang='lat' dir='ltr'><strong>Elia,</strong></span> <span class='ocrx_word' id='word_1_988' title='bbox 1424 5260 1453 5307; x_wconf 92' lang='lat' dir='ltr'><strong>ut</strong></span> <span class='ocrx_word' id='word_1_989' title='bbox 1464 5264 1555 5320; x_wconf 87' lang='lat' dir='ltr'><strong>supra,</strong></span> <span class='ocrx_word' id='word_1_990' title='bbox 1568 5247 1597 5302; x_wconf 90' lang='lat' dir='ltr'><strong>in</strong></span> <span class='ocrx_word' id='word_1_991' title='bbox 1608 5246 1729 5306; x_wconf 84' lang='lat' dir='ltr'><strong>editione</strong></span> 
     </span>
     <span class='ocr_line' id='line_1_142' title="bbox 930 5319 1728 5403; baseline -0.009 -19"><span class='ocrx_word' id='word_1_992' title='bbox 930 5330 1028 5403; x_wconf 87' lang='lat' dir='ltr'><strong>prima.</strong></span> <span class='ocrx_word' id='word_1_993' title='bbox 1046 5329 1132 5383; x_wconf 80' lang='lat' dir='ltr'><strong>«item</strong></span> <span class='ocrx_word' id='word_1_994' title='bbox 1148 5328 1279 5384; x_wconf 83' lang='lat' dir='ltr'><strong>Falconis</strong></span> <span class='ocrx_word' id='word_1_995' title='bbox 1290 5323 1429 5393; x_wconf 80' lang='lat' dir='ltr'><strong>martyris,</strong></span> <span class='ocrx_word' id='word_1_996' title='bbox 1445 5319 1585 5377; x_wconf 87' lang='lat' dir='ltr'><strong>ltevnensis</strong></span> <span class='ocrx_word' id='word_1_997' title='bbox 1595 5320 1728 5393; x_wconf 90' lang='lat' dir='ltr'><strong>episcopi,</strong></span> 
     </span>
     <span class='ocr_line' id='line_1_143' title="bbox 930 5391 1730 5475; baseline -0.009 -19"><span class='ocrx_word' id='word_1_998' title='bbox 930 5401 978 5475; x_wconf 91' lang='lat' dir='ltr'><strong>qui</strong></span> <span class='ocrx_word' id='word_1_999' title='bbox 1000 5416 1048 5471; x_wconf 90' lang='lat' dir='ltr'><strong>pro</strong></span> <span class='ocrx_word' id='word_1_1000' title='bbox 1064 5398 1200 5455; x_wconf 90' lang='lat' dir='ltr'><strong>libertatis</strong></span> <span class='ocrx_word' id='word_1_1001' title='bbox 1213 5395 1404 5454; x_wconf 79' lang='lat' dir='ltr'><strong>ecclesiastice</strong></span> <span class='ocrx_word' id='word_1_1002' title='bbox 1418 5391 1578 5449; x_wconf 78' lang='lat' dir='ltr'><strong>defensioue</strong></span> <span class='ocrx_word' id='word_1_1003' title='bbox 1597 5400 1638 5447; x_wconf 93' lang='lat' dir='ltr'><strong>est</strong></span> <span class='ocrx_word' id='word_1_1004' title='bbox 1652 5392 1730 5449; x_wconf 81' lang='lat' dir='ltr'><strong>iute-</strong></span> 
     </span>
     <span class='ocr_line' id='line_1_144' title="bbox 931 5463 1729 5544; baseline -0.01 -16"><span class='ocrx_word' id='word_1_1005' title='bbox 931 5479 1064 5544; x_wconf 90' lang='lat' dir='ltr'><strong>remptus.</strong></span> <span class='ocrx_word' id='word_1_1006' title='bbox 1088 5496 1097 5519; x_wconf 82' lang='grc' dir='ltr'>ι</span> <span class='ocrx_word' id='word_1_1007' title='bbox 1112 5471 1241 5527; x_wconf 88' lang='lat' dir='ltr'><strong>Diximus</strong></span> <span class='ocrx_word' id='word_1_1008' title='bbox 1256 5466 1438 5540; x_wconf 78' lang='lat' dir='ltr'><strong>pretermitti.</strong></span> <span class='ocrx_word' id='word_1_1009' title='bbox 1450 5466 1516 5520; x_wconf 91' lang='lat' dir='ltr'><strong>Post</strong></span> <span class='ocrx_word' id='word_1_1010' title='bbox 1527 5463 1729 5533; x_wconf 89' lang='lat' dir='ltr'><strong>annotationes,</strong></span> 
     </span>
     <span class='ocr_line' id='line_1_145' title="bbox 932 5536 1731 5618; baseline -0.011 -17"><span class='ocrx_word' id='word_1_1011' title='bbox 932 5553 1150 5618; x_wconf 80' lang='lat' dir='ltr'><strong>praetermorem</strong></span> <span class='ocrx_word' id='word_1_1012' title='bbox 1168 5536 1378 5598; x_wconf 90' lang='lat' dir='ltr'><strong>litterisltalicis</strong></span> <span class='ocrx_word' id='word_1_1013' title='bbox 1390 5537 1525 5594; x_wconf 89' lang='lat' dir='ltr'><strong>assuitur:</strong></span> <span class='ocrx_word' id='word_1_1014' title='bbox 1549 5536 1618 5593; x_wconf 77' lang='lat' dir='ltr'><strong>«Die</strong></span> <span class='ocrx_word' id='word_1_1015' title='bbox 1628 5536 1731 5593; x_wconf 86' lang='lat' dir='ltr'><strong>Domi·</strong></span> 
     </span>
     <span class='ocr_line' id='line_1_146' title="bbox 932 5607 1730 5683; baseline -0.011 -11"><span class='ocrx_word' id='word_1_1016' title='bbox 932 5616 996 5672; x_wconf 93' lang='lat' dir='ltr'><strong>nica</strong></span> <span class='ocrx_word' id='word_1_1017' title='bbox 1010 5624 1073 5673; x_wconf 90' lang='lat' dir='ltr'><strong>ante</strong></span> <span class='ocrx_word' id='word_1_1018' title='bbox 1084 5615 1201 5673; x_wconf 87' lang='lat' dir='ltr'><strong>natalem</strong></span> <span class='ocrx_word' id='word_1_1019' title='bbox 1218 5610 1357 5683; x_wconf 75' lang='lat' dir='ltr'><strong>Baptista,</strong></span> <span class='ocrx_word' id='word_1_1020' title='bbox 1372 5609 1402 5665; x_wconf 92' lang='lat' dir='ltr'><strong>in</strong></span> <span class='ocrx_word' id='word_1_1021' title='bbox 1416 5611 1539 5679; x_wconf 84' lang='lat' dir='ltr'><strong>Foresto,</strong></span> <span class='ocrx_word' id='word_1_1022' title='bbox 1554 5614 1655 5665; x_wconf 83' lang='lat' dir='ltr'><strong>sanctae</strong></span> <span class='ocrx_word' id='word_1_1023' title='bbox 1671 5607 1730 5663; x_wconf 89' lang='lat' dir='ltr'><strong>lle-</strong></span> 
     </span>
     <span class='ocr_line' id='line_1_147' title="bbox 932 5676 1731 5761; baseline -0.013 -17"><span class='ocrx_word' id='word_1_1024' title='bbox 932 5688 1001 5746; x_wconf 79' lang='lat' dir='ltr'><strong>leuae</strong></span> <span class='ocrx_word' id='word_1_1025' title='bbox 1013 5687 1070 5760; x_wconf 89' lang='lat' dir='ltr'><strong>(vel</strong></span> <span class='ocrx_word' id='word_1_1026' title='bbox 1081 5685 1204 5755; x_wconf 77' lang='lat' dir='ltr'><strong>Helenae)</strong></span> <span class='ocrx_word' id='word_1_1027' title='bbox 1215 5681 1333 5755; x_wconf 83' lang='lat' dir='ltr'><strong>virginis</strong></span> <span class='ocrx_word' id='word_1_1028' title='bbox 1345 5689 1372 5739; x_wconf 91' lang='lat' dir='ltr'><strong>et</strong></span> <span class='ocrx_word' id='word_1_1029' title='bbox 1387 5683 1527 5755; x_wconf 77' lang='lat' dir='ltr'><strong>martyris.</strong></span> <span class='ocrx_word' id='word_1_1030' title='bbox 1539 5680 1605 5750; x_wconf 85' lang='lat' dir='ltr'><strong>Quae</strong></span> <span class='ocrx_word' id='word_1_1031' title='bbox 1615 5676 1731 5761; x_wconf 78' lang='lat' dir='ltr'><strong>levoldi</strong></span> 
     </span>
     <span class='ocr_line' id='line_1_148' title="bbox 932 5753 1730 5834; baseline -0.014 -18"><span class='ocrx_word' id='word_1_1032' title='bbox 932 5761 1006 5834; x_wconf 84' lang='lat' dir='ltr'><strong>regis</strong></span> <span class='ocrx_word' id='word_1_1033' title='bbox 1014 5756 1127 5831; x_wconf 84' lang='lat' dir='ltr'><strong>gentilia</strong></span> <span class='ocrx_word' id='word_1_1034' title='bbox 1139 5755 1199 5815; x_wconf 89' lang='lat' dir='ltr'><strong>filia</strong></span> <span class='ocrx_word' id='word_1_1035' title='bbox 1212 5754 1305 5826; x_wconf 84' lang='lat' dir='ltr'><strong>uuioa,</strong></span> <span class='ocrx_word' id='word_1_1036' title='bbox 1315 5753 1397 5827; x_wconf 81' lang='lat' dir='ltr'><strong>jussu</strong></span> <span class='ocrx_word' id='word_1_1037' title='bbox 1407 5754 1494 5829; x_wconf 88' lang='lat' dir='ltr'><strong>patris</strong></span> <span class='ocrx_word' id='word_1_1038' title='bbox 1508 5761 1675 5826; x_wconf 82' lang='lat' dir='ltr'><strong>martynum</strong></span> <span class='ocrx_word' id='word_1_1039' title='bbox 1686 5756 1730 5805; x_wconf 87' lang='lat' dir='ltr'><strong>tu·</strong></span> 
     </span>
    </p>
   </div>
   <div class='ocr_carea' id='block_1_30' title="bbox 0 0 1947 6132">
    <p class='ocr_par' dir='ltr' id='par_1_36' title="bbox 0 0 1947 6132">
     <span class='ocr_line' id='line_1_149' title="bbox 0 0 1947 6132; baseline 0 0"><span class='ocrx_word' id='word_1_1040' title='bbox 0 0 1947 6132; x_wconf 95' lang='lat' dir='ltr'><strong> </strong></span> 
     </span>
    </p>
   </div>
  </div>
 </body>
</html>
