3834 6136
123 227 192 287 1011

642 220 816 279 HINCblAlil
835 219 1077 278 LUGDUNENSlS
1096 219 1251 278 uetsuoet

1708 216 1774 276 ibit

124 401 181 457 eos,
197 400 272 442 mors
286 400 393 458 semper
405 393 500 442 centra
514 376 564 442 vos
575 363 734 452 exclamat}
749 386 807 440 sive
823 401 918 443 rursus
936 388 961 446 Α
986 409 994 432 ι
1009 384 1117 441 Jndices
1131 393 1220 442 antem
1236 386 1283 443 alii
1298 402 1425 443 essenon
1440 383 1552 453 debent,
1562 382 1618 439 nisi
1634 399 1708 460 qnos
1723 384 1776 458 ipse

125 475 224 532 exsilia
236 474 437 546 superponatis,
453 475 556 546 ubique
573 474 601 529 in
615 490 665 528 vos
680 473 745 528 mali
763 475 923 530 memoriam

126 569 263 626 destinare
279 567 439 635 noscimini,
452 575 478 622 et
493 567 534 622 illi
551 564 680 639 patiendo
693 565 745 620 sibi
763 566 922 637 proficiunt.

127 657 205 714 Unde
219 666 246 715 et
260 659 397 713 Dominus
412 658 469 713 ait:
485 657 577 713 Nolite
593 657 691 712 timere
704 672 749 709 eos
764 656 811 727 qni
826 672 925 728 eorpus

127 748 267 817 occidnut,
298 748 418 802 animam
451 754 541 802 autem
571 761 627 801 non
658 753 771 817 possunt
801 744 926 800 occidere

128 837 237 907 (Motu.
251 837 282 906 x)
297 835 361 901 ;sed
373 834 465 907 potius
476 851 538 889 eum
549 834 654 900 timete,
669 834 716 905 qui
730 841 817 905 potest
829 840 856 888 et
869 833 925 888 ani·

127 942 201 982 mam
216 933 244 981 et
258 941 358 996 corpus
371 924 484 996 perdere
504 924 534 979 in
553 924 717 994 gehennam.
735 923 837 978 Multos
851 923 926 977 enim

127 1016 310 1086 cognovimus
326 1015 452 1086 pessimis
468 1011 721 1068 machinationibus
736 1011 836 1082 injuste
846 1011 927 1084 depo·

129 1105 206 1160 sitos.
224 1104 288 1159 Ideo
300 1119 475 1174 summopere
487 1102 567 1169 mihi,
580 1102 625 1158 cui
637 1102 698 1157 uice
709 1101 842 1172 principis
856 1102 928 1172 Apo·

130 1195 266 1249 stolorum
287 1192 454 1247 universalis
476 1191 608 1248 Ecclesia
626 1205 692 1246 cura
715 1189 862 1246 commissa
877 1198 927 1256 est,

130 1281 332 1354 providendum
348 1290 398 1350 est,
414 1281 567 1338 aerxiliante
590 1282 649 1353 ipso
672 1296 780 1336 summo
794 1280 928 1351 apostolo,

130 1389 166 1429 ne
180 1372 309 1445 deinceps
330 1372 395 1428 talia
419 1370 497 1439 liant,
514 1369 645 1443 quoniam
671 1369 733 1425 ideo
749 1368 815 1423 huic
829 1374 930 1422 sanctae

132 1462 189 1519 sedi
208 1463 319 1534 praelata
333 1461 478 1534 privilegia
488 1461 645 1532 specialiter
656 1467 720 1516 sunt
735 1466 930 1527 concessa‚tam

133 1555 167 1612 de
181 1554 381 1626 congregandis
396 1553 535 1620 conciliis,
547 1570 578 1609 ac
594 1552 817 1616 restitutionibus
828 1551 931 1621 episco-

132 1661 243 1717 porum,
259 1660 341 1715 quam
357 1645 390 1700 de
415 1644 530 1699 summis
544 1644 731 1699 Ecclesiarum
747 1640 874 1712 negotiis,
903 1645 933 1692 ut

978 476 1024 548 qui
1054 477 1198 547 impetitur
1212 475 1334 548 elegerit,
1350 484 1396 530 ant
1413 491 1481 548 quos
1495 491 1546 530 suo
1562 490 1626 529 cum
1643 490 1778 533 consensu

979 566 1037 621 hae
1052 575 1146 621 sancta
1160 565 1245 634 sedes,
1261 574 1307 620 aut
1322 564 1381 637 ejus
1395 566 1525 637 primates
1541 564 1709 619 auctoritate
1725 565 1778 622 hu-

977 653 1023 726 jus
1038 656 1220 711 sanctaescdis
1233 656 1429 728 delegaverint.
1449 656 1491 710 Ex
1507 653 1552 709 his
1572 655 1649 709 enim
1663 662 1692 708 et
1709 655 1778 726 aliis,

981 760 1042 815 quae
1058 751 1113 799 ιιιιι
1129 745 1157 799 in
1172 744 1222 800 hac
1246 753 1340 800 sancta
1355 745 1427 810 sede,
1443 759 1525 816 quam
1549 750 1578 797 et
1592 742 1626 797 ab
1642 745 1780 817 Apostolis

980 847 1130 904 eorumque
1152 833 1357 889 successoribus
1380 839 1443 888 sunt
1464 837 1579 895 statuta,
1605 831 1647 885 nil
1662 832 1780 903 praelatis

980 921 1115 992 episcopis
1132 924 1326 978 concessistis:
1344 922 1390 977 sed
1406 921 1512 977 vimeis
1528 921 1695 990 inferentes,
1711 922 1780 996 iuju-

983 1014 1086 1079 steque,
1112 1020 1141 1066 ut
1166 1012 1294 1079 superius
1310 1019 1557 1068 commemoratum
1572 1019 1626 1081 est,
1642 1028 1689 1069 eos
1702 1013 1783 1071 dam-

983 1107 1090 1165 nantes,
1101 1099 1208 1172 aliquos
1218 1102 1345 1157 absentes
1355 1101 1516 1174 expulistis,
1527 1101 1604 1173 quod
1620 1102 1698 1157 omni
1707 1103 1782 1161 Chri·

984 1186 1080 1241 stiana
1092 1187 1144 1256 legi
1156 1196 1196 1242 est
1205 1188 1399 1246 inimicum.lu
1409 1189 1510 1260 quihus
1523 1199 1640 1262 apparet
1654 1191 1726 1263 quod
1736 1209 1784 1251 nee

984 1276 1104 1330 Domino
1119 1292 1168 1331 sua
1184 1279 1312 1333 servastis
1318 1278 1390 1349 jura,
1403 1296 1453 1335 nec
1468 1278 1649 1335 huicsanctae
1666 1283 1745 1336 matri
1758 1291 1783 1338 et

985 1365 1142 1436 apostoliea
1167 1368 1308 1436 Ecclesiae,
1325 1386 1395 1441 quae,
1410 1375 1441 1423 ιιι
1465 1369 1655 1442 prescriptum
1671 1379 1721 1440 est,
1739 1389 1784 1430 eos

986 1471 1036 1511 sno
1047 1455 1154 1527 judicio
1169 1467 1215 1513 aut
1231 1459 1296 1515 huic
1313 1460 1369 1515 sedi
1384 1460 1474 1515 voluit
1490 1461 1639 1531 reseruari,
1656 1478 1689 1517 ne
1702 1479 1717 1518 a
1731 1472 1784 1520 tam

987 1550 1090 1620 pravis,
1103 1550 1175 1606 sicut
1190 1549 1266 1617 estis,
1283 1549 1444 1605 hominibus
1459 1549 1665 1605 damnarentur
1678 1558 1724 1604 aut
1741 1548 1785 1622 eji-

986 1647 1123 1695 cerentur.
1141 1641 1170 1695 ln
1188 1638 1231 1694 his
1248 1639 1377 1694 omnihus
1403 1642 1571 1703 vosstultes
1586 1649 1616 1696 et
1632 1641 1787 1715 praevarica-

133 1731 168 1789 ab
190 1749 221 1789 ea
244 1750 340 1789 omnes
355 1733 478 1806 oppressi
498 1733 636 1788 auxilinm
652 1739 679 1787 et
693 1730 796 1801 injuste
809 1726 931 1785 damnati
946 1749 970 1809 Β
987 1738 1059 1784 tores
1079 1729 1294 1800 Evangeliornm
1311 1736 1338 1784 et
1346 1747 1487 1814 pauonum
1503 1746 1574 1796 esso,
1593 1731 1667 1786 nulli
1678 1747 1789 1787 sanem

134 1822 339 1877 restitutionem
353 1828 472 1887 sumant,
490 1829 516 1876 et
527 1821 594 1876 talia
608 1820 642 1876 ab
658 1817 791 1891 improbis
805 1833 855 1872 nee
866 1832 931 1887 pree·

135 1921 281 1968 sumantur
303 1912 405 1983 absque
422 1912 540 1976 ultione,
564 1927 614 1966 nac
636 1917 817 1965 exerceantur
831 1908 932 1978 absque

136 2000 322 2055 damnatione.
335 2025 344 2047 ι
361 2002 398 2054 Et
410 2007 469 2070 post
482 2002 633 2069 eliquanto.
656 1996 767 2053 «Noluit
778 1997 869 2070 itaque
881 1998 931 2051 Do·

134 2088 227 2143 minus
240 2096 298 2143 ιοιιι
315 2087 413 2143 leviter
423 2105 486 2143 snos
501 2088 612 2143 tractari
629 2087 770 2141 ministros
786 2085 857 2141 sicut
868 2084 932 2140 iaci-

134 2177 181 2246 tis‚
198 2186 245 2234 aut
258 2193 273 2231 a
286 2175 366 2231 vobis
381 2176 516 2243 damnari,
534 2175 580 2231 sed
595 2176 667 2230 sicut
680 2185 864 2230 memoratum
880 2180 931 2240 est,

134 2275 181 2324 aut
196 2269 230 2324 ab
243 2268 295 2324 hac
315 2277 407 2324 sancta
433 2265 494 2322 sede
510 2266 555 2322 cui
571 2265 711 2322 commissi
725 2272 799 2329 sunt,
822 2272 868 2319 aut
885 2281 933 2319 suo

136 2359 269 2414 reseruari
281 2357 400 2429 gudicio.
414 2359 461 2413 Ait
472 2357 621 2424 enim:Qui
636 2374 686 2410 vos
698 2355 882 2422 contristabit,
892 2372 934 2411 me

135 2450 321 2506 contristabit.
338 2448 391 2516 Qui
410 2449 505 2505 lecerit
524 2447 653 2518 injuriam
669 2447 759 2515 scobis,
778 2447 891 2518 recipiet
906 2447 934 2502 id

137 2540 210 2613 quod
225 2540 320 2610 inique
339 2539 430 2608 gessit.
457 2539 492 2593 Et
516 2545 619 2609 quanta
634 2552 713 2607 pmna
727 2543 866 2608 exspectet
889 2552 935 2591 eos

137 2625 184 2696 qui
196 2624 307 2679 Domini
319 2625 505 2679 scandalizant
514 2624 676 2695 discipulos,
686 2622 866 2693 Euangelium
880 2623 934 2677 sul·

137 2712 262 2770 ficienter
278 2713 403 2786 exponit,
417 2712 462 2767 ubi
474 2714 507 2768 de
518 2711 769 2768 scandalizantibus
784 2711 935 2781 discipulos

137 2801 271 2874 loquitur.
283 2801 350 2857 Nam
367 2801 440 2873 quod
454 2819 469 2855 a
485 2801 564 2856 vobis
578 2817 634 2855 ιιοιι
650 2801 707 2855 sint
717 2800 877 2869 damnandi,
888 2801 934 2856 sed

138 2897 185 2944 aut
209 2889 242 2944 ab
266 2889 317 2944 hac
341 2896 436 2943 sancta
451 2888 524 2954 sede,
541 2897 572 2943 ιιι
587 2889 732 2960 praelatum
750 2900 799 2957 est,
817 2898 864 2944 aut
881 2889 934 2945 sibi

138 2978 309 3046 reservandi,
329 2977 386 3050 ipse
411 2976 555 3033 manifeste
579 2977 625 3031 dat
640 2979 808 3047 exemplum,
826 2978 935 3050 qnando

989 1817 1123 1887 pientiam
1134 1824 1175 1873 est
1189 1816 1391 1874 absconditum.
1401 1817 1456 1875 Nec
1466 1818 1510 1875 his
1520 1820 1651 1874 conteuti
1664 1819 1694 1874 in
1704 1826 1789 1875 uestra

989 1907 1055 1961 estis
1070 1909 1307 1978 praevaricatione,
1317 1909 1362 1963 sed
1378 1911 1461 1966 etiam
1477 1910 1551 1984 qnod
1569 1913 1651 1985 prius
1665 1911 1788 1983 expulsos

989 2012 1044 2063 eos,
1061 2007 1087 2052 et
1112 2001 1168 2054 suis
1182 2001 1350 2072 exspoliatos
1373 2001 1464 2068 rebus,
1481 2003 1560 2074 quasi
1574 2002 1703 2058 vocastis
1716 2010 1788 2075 atque

989 2086 1150 2152 damnastis,
1175 2105 1237 2144 cum
1263 2092 1357 2145 nullus
1380 2093 1544 2163 regulariter
1564 2100 1614 2148 aut
1630 2092 1735 2160 uocari,
1748 2099 1787 2146 aut

987 2176 1105 2249 judicari
1122 2179 1208 2251 possit
1221 2188 1365 2255 antequam
1379 2183 1414 2237 sit
1426 2183 1593 2254 regulariter
1606 2183 1789 2249 restitutus,et

990 2285 1038 2322 sua
1051 2270 1144 2324 onsnia
1156 2270 1179 2324 ei
1193 2270 1299 2342 legibus
1315 2274 1370 2328 siut
1383 2274 1561 2345 integerrime
1578 2273 1788 2330 relorrnata.Esl

991 2375 1107 2431 uanique
1135 2361 1163 2415 iu
1192 2363 1338 2434 saepedicta
1359 2373 1451 2419 sancta
1475 2364 1587 2436 synodo
1607 2365 1641 2420 ab
1667 2365 1788 2420 omuibus

990 2449 1160 2505 unanimiter
1175 2450 1327 2518 decretum,
1343 2462 1369 2508 et
1390 2454 1543 2524 apostolica
1562 2454 1734 2511 auctoritate
1748 2472 1788 2510 ro-

991 2535 1127 2603 boratum,
1152 2546 1182 2593 nt
1207 2539 1228 2593 si
1246 2541 1308 2611 quis
1323 2541 1516 2614 episcoporum
1532 2541 1594 2596 suis
1610 2540 1788 2610 ineritrehus

991 2628 1169 2697 exspoliatus,
1186 2636 1211 2682 et
1229 2628 1257 2682 in
1273 2630 1447 2686 accusatione
1464 2631 1602 2703 pulsatus,
1619 2631 1788 2686 ordinatione

991 2716 1153 2788 pontificum
1170 2726 1279 2790 oportet
1293 2727 1319 2775 et
1328 2720 1403 2774 dccet
1416 2730 1541 2776 sanctuni
1555 2721 1733 2794 propositum
1743 2718 1787 2792 pri·

992 2825 1036 2863 ma
1052 2810 1142 2863 fronte
1157 2817 1271 2877 certare,
1300 2819 1329 2865 ut
1354 2810 1449 2866 orrrnia
1465 2828 1525 2885 quae
1540 2828 1590 2884 per
1607 2812 1787 2887 suggestiones

992 2898 1170 2957 inimicorum
1187 2918 1300 2958 sutorium
1316 2904 1455 2972 arriiserat,
1475 2904 1603 2975 legaliter
1619 2905 1712 2978 primo
1724 2913 1786 2978 pote·

991 2990 1052 3044 stati
1070 2989 1129 3061 ejus
1143 2990 1175 3046 ah
1192 2990 1349 3046 honorabili
1374 2993 1493 3049 concilio
1510 2993 1745 3067 redintegrentur,
1765 3003 1787 3050 et

138 3078 281 3142 peccantes
297 3069 460 3134 ὃιῦθΐᾶῡῑθὲι
475 3083 591 3138 quorum
606 3068 695 3122 l0⁰¹1¹¹¹
710 3066 790 3121 ¹1¹0sl0
801 3067 828 3122 in
843 3076 936 3123 Sancta
954 3108 975 3167 C
993 3079 1091 3148 praesul
1109 3078 1270 3148 regulariter
1286 3079 1362 3151 prius
1377 3081 1459 3136 statui
1476 3081 1598 3154 pristino
1613 3083 1753 3149 reddatur,
1763 3091 1786 3138 et

138 3158 261 3215 Ecclesia
281 3157 400 3230 episcopi
419 3165 524 3224 tenent,
540 3173 595 3213 non
610 3173 658 3230 per
671 3157 768 3226 alium,
780 3157 826 3212 sed
841 3174 888 3228 per
898 3174 937 3213 se·

139 3248 297 3321 metipsum,
319 3247 470 3306 vendentes
491 3257 518 3303 et
538 3256 661 3304 ementes
675 3246 758 3320 ejecit
773 3246 806 3303 de
822 3247 935 3320 templo,

138 3345 165 3392 et
178 3353 284 3394 mensas
299 3336 550 3392 nunurrulariorum
560 3334 937 3410 proprioeuertitflagellosa

139 3428 220 3501 ejecit
231 3429 264 3485 de
281 3431 393 3502 templo.
405 3429 441 3485 Et
456 3429 513 3501 ipsc
526 3427 593 3484 alibi
609 3429 664 3484 ait:
682 3429 753 3484 Deris
768 3429 836 3483 stetit
849 3429 877 3483 iu
892 3429 938 3499 Sg·

139 3537 239 3592 nagoga
270 3520 390 3586 deorum,
426 3520 453 3571 in
487 3519 569 3574 medio
598 3524 684 3574 suurn
723 3519 783 3572 deos
814 3518 940 3573 disceruit

140 3607 225 3681 (Psoi.
243 3623 340 3674 cxxxi,
358 3607 398 3675 l),
423 3613 449 3659 et
465 3605 571 3677 reliqua
586 3606 651 3660 talia
668 3604 754 3659 ethis
770 3605 882 3660 similia.
903 3607 939 3660 Et

141 3697 207 3752 alibi
236 3695 308 3748 idem
334 3694 391 3767 ipsc
406 3692 460 3746 ait:
477 3694 566 3748 Nolite
583 3694 718 3763 judicare,
734 3700 761 3746 ut
777 3712 827 3747 ιιοιι
836 3694 937 3762 judice·

141 3788 208 3843 ruini
218 3804 228 3851 ;
245 3786 326 3841 nolite
344 3785 528 3851 condemnare,
546 3790 575 3839 ut
596 3801 649 3837 uon
669 3784 885 3839 cortelemueurini.
907 3787 939 3840 lu

140 3893 191 3948 quo
214 3875 282 3929 enirn
300 3874 404 3942 judicio
415 3871 611 3942 judicaveritis,
623 3871 812 3938 judicabimini
827 3874 935 3941 (ιιιοιιι,

141 3973 205 4032 ιιι),
222 3962 393 4034 Quapropter
419 3974 473 4013 non
498 3967 553 4014 tam
579 3966 690 4027 tenuere,
717 3967 747 4014 ut
763 3976 812 4017 tos
836 3962 938 4029 facitis,

140 4056 287 4130 quisquam
312 4069 387 4110 suam
413 4059 560 4126 praesumat
584 4069 710 4110 evomere
743 4055 936 4128 iniquitatem:

141 4142 188 4201 sed
199 4141 369 4215 judicantem
395 4149 504 4213 oportet
528 4150 627 4200 cuncta
648 4143 753 4212 rimari,
769 4152 795 4199 et
812 4145 937 4203 ordinem

141 4247 233 4289 rernm
261 4231 341 4303 plena
367 4231 549 4304 inquisitione
576 4232 724 4303 discutere,
741 4250 790 4289 nec
813 4234 846 4290 de
870 4235 936 4302 illis,

141 4342 200 4402 quaa
215 4325 240 4381 ei
259 4325 418 4384 inconcessa
432 4333 507 4396 sunt,
523 4327 665 4383 ullomodo
677 4328 814 4401 judicium
830 4347 937 4403 praesu-

141 4430 225 4483 merc,
240 4414 429 4487 interrogandi
443 4430 473 4473 ec
484 4416 667 4491 proponendi,
679 4417 882 4492 adjiciendique
893 4434 937 4490 pa·

140 4503 239 4561 tientia
255 4501 369 4575 praebita
379 4503 412 4559 ab
425 4519 468 4569 eo,
479 4513 510 4560 ut
522 4504 560 4560 ibi
572 4505 643 4563 actio
659 4506 780 4581 peruium
797 4509 887 4566 limita
902 4509 938 4565 sit

141 4595 277 4669 pleniter:
303 4611 353 4651 neo
369 4595 446 4668 prius
467 4595 644 4667 litigantibus
657 4615 705 4655 sua
721 4600 789 4657 velit
802 4603 940 4659 sententia

141 4683 265 4753 obviare,
294 4684 348 4740 uisi
372 4683 481 4756 quando
499 4685 562 4758 ipsi,
584 4688 702 4761 peractis
719 4691 859 4760 onsiribus,
880 4692 938 4763 jam

141 4775 214 4834 nihil
228 4775 349 4846 amplius
364 4774 511 4834 habuerint
527 4777 555 4834 in
575 4780 727 4852 quastione
742 4782 814 4855 quod
832 4800 938 4857 propo-

141 4870 218 4922 nant.
235 4862 290 4921 Nec
304 4871 412 4935 oportet
427 4881 591 4939 quemquam
605 4867 725 4939 judicari
741 4877 787 4924 aut
802 4869 937 4941 damnari,

140 4961 288 5025 auteqmm
315 4969 379 5011 suos
405 4961 576 5011 accusatores
600 4963 747 5027 pressantes
762 4956 872 5028 haheat,
900 4960 937 5016 lo·

141 5059 260 5116 cumque
274 5042 442 5102 defendendi
457 5043 575 5113 accipiat
589 5045 739 5116 spatiosum
755 5046 789 5103 ad
801 5048 939 5109 abluenda

139 5133 266 5190 crimina.
288 5132 422 5190 Similiter
436 5133 466 5189 in
479 5132 536 5204 jam
551 5134 623 5192 lacta
636 5135 747 5193 Nicaena
757 5139 863 5210 synodo
879 5151 938 5198 sta-

139 5231 230 5280 tutum
241 5231 293 5289 est,
309 5232 339 5280 ut
355 5224 428 5280 ultra
442 5225 593 5294 prouinciae
604 5227 737 5283 termines
748 5230 894 5287 accusandi
906 5232 938 5291 li·

139 5314 229 5369 ceratia
252 5329 306 5371 non
323 5313 526 5384 progrediatur,
547 5314 600 5371 nisi
616 5316 650 5372 ad
672 5315 743 5373 hauc
757 5321 937 5391 apostolicam

139 5397 222 5454 fuerit
246 5401 338 5458 sedem
353 5409 546 5473 provocatum,
562 5403 693 5475 adquam
711 5409 870 5480 omnesqui
893 5425 937 5463 ιο-

138 5484 936 5569 luerintlibereetabsqueilloimpedimentoaquibusdum

137 5571 252 5641 agendo,
267 5577 403 5633 confluere
417 5578 528 5637 debent.
546 5606 553 5626 ·
576 5583 641 5637 item
661 5600 694 5637 ea
709 5584 936 5654 susbsequenlihus.

992 3164 1061 3237 ipsc,
1077 3165 1219 3237 dispositis
1243 3168 1431 3242 ordinatisque
1453 3171 1520 3238 suis,
1544 3179 1613 3228 tunc
1638 3172 1673 3228 ad
1691 3181 1788 3247 tempus

992 3258 1085 3314 ueniat
1095 3258 1128 3314 ad
1143 3269 1297 3329 cansam,et
1311 3263 1332 3315 si
1345 3263 1381 3316 ita
1389 3261 1594 3335 justeuidetur,
1607 3265 1787 3323 accusantium

993 3347 1228 3423 propositionibus
1248 3351 1418 3425 respondeat.
1447 3351 1536 3419 Quare
1553 3370 1619 3428 ergo
1638 3356 1787 3428 trarrsgressi

992 3439 1058 3492 estis
1073 3439 1206 3494 terminos
1221 3448 1341 3512 patruus,
1357 3440 1515 3513 judicantes
1528 3452 1556 3500 et
1571 3445 1736 3503 damnantes
1749 3462 1788 3501 eos

993 3542 1061 3601 quos
1077 3543 1132 3582 non
1147 3527 1304 3585 debuistis?
1319 3546 1401 3601 quare
1412 3530 1560 3604 judicastis
1577 3549 1625 3589 eos
1652 3551 1721 3611 quos
1739 3550 1787 3589 non

993 3618 1154 3689 regulariter
1169 3619 1415 3691 approbastisih'ec
1430 3621 1599 3679 obseruastis
1614 3626 1690 3698 quod
1700 3627 1727 3680 in
1739 3626 1788 3681 lle-

994 3721 1108 3776 gnorum
1138 3707 1210 3762 libro
1235 3709 1367 3782 scriptum
1393 3719 1452 3767 est:
1483 3712 1544 3766 Nou
1571 3717 1705 3783 quoruodo
1728 3715 1789 3771 sidet

994 3795 1079 3862 honio,
1099 3796 1166 3850 uidet
1182 3804 1204 3851 el
1221 3798 1291 3853 Deras
1303 3818 1311 3853 .·
1323 3800 1385 3872 guia
1406 3802 1481 3856 horno
1496 3803 1566 3856 uidet
1589 3805 1619 3857 in
1633 3804 1713 3878 sucu,
1727 3805 1788 3862 Deua

993 3891 1079 3938 aarum
1095 3885 1122 3938 in
1135 3888 1212 3942 riarde
1223 3890 1248 3958 (l
1260 3890 1321 3961 ch.
1336 3906 1396 3956 ιιι,
1412 3891 1451 3962 7),
1463 3898 1489 3947 ct
1500 3892 1529 3947 in
1540 3892 1786 3971 Paralipomenon:

995 3974 1089 4029 Onrerio
1105 3976 1184 4032 corda
1209 3986 1345 4034 scrutatur
1359 3981 1441 4051 Deus,
1457 3989 1481 4037 et
1494 4000 1598 4038 omnem
1615 3986 1787 4058 cogitationen

993 4064 1100 4136 arcetitll
1113 4066 1208 4122 Parui.
1225 4085 1327 4137 xxvia,
1341 4068 1382 4141 9).
1394 4071 1428 4126 Et
1444 4073 1509 4127 alibi
1522 4075 1661 4147 scriplum
1672 4084 1725 4139 est:
1736 4073 1787 4130 Nau

994 4162 1083 4222 potest
1099 4154 1220 4211 humano
1233 4158 1411 4216 condemnari
1427 4165 1654 4241 examine,quem
1667 4169 1787 4226 oeussuo

992 4240 1268 4316 reservavitjudicio.
1282 4248 1344 4306 llaec
1355 4251 1448 4306 omnia
1457 4270 1635 4327 summopere
1644 4269 1787 4329 praeessu·

991 4329 1026 4386 da
1047 4342 1120 4402 sunt,
1139 4351 1187 4392 nec
1211 4339 1350 4395 accusatio
1364 4340 1559 4414 cpiscoporum
1575 4343 1661 4404 tacite
1673 4353 1715 4403 est
1728 4342 1787 4401 reoi-

994 4421 1103 4492 pieuda,
1118 4421 1228 4481 dicente
1242 4427 1379 4485 Domino:
1397 4430 1458 4485 Nou
1472 4432 1603 4505 suscipias
1620 4452 1707 4491 eoeern
1727 4448 1788 4491 men·

995 4511 1065 4566 ducii
1079 4514 1322 4587 (Erod.xx111,ll,
1342 4527 1369 4575 et
1381 4522 1530 4593 Apostolus
1541 4523 1649 4598 inquit:
1662 4525 1789 4584 aduersu

991 4602 1170 4672 presbyterum
1193 4605 1388 4678 inscriptionem
1412 4627 1465 4664 riou
1486 4612 1677 4684 rapiendum,
1700 4613 1788 4687 ubsque

993 4691 1093 4747 ducebas
1115 4694 1155 4748 cel
1171 4694 1255 4750 trihus
1279 4697 1379 4755 ieloueis
1396 4702 1501 4755 testibus
1516 4703 1545 4773 (Ι
1562 4704 1632 4759 Tim.
1649 4701 1787 4771 v‚19).si

993 4783 1051 4840 haee
1066 4784 1099 4840 de
1112 4784 1280 4857 presbyteris
1296 4790 1337 4844 vel
1351 4791 1457 4846 caeteris
1472 4791 1603 4849 fidelibus
1616 4801 1682 4851 sunt
1696 4807 1787 4864 praca-

994 4871 1091 4940 venda,
1108 4881 1211 4944 quanto
1227 4877 1313 4947 tnagis
1325 4878 1359 4933 de
1374 4879 1510 4953 episcopis
1521 4881 1535 4936 ‘l
1547 4880 1656 4947 Quibus
1666 4882 1786 4953 coguitis,

994 4962 1079 5032 magis
1107 4979 1156 5018 ros
1179 4963 1317 5022 douiinari
1344 4969 1414 5023 icelle
1441 4969 1623 5026 manifestum
1645 4979 1785 5044 est,quau1

993 5052 1135 5108 corisulere
1158 5051 1291 5110 iratribus
1316 5064 1362 5112 aut
1378 5064 1530 5114 sustentare
1546 5074 1605 5125 coe,
1621 5075 1687 5132 qua
1708 5058 1786 5118 honor

993 5136 1071 5194 inllat
1086 5140 1118 5194 ad
1126 5142 1330 5217 superbiamus
1341 5144 1414 5215 qnod
1424 5147 1568 5219 provisum
1583 5156 1627 5203 est
1639 5148 1784 5205 adconcor·

993 5230 1077 5299 (ιιοιι,
1087 5234 1175 5290 tendit
1188 5234 1221 5292 ad
1237 5251 1350 5292 noxam.
1362 5237 1496 5293 Decuerat
1513 5239 1635 5312 namque
1651 5240 1784 5311 sesquati

993 5318 1117 5391 praelatas
1142 5323 1257 5393 regulas,
1282 5323 1305 5378 si
1332 5324 1437 5400 aliquid
1457 5326 1578 5399 egissent
1603 5338 1783 5388 coutrasuuu

993 5409 1127 5478 ordinem,
1154 5412 1281 5468 ιιιιιιιιιιιο
1306 5414 1396 5484 nobis,
1423 5423 1450 5471 et
1473 5427 1637 5491 exspectare
1663 5419 1730 5493 quid
1756 5414 1783 5472 td

993 5510 1083 5560 vestra
1111 5507 1235 5562 consulta
1265 5508 1486 5577 rescriberemus,
1506 5510 1536 5567 iu
1564 5518 1686 5581 uatum,
1713 5517 1743 5567 ιιι
1765 5505 1783 5562 si

990 5591 1072 5645 etiam
1098 5594 1248 5665 quidquam
1272 5612 1353 5666 grave
1379 5597 1643 5670 intolerandumque
1657 5597 1784 5654 comitte-
