3834 6136
69 184 123 242 tat

604 187 921 248 ututtuotodtt'u.
942 220 978 231 -
996 191 1100 249 MENS.
1121 191 1194 247 Jttrt.

1673 189 1723 246 titt

678 312 881 370 VARIANTES
901 314 1107 371 tuduinum.

99 412 130 466 ln
145 409 269 465 Greven.
285 416 314 465 et
329 410 429 465 Melan.
446 420 509 466 ante
523 409 660 478 lulianus,
674 410 750 468 deest
763 413 867 484 epitba·
881 416 906 474 A
921 419 994 479 teret,
1011 414 1111 483 legitur
1122 413 1151 468 in
1166 411 1308 493 Ultruject.
1324 412 1420 467 emisit.
1433 415 1472 468 De
1485 414 1609 468 Bratnuic
1619 422 1646 469 et
1661 414 1723 469 Bri·

62 482 132 538 then
145 481 258 551 impius.
279 481 438 553 Bosweyd,
450 498 499 553 pro
513 482 675 548 inauditum,
691 486 761 539 male
776 484 868 556 posuit

63 553 236 625 oppositum,
252 553 385 608 auditam.
412 553 590 608 Simulacrum
605 553 729 611 scriBunt
744 555 867 628 plerique

62 634 90 680 et
105 623 283 696 probatiores
292 624 412 691 codices,
424 624 547 696 adeoque
558 633 584 679 et
599 624 627 679 in
638 633 716 682 textu
727 627 865 682 relictum.

61 694 201 760 Becclcri,
226 695 255 750 iu
278 695 548 768 antuerp-Maiore,
592 704 668 751 atens
690 696 868 770 descriptoris

61 784 74 823 s
93 768 191 822 halma
215 773 267 821 est.
288 767 384 823 lltriac
408 768 502 839 legunt
528 783 561 823 cc
583 768 636 823 iees
658 785 741 841 prope
762 786 867 838 omnes,

60 784 149 911 aiiqui
177 838 271 903 blatea,
296 844 447 911 utrumque
466 838 547 894 male.
572 839 701 895 Proxime
721 840 757 896 ad
771 857 867 896 verum

62 926 164 966 nomen
188 908 308 965 accessit
321 910 467 981 Rosweyd.
483 909 531 982 qui
547 909 629 966 babet
653 912 756 967 Sutria.
771 912 868 969 Melius

62 982 199 1052 scriptum
220 987 294 1035 esset
309 981 431 1049 Satrius,
446 981 494 1036 sed
509 981 653 1038 codicibus
664 982 865 1039 inhaerendum.

60 1052 151 1109 Belini
171 1052 266 1123 prima
281 1051 381 1118 editio,
397 1053 490 1123 posuit
502 1054 587 1107 sancti
602 1053 698 1108 Felicis
710 1055 804 1125 princi,
819 1055 867 1111 sed

61 1124 112 1180 boc
126 1124 157 1178 in
170 1122 300 1179 editione
315 1124 484 1180 alterarecte
499 1131 652 1181 correctum
668 1132 724 1180 est:
742 1125 867 1183 Praefecti

61 1210 164 1251 nomen
183 1194 262 1250 varie
284 1194 412 1250 effertur:
433 1195 543 1250 Tertius
558 1196 588 1250 in
603 1196 743 1263 Pratensi;
760 1196 788 1251 in
804 1199 868 1252 An-

61 1265 236 1339 temp-maj.
256 1266 392 1327 Tractus:
411 1266 439 1320 in
454 1267 573 1322 Greven.
585 1275 612 1325 et
627 1266 727 1322 Melan.
743 1270 868 1340 Turpius.

59 1338 233 1410 scripsimus
245 1353 309 1394 cum
326 1337 450 1410 reliquis,
464 1347 492 1395 et
505 1347 578 1395 recte
594 1339 715 1395 Tuccius.
731 1341 784 1395 Pro
796 1341 868 1394 excit-

923 485 1033 552 tarmiis,
1044 484 1169 540 diximus
1182 484 1260 540 alibr.
1277 484 1365 556 Major
1380 492 1420 540 est
1436 484 1586 540 difficultas
1600 485 1629 539 in
1644 485 1723 540 ellor-

922 555 1025 612 maudo
1045 563 1145 611 sanctae
1172 556 1260 628 ipsius
1281 555 1383 627 reginas
1398 563 1425 612 et
1452 555 1578 626 Virginis
1597 556 1720 610 nomine.

922 629 1047 699 Antuerp
1061 626 1723 752 -maj,vocatlldeldridchntuequ,Max-imbec.

921 708 949 754 et
964 699 1282 754 inferioresEdettrudis.
1296 699 1441 770 Bosweyd.
1454 700 1480 754 B
1499 698 1615 753 iltrude.
1632 696 1723 752 Belin.

925 768 1722 837 detrudislnActisls'tlcelredc,Etheldreda,rlltheldritlm.

921 841 1051 897 Noscum
1068 841 1203 908 Pratensi,
1228 840 1380 908 Mvrnerato,
1406 841 1533 896 Grevenn
1557 848 1584 895 et
1612 839 1723 894 Molano

922 913 1093 976 Brliltradis;
1107 921 1133 968 et
1148 928 1211 968 curn
1228 912 1325 968 iisdem
1341 912 1486 969 codicibus
1498 913 1588 967 solum
1610 911 1724 980 Virginis

921 984 1035 1039 titulum
1052 983 1209 1050 adicimus,
1242 984 1350 1039 uamvis
1361 984 1484 1056 plerique
1501 984 1548 1038 alii
1565 999 1600 1038 ex
1614 982 1687 1037 Beda
1697 990 1724 1037 et

922 1055 1019 1110 Adone
1043 1001 1145 1111 addant
1173 1063 1199 1110 et
1223 1000 1341 1125 hegiae.
1368 1053 1593 1135 Antuerp.-Maj.,
1619 1053 1722 1120 Belin,

922 1129 1070 1198 Antuerp,
1093 1126 1294 1194 Max.-Lnbec.,
1309 1136 1374 1194 etc,
1403 1143 1452 1198 pro
1470 1127 1598 1190 anderun,
1616 1130 1724 1196 ponunt

922 1199 1015 1254 decern.
1030 1201 1065 1254 Et
1077 1198 1164 1254 Belin.
1177 1199 1271 1254 omisit
1287 1215 1378 1254 crim...
1392 1204 1465 1253 esset.
1483 1196 1629 1268 liosweyd.
1646 1195 1721 1267 legit,

922 1275 961 1324 est
975 1270 1118 1325 leviculum.

739 1465 1040 1524 OBSERVATIONES.

98 1565 283 1624 praecursoris
295 1562 410 1621 Domini
428 1563 587 1633 Vipiticmin
599 1563 723 1636 antiquis
733 1565 866 1636 llartyro·
881 1569 904 1628 B
917 1584 998 1648 quem
1015 1567 1072 1622 scio
1093 1574 1202 1623 sanctos
1217 1574 1373 1634 extraneos,
1390 1567 1443 1622 hoc
1461 1576 1502 1624 est
1517 1577 1596 1624 extra
1616 1568 1720 1639 llispa-

61 1641 151 1710 logiis
166 1637 233 1693 satis
248 1653 307 1692 raro
320 1635 607 1707 expressam,primus
621 1637 768 1691 anxiantiat
782 1637 865 1704 Beda,

60 1713 109 1768 sed
121 1719 269 1783 postquam
279 1706 435 1764 Ediltrudis
445 1707 564 1776 elogium
576 1707 760 1761 retulitBum
773 1709 866 1763 verbis

61 1791 87 1838 et
102 1781 191 1837 modo
207 1796 236 1835 se
277 1779 334 1835 itur
349 1777 485 1834 Babanus.
497 1782 546 1832 hst
557 1777 618 1832 Ado
633 1777 696 1833 inde
709 1786 801 1833 textus
813 1779 866 1834 ini·

59 1855 129 1910 tium
143 1851 224 1908 lacit.
265 1865 397 1905 omanum
426 1848 866 1905 arvumunicamhedrecomme·

60 1925 248 1980 morationem
278 1921 380 1993 ponit:
402 1865 493 1977 §caeti
516 1920 628 1974 locustis
643 1921 800 1990 preshyteri,
822 1922 866 1976 eia

60 1996 172 2053 Salaria
193 2000 279 2049 vetere
306 1992 413 2063 sepulti.
434 1991 556 2047 Paucula
570 1990 648 2046 addit
663 1994 867 2063 martyrologus

59 2066 241 2133 Viennensis,
268 2064 353 2119 breve
378 2063 499 2135 elogium
527 2070 636 2128 texens,
660 2064 816 2118 athkero
832 2064 866 2119 de

59 2155 133 2194 more
158 2137 341 2203 translatum,
357 2133 405 2189 sed
421 2135 549 2190 altosrro
569 2150 600 2189 ea
617 2141 693 2205 parte
722 2135 864 2202 mutilum,

60 2227 110 2284 qua
124 2209 185 2279 ejus
199 2224 300 2277 corpas
318 2225 335 2261 a
360 2207 433 2261 bento
450 2206 598 2261 Concordia
616 2207 767 2276 preshytero
782 2208 868 2261 colle-

59 2289 124 2336 ctam
139 2288 164 2335 et
173 2281 309 2351 sepultum
318 2277 403 2346 jueta
417 2277 537 2332 Cosacilic
544 2277 696 2345 Martyrum
708 2277 823 2344 dicitur,
836 2286 867 2333 ut

61 2353 159 2408 iterum
172 2368 208 2408 ex
218 2349 332 2408 Molano
343 2349 371 2403 in
381 2347 521 2404 ductariis
530 2347 711 2404 indicabitur.
724 2348 866 2405 Bicverbo

60 2424 232 2490 notabimus,
249 2419 390 2476 interiisse
406 2421 484 2486 Acta,
500 2436 560 2491 quaa
572 2419 633 2475 Ado
648 2419 744 2474 videre
758 2419 865 2488 debuit,

60 2504 88 2550 ut
100 2494 168 2551 inde
180 2492 306 2580 elogium
321 2508 403 2546 suum
421 2489 590 2547 extraheret.
603 2489 805 2562 corrigendum
819 2507 865 2546 au-

59 2575 125 2632 tem,
137 2566 217 2639 quod
232 2562 433 2635 tommeutarii
447 2563 490 2617 sui
501 2561 639 2633 principio
649 2564 721 2618 male
734 2563 867 2633 supponit

61 2636 352 2710 Papebrochiusquasi
366 2633 506 2690 Usuardus
518 2633 625 2688 Adonis
635 2633 866 2705 Martyrologinm

60 2725 117 2765 non
132 2708 336 2778 descripsisset,
349 2713 542 2777 contraquam
557 2706 587 2759 in
597 2703 759 2776 praefatione
773 2712 867 2760 nostra

60 2790 84 2837 et
102 2789 162 2836 toto
187 2779 243 2835 hoc
265 2795 281 2833 ο
301 2793 347 2833 ιιι
372 2777 432 2831 luse
446 2775 660 2832 ostenderimus.
686 2776 867 2831 Accuratiora

61 2860 133 2919 sunt,
151 2867 214 2933 qnae
229 2849 264 2905 de
278 2794 394 2905 ioannis
406 2848 542 2920 reliquiis,
553 2863 584 2903 ac
599 2848 751 2919 presertim
763 2847 797 2903 (ιι
807 2846 866 2919 ejus

921 1655 994 1694 nram
1011 1640 1054 1693 vel
1066 1638 1183 1693 Galliam
1194 1638 1335 1709 quesitus,
1348 1638 1487 1695 rarissime
1495 1656 1721 1707 commemorare,

921 1727 989 1782 quos
1012 1710 1039 1763 in
1058 1710 1282 1779 hieronymianis
1306 1719 1353 1765 aut
1369 1711 1397 1763 in
1413 1710 1508 1765 Adnue
1529 1712 1651 1781 signatos
1667 1728 1723 1766 non

920 1781 1069 1836 invenerit.
1095 1781 1250 1836 Accedebat
1266 1781 1409 1835 silentium
1434 1781 1585 1852 insignium
1603 1781 1723 1837 duorum

921 1853 1047 1907 codicum
1065 1852 1237 1907 Beriniensis
1251 1858 1279 1905 et
1298 1851 1490 1919 Tornacensis,
1515 1853 1543 1906 in
1565 1853 1666 1924 quibus
1690 1853 1723 1908 de

920 1924 1034 1979 Sutrino
1046 1923 1100 1978 isto
1111 1931 1217 1994 matyre
1233 1923 1309 1978 nulla
1319 1922 1474 1977 omninolit
1485 1924 1599 1978 mentio.
1617 1923 1722 1979 Verum

920 2003 975 2050 tam
991 1994 1125 2048 unilormi
1140 1994 1269 2050 codicum
1284 1994 1403 2050 aliorum
1419 1995 1608 2050 consonantia
1618 1995 1723 2049 ceden-

920 2066 987 2121 dum
1002 2065 1070 2130 fuit;
1088 2065 1171 2137 idque
1185 2081 1217 2120 eo
1232 2065 1358 2137 pronius,
1373 2064 1447 2136 quod
1462 2065 1642 2136 Papebrecbii
1660 2081 1724 2120 con·

917 2136 1053 2208 jacturam
1069 2153 1173 2202 veram,
1188 2137 1216 2191 ni
1229 2137 1318 2201 l'allor,
1328 2136 1568 2207 deprehenderim.
1584 2136 1723 2191 Nimirum

921 2215 1087 2267 necesseest.
1104 2208 1172 2263 Acta
1187 2208 1287 2263 Felicis
1295 2216 1322 2262 et
1334 2207 1469 2263 Mustiolaa
1484 2207 1613 2264 alicunde
1628 2216 1724 2263 nactus

921 2280 956 2334 sit
972 2279 1123 2346 Usunrdus,
1139 2295 1174 2333 ex
1189 2279 1291 2350 quibus
1306 2287 1333 2333 et
1349 2278 1427 2333 illum
1441 2279 1491 2335 hac
1504 2279 1549 2334 die
1563 2286 1590 2333 et
1604 2279 1682 2334 illam
1693 2296 1724 2334 ιιι

920 2351 988 2406 Julii
999 2351 1093 2416 refert,
1107 2349 1168 2404 aliis
1179 2349 1372 2420 martyrologis
1383 2349 1501 2419 ignotos,
1513 2359 1594 2421 atque
1606 2350 1724 2405 scitatis

920 2421 1064 2478 codicibus
1084 2420 1255 2476 Heriniensis
1266 2429 1294 2476 et
1306 2420 1487 2475 Tornacensis
1501 2423 1664 2491 praeteritos.
1682 2421 1727 2474 Tu

920 2492 984 2547 vide
1006 2493 1075 2548 Acta
1100 2492 1168 2562 ipsa,
1194 2491 1289 2561 gravia
1305 2499 1412 2546 sancet
1432 2491 1485 2546 lide
1502 2491 1596 2561 digna,
1615 2492 1723 2545 tametsi

921 2563 1028 2619 modica
1043 2564 1115 2618 forte
1128 2563 1300 2619 correctione
1315 2568 1422 2632 egeant.
1442 2562 1545 2617 Laudat
1560 2561 1618 2641 ipsa
1632 2561 1723 2616 Tille-

921 2635 1045 2690 montius
1059 2642 1135 2689 tomo
1145 2635 1193 2701 lV,
1204 2650 1291 2704 apag.
1307 2632 1370 2700 351,
1383 2648 1433 2687 nec
1442 2633 1532 2688 critici
1544 2633 1591 2687 ahi
1603 2632 1722 2686 multum

921 2705 1105 2777 habentqnnd
1115 2711 1240 2775 carpant.
1250 2704 1366 2758 Plurain
1378 2703 1591 2758 Actisdabimus
1600 2719 1632 2756 ιιι
1642 2701 1721 2768 iulii,

921 2776 987 2832 dum
1003 2777 1036 2832 de
1050 2776 1178 2831 Mustiola
1192 2774 1328 2846 agendum
1345 2772 1408 2828 crit.
1425 2772 1466 2829 Sit
1482 2773 1592 2828 interim
1616 2773 1722 2829 Usuar-

920 2848 986 2903 dina
1001 2849 1095 2903 Felicis
1109 2846 1298 2910 annuntiatio,
1311 2844 1384 2900 sicut
1405 2851 1432 2899 ιι
1446 2860 1563 2916 sequens
1582 2845 1615 2898 dc
1639 2844 1724 2898 Edit-

62 2924 148 2995 capite
158 2922 267 2978 ibidem
279 2921 468 2992 disputantur.
482 2919 630 2985 Ceterum,
641 2934 701 2990 qnae
713 2926 808 2974 textus
818 2936 865 2974 no·
881 2931 903 2991 c
919 2921 1005 2986 trude,
1021 2936 1081 2990 qcae
1096 2935 1130 2973 ex
1145 2917 1219 2973 Beda
1234 2916 1263 2971 in
1280 2915 1417 2983 Adonem,
1435 2915 1499 2971 inde
1512 2915 1540 2969 in
1556 2922 1664 2969 textum
1677 2929 1722 2968 no·

62 2990 538 3116 stercontinet,expraefatohdone
553 2998 664 3062 accepta
679 2991 862 3045 suntomnia:
919 3000 1007 3047 strum
1033 2990 1154 3055 transiit,
1184 2988 1237 3043 hoc
1260 2989 1319 3043 solo
1341 2985 1429 3042 ferme
1450 2986 1622 3051 discrimine,
1649 2984 1722 3057 quod

63 3066 97 3121 uti
123 3065 160 3119 de
176 3064 312 3119 sanctaB
331 3063 436 3128 iltrade,
452 3077 512 3133 quae
522 3061 569 3117 hic
583 3069 644 3133 post
657 3062 768 3117 Felicem
781 3062 864 3117 reler-

63 3143 112 3204 tur,
121 3137 158 3191 de
167 3134 481 3208 quohlartyrologorum
496 3134 675 3204 antiquorum
688 3134 783 3188 nullus
793 3150 861 3205 prce·

64 3215 97 3262 ter
112 3206 274 3263 llsnardum
285 3205 422 3272 meminit,
432 3205 580 3276 etquidem
597 3206 667 3259 male
677 3212 771 3260 notata
782 3206 862 3277 palae-

64 3289 120 3345 stra,
137 3295 204 3334 cum
221 3293 273 3349 pro
286 3276 400 3331 civitate
416 3277 539 3343 Sutrino,
549 3275 692 3347 scripserit
710 3277 814 3343 lltrian,
831 3283 862 3330 ut

65 3367 137 3421 supra
164 3347 293 3404 abunde·
308 3347 461 3403 indicatum
490 3355 542 3403 est.
560 3348 642 3403 Putat
656 3346 862 3419 papebrochius

65 3424 125 3477 heta
138 3421 236 3477 Felicis
248 3419 327 3476 illius
334 3418 465 3490 martyris
474 3418 591 3485 sincera,
607 3425 633 3474 et
644 3435 705 3492 quaa
715 3418 863 3488 judicialia

63 3491 142 3547 lerxrre
159 3491 271 3549 censeri
293 3490 412 3563 possint,
436 3506 550 3562 queque
574 3506 638 3545 cum
665 3491 742 3545 Actis
760 3496 861 3545 sanctae

62 3564 191 3619 Bustiotae
203 3562 356 3634 conjuncta
369 3570 397 3617 et
409 3576 537 3616 connexa
551 3570 628 3626 sunt,
643 3561 769 3616 Usuardo
786 3577 861 3632 prae-

63 3633 172 3691 luxisse.
185 3635 244 3716 Ego
255 3634 344 3717 prima
354 3632 447 3688 fronte
457 3648 541 3705 prope
551 3632 756 3699 dubitaveram,
767 3640 860 3687 utrum

60 3720 90 3761 ea
103 3713 282 3762 annuntiatio
291 3721 357 3761 vere
372 3703 498 3761 Usnardo
508 3711 580 3760 esset
595 3703 752 3771 tribuenda,
765 3710 862 3774 utpote

919 3063 1025 3132 Reginca
1037 3061 1151 3116 titulum
1165 3060 1262 3115 Noster
1276 3058 1412 3126 omiserit,
1423 3073 1504 3129 quem
1517 3064 1608 3112 servat
1623 3056 1722 3112 Nothe-

915 3150 964 3189 rus
979 3134 1049 3188 ntale
1073 3133 1166 3202 legens
1185 3131 1264 3185 oanis
1279 3131 1374 3196 decem,
1392 3146 1440 3201 pro
1464 3129 1595 3194 anderius,
1621 3128 1650 3181 in
1668 3142 1722 3199 qun

915 3221 1045 3277 sequaces
1065 3203 1146 3259 habet
1161 3202 1270 3258 codices
1286 3216 1381 3256 omnes
1401 3199 1537 3272 sequioris
1553 3207 1635 3266 ncta,
1654 3197 1722 3270 qui-

916 3276 968 3330 bus
983 3275 1011 3330 id
1026 3275 1089 3330 vitii
1104 3275 1203 3340 inesse,
1219 3289 1302 3344 supra
1316 3272 1534 3327 observavimus.
1558 3272 1648 3340 Atque
1663 3271 1721 3323 ita-

916 3346 1069 3403 Usnardum
1087 3345 1184 3400 damus
1199 3344 1349 3412 genuinum
1362 3350 1388 3396 et
1400 3343 1549 3412 integrum.
1565 3340 1719 3395 Bililtrodis

916 3419 960 3472 vel
976 3418 1143 3472 Etheldredrc
1156 3415 1218 3469 Vita
1228 3414 1296 3468 satis
1312 3410 1640 3493 prolixaaPapebrcchio
1656 3410 1721 3487 illu·¹

916 3495 1003 3545 strata
1020 3494 1070 3553 est,
1087 3494 1115 3542 et
1131 3493 1230 3541 cetera
1244 3487 1278 3539 ad
1288 3500 1348 3538 eam
1362 3491 1516 3554 spectantia
1530 3483 1558 3537 in
1573 3482 1717 3538 Cacumen·

916 3561 987 3615 tario
1001 3559 1148 3630 explicata.
1164 3557 1294 3627 Superest
1303 3554 1496 3611 Wandalberti
1510 3554 1543 3608 de
1558 3569 1589 3608 ea
1604 3568 1714 3608 versus:

994 3680 1139 3742 Anglornm
1156 3691 1224 3727 nono
1235 3675 1357 3726 Ediltrnd
1370 3676 1403 3725 de
1418 3676 1536 3739 germine
1549 3674 1640 3735 telget.

796 3799 988 3858 cucusum.

97 3904 277 4029 Ηιιὲιιιιιιιι
289 3910 315 3958 ιι
321 3902 526 3968 Touuacnxsrs,
541 3898 571 3954 in
583 3913 639 3970 quo
653 3897 795 3966 deficiant,
805 3898 862 3969 jam

57 3989 300 4103 supqqspppppqqc
309 4045 447 4116 loquitur:
458 4043 578 4115 ‹Vigilia
585 4041 739 4098 beatissimi
749 4040 864 4096 loannis

61 4119 201 4191 Baptistae.
217 4118 249 4174 lu
265 4117 421 4184 Britannia,
441 4125 543 4171 sancte
567 4114 731 4171 Gediltrude
746 4113 864 4185 virginis

62 4198 88 4244 et
102 4191 213 4262 reginae.
226 4188 314 4261 Cujus
326 4204 429 4258 corpus
442 4203 505 4242 cum
517 4186 660 4253 undecim,
678 4211 687 4233 ›
707 4194 771 4251 etc,
783 4200 862 4256 pure.

73 4289 79 4306 ·
95 4262 251 4317 incivitate
265 4258 619 4341 Nycomedra,sanct0rum
635 4256 750 4323 Avitici,
766 4256 863 4326 Agapi-

916 3897 1025 3954 cedenti
1040 3893 1252 3967 praetermiserat
1265 3910 1270 3947 :
1295 3892 1380 3974 «Ipso
1394 3890 1448 3957 dic,
1465 3888 1603 3961 depositio
1627 3896 1706 3943 sanct

917 3970 1025 4042 Nyceae,
1043 3966 1213 4024 Romatianae
1227 3964 1350 4019 civitatis
1366 3961 1520 4035 episcopi.»
1542 3959 1673 4032 Sequitur
1687 3959 1721 4014 de

925 4041 1042 4104 «Felice,
1056 4064 1064 4085 ι
1083 4053 1160 4110 pure.
1169 4037 1239 4091 Tum
1252 4054 1258 4090 :
1271 4061 1280 4081 »
1298 4034 1402 4089 Eodem
1414 4033 1459 4088 dic
1469 4032 1607 4103 Lugduni,
1620 4038 1720 4086 sancte

918 4110 1071 4169 Consortias
1090 4107 1244 4179 virginis.»
1274 4106 1340 4173 Qum
1362 4107 1445 4160 etiam
1470 4102 1627 4175 spectaturi
1647 4102 1719 4157 ιιιιιιι

919 4182 1129 4254 precedentem.
1146 4180 1184 4235 Be
1200 4177 1357 4242 Ediltrude,
1374 4177 1456 4230 hahet
1471 4183 1502 4230 ut
1524 4175 1633 4230 codices
1657 4175 1720 4228 Aa·

918 4253 1123 4316 runca-blau„
1139 4260 1192 4306 etc.

67 4332 146 4399 tonis,
160 4332 324 4398 Aristionxs,
336 4330 467 4397 Emeriti,
481 4329 566 4397 Aleti,
587 4346 651 4384 cum
671 4328 733 4383 aliis
747 4343 902 4405 numeroq)
952 4339 1393 4399 Mmffi,.flfflus,.[gamm
1408 4351 1413 4390 :
1454 4359 1462 4382 .
1489 4335 1593 4405 vigilia
1607 4334 1721 4389 103„an

65 4405 232 4475 septuaginta
243 4419 356 4459 novem.
373 4427 382 4448 ι
405 4402 469 4456 llaec
481 4417 577 4457 rursus
592 4416 626 4456 ex
638 4400 800 4470 Hieronym.
812 4397 864 4452 Sed

69 4474 172 4598 abdaliis
198 4476 281 4530 aliter
302 4474 500 4546 exprimuntur
520 4488 552 4527 ea
571 4472 695 4537 nemina,
714 4469 864 4542 dequibus

72 4544 216 4602 itesam.

101 4620 254 4673 temutes.
273 4635 279 4672 :
316 4644 324 4663 ι
348 4614 453 4688 Vigilia
480 4615 568 4671 sancti
588 4614 703 4670 loannis
721 4610 861 4684 Baptistae.

77 4687 163 4757 urium,
180 4690 270 4745 sancti
286 4688 403 4743 loannis
417 4687 572 4759 presbyteri
586 4696 613 4743 et
629 4685 772 4756 martyris,
787 4691 863 4737 tem·

78 4772 128 4825 pira
136 4769 267 4842 apostatae
275 4760 430 4815 iulianilu
441 4758 595 4826 Britannia,
604 4764 704 4813 sanctae
714 4753 863 4812 Eadtrudis

80 4830 175 4898 titubas
187 4841 215 4888 et
226 4831 342 4904 reginae,
363 4829 444 4901 cujus
457 4846 626 4902 corpuscum
646 4827 773 4883 undecim
783 4825 863 4881 antris

83 4911 135 4956 essu
146 4905 295 4976 sepultum,
312 4902 507 4983 incorruptum
522 4901 667 4956 inventum
683 4907 733 4955 est.
751 4923 759 4944 ·
788 4968 794 4979 ι

108 4970 277 5031 ιιιιιιιιιιιι.
290 4989 341 5045 pro
358 4974 506 5039 ‹Utrrna,»
523 4972 602 5044 pejus
611 4971 709 5026 scribit
730 4997 738 5016 ι
750 4971 854 5025 Utine·

83 5038 135 5098 ilde
147 5063 205 5120 quae
217 5062 305 5118 supra
319 5045 455 5101 diximus.
468 5044 555 5099 Tum:
579 5068 588 5090 ι
602 5041 781 5107 Nicomedia,
793 5056 862 5094 san-

84 5120 166 5173 ttorum
183 5126 339 5189 martyrum
356 5115 473 5184 Avitici,
493 5115 531 5173 Ca
552 5114 676 5180 itatonis,
692 5112 862 5178 Abricionis,

83 5189 198 5244 serraliis
212 5188 358 5259 octoginta
371 5188 490 5243 duobus.
503 5211 512 5233 ι
526 5133 565 5242 de
580 5186 624 5241 his
638 5184 791 5240 videActa.
809 5208 817 5230 ι
831 5185 862 5237 ln

83 5253 213 5329 Britannia,
240 5259 381 5342 depositio
403 5267 503 5315 sanctas
526 5257 682 5312 Ediltrudis
705 5254 821 5336 virginis
835 5261 863 5309 et

81 5328 213 5400 ⁴inglorum
230 5347 344 5403 regmae.
368 5330 434 5397 Quae
458 5329 548 5385 tribus
560 5329 630 5384 viris
645 5336 740 5399 nupta,
758 5326 814 5381 ntis
828 5326 863 5380 ad

81 5396 147 5457 licum
158 5404 322 5476 premissis,
333 5402 413 5474 virgo
424 5400 591 5473 permansit,
604 5399 738 5470 cujusque
751 5413 861 5468 cerpus,

80 5482 124 5537 pou
141 5475 272 5531 undecim
288 5476 437 5545 sepulturae
452 5488 549 5539 anuos,
560 5473 750 5541 incorruptum
767 5469 863 5523 inven-

80 5547 121 5598 tum
135 5557 183 5602 est.
196 5549 268 5603 Item
283 5545 423 5617 depositio
438 5544 523 5601 beatas
539 5543 633 5599 illaria.
648 5541 681 5595 de
694 5540 815 5611 lthnies
830 5540 858 5595 in

80 5610 217 5687 brabantia,
233 5616 317 5689 cujus
331 5616 474 5688 legendam
489 5615 619 5687 magister
632 5613 748 5669 lacobus
762 5611 796 5666 de
816 5611 862 5668 Vi·

78 5687 156 5757 triaco,
176 5698 276 5762 postea
289 5689 449 5744 cardinalis.
463 5687 619 5758 descripsit.
635 5708 644 5730 ·

104 5759 281 5817 Buces-nme.
294 5760 346 5816 bac
356 5760 403 5815 die
412 5760 493 5814 tertio
505 5761 565 5815 loco
581 5755 692 5828 ingerit,
702 5772 782 5829 quem
796 5771 862 5826 prae-

919 4414 1072 4487 presbyteri
1088 4421 1115 4467 ct
1131 4410 1272 4481 martyris.
1290 4434 1298 4454 ι
1319 4411 1348 4463 ln
1365 4409 1424 4478 ipso
1438 4406 1532 4461 codice
1547 4406 1718 4476 vigiliacum

918 4493 1045 4558 sequenti
1057 4482 1269 4537 annuntiatione
1279 4478 1467 4548 conjungitur,
1485 4486 1514 4531 ut
1525 4477 1582 4531 lere
1599 4476 1719 4540 dubites,

918 4574 951 4612 an
972 4556 1006 4610 ad
1021 4555 1154 4609 Joaxrnem
1168 4551 1359 4623 presbyterum
1377 4564 1432 4602 non
1447 4550 1483 4601 sit
1498 4546 1650 4601 referenda.
1667 4544 1719 4599 Vc·

918 4646 979 4682 rum
995 4624 1107 4681 aliunde
1123 4628 1205 4693 patet,
1221 4621 1264 4692 agi
1280 4619 1314 4673 de
1330 4619 1461 4689 Baptista.
1481 4615 1719 4672 ‹Ediltrudisuir·

918 4699 990 4771 ginis
1013 4704 1039 4751 et
1064 4694 1174 4766 reginae,
1202 4693 1231 4747 in
1252 4691 1405 4746 Britannia.
1434 4690 1497 4745 llaec
1515 4696 1575 4762 post
1590 4686 1719 4746 undecim

916 4786 1004 4826 annos
1019 4783 1047 4823 se
1069 4765 1295 4832 ulturae,incorru
1316 4770 1343 4817 ta
1354 4762 1505 4817 invenitur.
1516 4760 1592 4816 Aviti
1604 4758 1711 4815 abbatis

916 4784 1085 4897 admirantis
1095 4836 1277 4893 satientatis.»
1296 4778 1345 4890 Est
1355 4833 1438 4889 hodie
1455 4833 1578 4912 «Avitus
1585 4859 1596 4913 .’
1615 4811 1721 4909 rnnrtyi·

917 4909 1204 4970 hemmerannum
1220 4907 1256 4963 sit
1270 4907 1317 4979 qui
1332 4907 1434 4962 colitur
1444 4923 1504 4960 xvu
1516 4906 1602 4970 luurx,
1615 4916 1717 4960 xresmo,

953 5005 1127 5060 Cxuuunxsrt.
1144 5000 1171 5055 S.
1188 4998 1281 5054 Mariae
1299 4995 1553 5053 Conventuulium:
1583 5017 1592 5039 ‹
1616 4989 1718 5043 Bodem

916 5075 972 5140 die,
988 5073 1075 5129 sancti
1092 5069 1183 5125 Boniti
1199 5071 1319 5142 episcopi
1335 5077 1361 5122 et
1381 5065 1555 5122 confessoris.
1578 5087 1586 5109 ι
1618 5062 1673 5115 Neo
1687 5058 1720 5112 de

917 5146 970 5203 hoc
983 5144 1133 5217 quidquam
1150 5142 1179 5196 in
1195 5139 1390 5197 Praeternrissis
1405 5137 1521 5208 reperio.

953 5237 1149 5290 Fausianam:
1178 5228 1387 5293 «Nicomedia,
1421 5230 1579 5280 sanctornm
1611 5229 1719 5293 marty-

917 5324 979 5362 rum
1003 5307 1107 5361 Avitici
1129 5320 1192 5362 cum
1212 5303 1275 5358 aliis
1290 5316 1413 5355 nxxrn.»
1437 5294 1507 5352 Vide
1533 5309 1626 5365 supra,
1645 5294 1720 5349 etin

917 5378 1005 5435 Actis.

953 5469 1052 5522 Burrio
1071 5465 1280 5529 Lunum—Con,
1298 5462 1325 5515 in
1346 5465 1425 5514 textu
1440 5457 1505 5513 satis
1525 5473 1603 5529 pura,
1621 5457 1649 5513 in
1665 5458 1719 5514 line

917 5540 1092 5611 superaddit:
1118 5536 1223 5609 ‹Aqxud
1239 5531 1447 5597 Alexandriam,
1471 5531 1561 5601 passio
1580 5531 1719 5600 plurimo-

918 5629 978 5666 rum
995 5620 1159 5680 martyrum,
1178 5621 1295 5678 ‹ptortun
1313 5602 1392 5657 turriti
1418 5601 1591 5657 obtruncatis
1606 5602 1719 5656 auribus

916 5691 996 5754 atque
1012 5682 1134 5743 naribus,
1150 5687 1231 5746 utque
1246 5676 1383 5741 titanibus,
1399 5683 1618 5746 centesimumque
1634 5688 1716 5726 ιιιιιιι-

916 5754 1027 5808 hrnrnm
1040 5747 1246 5804 summitatibus
1257 5747 1416 5820 amputatis,
1431 5746 1549 5801 feliciter
1559 5743 1710 5799 obierunt.»
