3834 6136
184 273 239 331 543
340 277 342 284 “
852 267 1004 325 ueniunt
1020 267 1180 327 MONACMI
1789 270 1845 330 att

186 399 323 459 limatae
336 393 586 452 Autissiodorensis
595 409 630 467 ap
664 393 748 451 fletur
757 393 911 452 Firmanus.
923 395 986 451 llaec
1001 397 1023 459 A
1036 409 1114 454 uin
1127 394 1195 454 iulii
1205 395 1298 468 potius
1308 396 1517 457 remitterentur
1530 396 1659 473 quamue
1667 407 1695 456 et
1708 396 1846 471 latapet-

187 471 227 529 im
284 467 435 526 sentiarum
453 465 602 523 subiciant.
643 464 802 539 tquidsibi
816 468 877 523 vult
891 467 984 524 Wan-
1039 465 1158 525 lintrem
1169 469 1374 529 memoraverit.

268 547 337 610 nn,
353 536 450 596 mins
463 536 934 613 Apollinaravarsuspmgsmqnt
948 537 983 597 se
1069 556 1630 620 uerassiinumnipoiinan.ianuas,

1070 619 1178 682 Praesti,
1191 621 1286 683 templa
1296 622 1417 685 frequens
1426 621 1501 686 eujus
1511 620 1635 672 navensi
1645 627 1754 673 aaroni

870 794 873 799 .
914 739 1107 805 suessula.

220 841 380 899 Poenarum.
395 839 430 901 sd
444 856 528 914 puros
539 837 691 907 accederet,
702 839 757 895 nisi
764 837 890 895 deessent
900 838 984 896 verba
1037 837 1147 906 sother,
1163 837 1318 906 Hermisda,
1332 835 1468 919 Papirius,
1485 835 1625 895 Constans
1647 842 1676 892 et
1695 837 1843 909 ιιιιιιιιιι,

185 913 235 972 illa
253 930 259 968 :
275 914 348 993 opud
364 913 506 987 Smyrnam
515 912 649 994 martyrio
663 911 845 967 massamuti.
1037 925 1155 983 querani
1170 926 1286 982 corpore
1298 915 1474 982 requiescunt
1489 906 1592 964 ibidem
1607 907 1636 964 iu
1645 915 1756 981 crypta,
1761 907 1844 980 juxta

220 986 378 1049 Pussauiix.
390 986 422 1041 lu
433 983 542 1043 duabus
571 987 649 1038 riniis
662 982 922 1039 annuntiationibus
953 999 983 1039 u·
1038 998 1139 1064 corpus
1152 982 1240 1039 sancti
1255 980 1364 1037 Paulini
1379 979 1499 1052 episcopi
1516 987 1543 1035 et
1556 979 1697 1052 martyris.
1713 981 1746 1037 ln
1760 981 1843 1037 terri-

185 1073 233 1117 rus
248 1064 297 1128 est,
315 1064 412 1115 contra
424 1073 491 1115 vere
507 1055 537 1112 in
551 999 659 1116 hunnus
672 1055 819 1126 postremis
834 1055 915 1127 plane
930 999 984 1110 ‹he-
1038 1061 1110 1135 torio
1126 1052 1354 1135 Ριιιιιιιοιιιιιιιιι
1370 1050 1537 1134 manasterio
1552 1049 1715 1134 Βοιιιιιιιιι2
1730 1051 1841 1126 deposi-

185 1128 254 1195 ilcit.
1038 1132 1078 1180 tio
1092 1131 1179 1182 sancti
1192 1123 1356 1196 Maynnlphi
1375 1122 1486 1180 diaconi
1509 1128 1536 1178 et
1558 1122 1736 1181 confessuris.
1764 1147 1773 1170 ·
1795 1124 1841 1180 Se·

222 1199 457 1257 narcara-star.
478 1205 505 1254 et
523 1198 677 1256 bovinam«.
699 1198 729 1253 iu
749 1197 848 1270 prima,
861 1197 943 1254 tertia
957 1205 984 1253 et
1038 1197 1134 1268 quitur
1153 1201 1257 1262 textus,
1272 1202 1304 1251 ut
1328 1202 1369 1251 est
1392 1194 1423 1251 in
1442 1192 1839 1263 Uersuscr.,etc.1nhne:

174 1280 283 1344 ,quarta
298 1270 370 1342 puri,
385 1271 426 1327 sic
440 1271 589 1327 secundani
604 1269 722 1325 efferunt
738 1285 745 1324 :
771 1268 877 1339 «Apud
892 1268 984 1324 Sniii-
1044 1265 1171 1323 «Eodem
1187 1264 1243 1334 die,
1259 1266 1331 1322 heati
1347 1264 1472 1321 Faustini
1486 1264 1661 1322 confessoris.
1678 1289 1688 1313 ι

186 1358 261 1409 nam,
273 1341 361 1398 sancti
376 1342 483 1398 Traceae
498 1341 692 1398 Eumeniensis
705 1339 825 1411 episcopi
840 1348 867 1396 et
881 1347 983 1411 marty·
1073 1338 1172 1394 aniu.
1191 1355 1197 1393 :
1217 1337 1322 1409 «Apud
1336 1336 1470 1403 Siciliam,
1487 1337 1578 1392 natale
1592 1344 1751 1393 sanctornm
1768 1353 1840 1395 mar·

185 1412 235 1485 ris,
248 1411 329 1484 cujus
341 1412 468 1469 meminit
478 1413 591 1484 quintus
603 1411 673 1467 liber
682 1410 882 1466 Ecclesiasticus
898 1409 983 1468 histo·
1037 1415 1132 1465 tvrnni
1143 1407 1245 1464 Placidi
1257 1408 1396 1475 monachi,
1410 1407 1562 1464 beatissimi
1573 1407 1718 1465 Benedicti
1730 1407 1841 1473 ahhatis

186 1482 246 1540 ria.
262 1509 272 1533 ι
293 1482 363 1541 Vide
378 1483 408 1539 in
421 1498 496 1556 seqq.
512 1493 619 1543 textum
636 1481 751 1540 Adonis.
1038 1468 1179 1552 discipuli,
1190 1479 1294 1536 Euticii
1305 1487 1332 1535 et
1346 1479 1461 1536 aliomm
1476 1495 1544 1534 xxx.
1559 1503 1569 1527 ι
1587 1480 1618 1535 ln
1632 1479 1798 1550 Apollinare
1811 1487 1839 1537 et

220 1555 404 1623 ursariam,
418 1554 554 1623 harnam,
570 1556 731 1612 Atnsnanx.
748 1560 775 1609 et
795 1554 893 1609 Danic.
909 1551 983 1609 idem
1038 1551 1327 1608 Autissiodorensibns
1339 1550 1406 1606 satis
1419 1566 1506 1623 purus
1519 1559 1569 1606 est.
1584 1550 1616 1606 ln
1629 1549 1713 1606 fnem
1724 1549 1837 1623 rejlcit:

184 1625 289 1693 hahent
302 1634 492 1700 angmentum,
503 1627 550 1683 sed
560 1628 585 1684 ei
596 1627 709 1699 insuper
718 1623 891 1697 adjungunt:
912 1624 985 1681 «llio
1045 1624 1101 1680 «lii
1115 1623 1221 1691 iconie,
1238 1622 1311 1703 hasti
1326 1623 1431 1680 Traseai
1451 1621 1838 1696 numerumnunerum

184 1714 259 1758 unus
272 1715 308 1758 ex
321 1698 455 1771 antiquis,
493 1699 553 1757 assi
572 1714 609 1761 et
628 1696 933 1777 traditioneprioruui,
954 1711 984 1753 se
1038 1695 1172 1768 martyrio
1186 1704 1346 1751 coronati.»
1500 1764 1507 1777 .
1743 1766 1749 1777 ἱ

185 1770 304 1827 asseruit
316 1769 463 1841 accepisse,
475 1715 648 1826 Salvatorem
660 1767 800 1839 Apostolis
811 1781 982 1894 precepisse,
1073 1765 1200 1826 Gnsvsn.
1212 1782 1223 1847 ‚³
1239 1789 1256 1847 Ιι
1277 1765 1357 1837 Nota,
1382 1763 1563 1848 Anthoninns
1574 1771 1656 1848 parte
1681 1782 1712 1832 u,
1727 1771 1775 1822 ιιι.
1793 1766 1836 1836 te,

184 1848 365 1897 anteanunm
381 1839 882 1910 duodecimnmahllieresolymisne
917 1853 982 1893 isce-
1037 1853 1097 1908 cap.
1113 1837 1160 1903 li;
1191 1837 1259 1894 dicit
1287 1837 1362 1894 hunc
1389 1837 1531 1894 Placidum
1558 1834 1727 1918 discipulum
1751 1837 1836 1894 fuisse

184 1911 291 1968 derant.
308 1935 317 1959 ι
336 1913 402 1979 Quae
416 1920 481 1968 sunt
496 1909 579 1966 verba
593 1909 708 1977 Adonis,
724 1916 836 1980 accepta
848 1924 884 1964 ex
899 1910 982 1965 Ense·
1037 1908 1125 1973 sancti
1139 1907 1293 1976 Benedicti,
1306 1924 1387 1982 quein
1402 1909 1514 1964 Maurus
1528 1924 1563 1963 ex
1577 1924 1655 1980 aquis
1670 1915 1835 1976 retraxerat,

184 1981 231 2038 hio
247 1981 295 2041 lih.
313 1999 342 2051 v,
359 1997 418 2055 cap.
437 1981 479 2037 fs.
1037 1989 1065 2036 et
1078 1981 1108 2041 in
1122 1979 1244 2039 Siciliam
1262 1978 1376 2037 missum
1391 1980 1426 2036 ad
1440 1979 1564 2036 curanda
1577 1979 1659 2047 hona,
1676 1994 1738 2050 quaa
1760 1987 1836 2052 pater

220 2051 397 2109 Canusium:
425 2076 435 2099 ι
456 2052 488 2107 ln
503 2050 601 2108 Galliis
616 2050 728 2107 civitate
741 2048 878 2118 Valentia,
894 2049 982 2109 sancti
1037 2050 1134 2122 ipsius,
1150 2051 1316 2108 monasterio
1330 2052 1494 2107 contulerat.
1510 2050 1645 2119 Treveris,
1662 2049 1755 2122 passis
1768 2067 1836 2106 san-

185 2123 356 2196 Apollinaris
371 2121 491 2194 episcopi
512 2129 540 2178 ιι
562 2121 736 2178 confessoris.
753 2121 834 2202 Apud
849 2121 984 2191 Siciliam,
998 2115 1021 2174 B
1036 2129 1144 2178 ciorum
1166 2131 1318 2194 martyrum
1335 2120 1486 2178 Palmachii
1501 2122 1624 2178 consulis
1633 2137 1665 2177 ac
1674 2121 1785 2193 patricii
1798 2123 1835 2181 ci·

184 2202 340 2250 sanctorum
369 2201 522 2265 martyrum
545 2193 659 2262 Placidi,
675 2191 799 2250 Euthicii
817 2202 845 2250 et
864 2193 981 2251 aliorum
1037 2193 1132 2251 vitatis
1146 2193 1243 2267 ipsius,
1260 2209 1322 2249 cnm
1338 2192 1469 2249 undecim
1484 2192 1666 2265 principibus,
1682 2192 1833 2262 Maxentio,

184 2281 253 2321 xxx.
277 2265 466 2332 antisiodoro,
487 2271 645 2320 sanctorum
667 2263 781 2319 Firmati
810 2262 931 2333 diaconi,
954 2272 982 2321 et
1035 2262 1653 2332 Constantio,Cresccntio,iustine,Leandro,
1663 2264 1834 2334 Alexandro,

183 2336 286 2392 Pluvia
300 2336 418 2405 virginis
430 2338 488 2392 Deo
502 2341 624 2393 sacratae.
640 2359 649 2386 s
671 2334 803 2404 Observa,
820 2333 867 2393 hio
879 2336 982 2395 Flauiis
1035 2334 1163 2404 Sethero,
1175 2335 1332 2404 Hermisda,
1346 2335 1467 2407 Papirio,
1477 2336 1627 2394 Constante
1639 2343 1667 2393 et
1676 2336 1833 2395 Joviuiano.

183 2407 192 2463 l
226 2407 248 2477 i,
263 2424 319 2465 nen
335 2408 482 2464 Flauiano.
1035 2407 1110 2476 Quos
1124 2423 1219 2465 omnes
1233 2407 1410 2470 Rictiovsrus
1422 2406 1500 2467 urhis
1514 2407 1671 2480 piabatur,
1682 2407 1719 2465 oh
1730 2408 1836 2466 confes

242 2477 543 2552 nnxsinnn.,inpriina
570 2493 647 2546 urus,
655 2475 804 2534 secundam
814 2477 856 2534 sic
863 2477 977 2535 format:
1034 2479 1140 2536 sionem
1156 2479 1278 2536 neminis
1291 2478 1408 2547 Christi,
1423 2478 1515 2551 gladie
1537 2477 1628 2537 occidi
1649 2478 1828 2537 mandavit.-

189 2574 200 2601 ι
213 2551 296 2624 Apud
310 2551 473 2607 Eumeniam
488 2550 532 2630 vel
547 2494 697 2631 Smimam,
713 2548 786 2607 beati
801 2549 906 2606 Traseai
919 2551 978 2679 epi·
1033 2551 1074 2607 lle
1095 2550 1277 2630 translatione
1293 2549 1429 2619 Severini,
1457 2549 1543 2632 hahet
1568 2549 1653 2608 ferme
1678 2557 1719 2632 ut·
1740 2566 1833 2623 supra.

183 2622 258 2696 scopi
272 2630 301 2679 et
321 2622 461 2694 martyris,
475 2637 556 2692 cuius
570 2629 731 2679 meminit...
755 2630 914 2692 »utsupra
969 2652 980 2671 ν
1033 2621 1126 2683 Tum:
1146 2623 1198 2678 «ln
1212 2621 1315 2679 diecesi
1329 2621 1556 2690 Paderhernensi,
1570 2621 1833 2681 monasteriandi·

182 2701 388 2761 riisincu.,etc.
401 2693 769 2751 intertiaconstrustionem
779 2692 978 2751 medicetrans·
1032 2693 1119 2761 censi,
1132 2693 1220 2751 sancti
1243 2692 1375 2766 Meyuulii
1398 2692 1508 2751 diaconi
1529 2700 1557 2752 et
1578 2692 1756 2752 mutassetis.
1777 2693 1832 2763 Qui

181 2764 283 2837 posuit.
300 2764 332 2819 ln
347 2763 445 2820 ultima
459 2779 545 2836 purus
558 2771 610 2820 est.
1032 2771 1155 2837 tempore
1168 2764 1263 2823 Karoli
1278 2764 1368 2835 Mapni
1383 2765 1413 2820 in
1429 2763 1591 2825 fundatione
1600 2764 1835 2824 Padarhernensis

216 2835 412 2916 Mausuornx,
424 2836 453 2892 iu
464 2836 553 2907 prime
561 2851 656 2908 purus,
667 2835 697 2891 in
707 2837 827 2894 mcuuda
836 2837 893 2894 fere
902 2834 977 2893 sinii·
1032 2837 1163 2903 ecclesiae,
1180 2836 1238 2894 vita
1249 2843 1277 2893 et
1290 2836 1433 2895 miraculis
1446 2836 1581 2963 inclptus,
1594 2835 1675 2893 heato
1687 2835 1745 2894 fine
1759 2837 1834 2911 quis·

181 2904 216 2961 lis
229 2915 270 2963 est
284 2914 367 2963 ctiam
382 2908 563 2976 Uiuuiiimr„
579 2916 643 2976 etc,
659 2907 713 2965 nisi
737 2909 811 2982 quod
829 2907 977 2966 Thraseam
1032 2908 1083 2967 vit.
1099 2907 1224 2965 Faustini
1240 2906 1415 2965 confessoris.
1432 2908 1501 2980 Osyt
1523 2923 1546 2963 ai
1559 2907 1676 2977 virpinis
1688 2917 1718 2966 et
1731 2917 1834 2982 marty·

180 2976 263 3033 faciat
284 2977 466 3046 confcssoram,
483 2980 564 3036 simul
581 2988 606 3035 et
627 2986 779 3050 martyrem.
795 2980 828 3036 lii
849 2979 932 3038 tertia
950 2988 978 3037 et
1031 2979 1105 3035 ris.»
1128 2979 1199 3036 Vide
1213 2979 1326 3039 Surium
1340 2986 1368 3036 et
1382 2978 1569 3040 Castelieunm
1589 2979 1634 3037 die
1647 2995 1700 3041 viii
1719 2979 1834 3040 Octobr.

179 3055 277 3121 quarta
301 3049 367 3106 satis
391 3066 476 3121 purus
494 3059 543 3107 est.
560 3052 591 3107 lii
610 3050 665 3106 fine
679 3051 837 3124 refertquai
854 3050 888 3107 ad
902 3050 976 3115 diem
1038 3074 1048 3099 ι
1071 3049 1155 3106 Gallae
1178 3050 1359 3107 nobilissima
1381 3049 1471 3106 viduas
1486 3050 1716 3120 sanctimonialis,
1731 3050 1834 3124 deque

179 3120 378 3193 precedentem
392 3121 553 3193 pertinent:
576 3147 585 3170 ‹
604 3122 716 3178 Parisiis
730 3122 852 3192 civitate,
870 3122 976 3196 deposi·
1031 3121 1085 3178 Cre
1105 3165 1111 3177 .
1136 3120 1186 3177 lib.
1210 3138 1239 3177 iv
1260 3121 1333 3178 Dial.
1358 3121 1452 3190 refert,
1467 3122 1540 3194 quud
1556 3138 1620 3178 cum
1637 3123 1697 3178 viru
1712 3122 1833 3180 viduata

177 3190 217 3249 tio
232 3200 332 3249 sancte
344 3195 442 3250 Aurea
456 3195 501 3250 vir
519 3194 610 3251 inis·
637 3193 707 3252 Vide
722 3193 772 3251 ibi.
1031 3138 1132 3255 mathai
1152 3192 1358 3273 dicerent,uisi
1378 3192 1414 3251 ad
1437 3194 1582 3265 amplexer
1603 3193 1700 3252 viriles
1720 3194 1831 3261 rediret,

213 3263 481 3324 Manain-Cissus·
510 3282 676 3323 uranum:
696 3264 824 3323 «Placidi
834 3273 862 3323 et
871 3266 976 3325 Muticii
1030 3263 1128 3321 herhas
1142 3274 1214 3322 esset
1228 3263 1369 3332 habitura,
1384 3264 1457 3337 quod
1472 3265 1510 3322 ita
1524 3281 1633 3338 qnoque
1648 3265 1753 3325 factum
1765 3275 1807 3324 est
1823 3284 1829 3322 :

175 3349 240 3392 eum
253 3337 316 3393 aliis
328 3353 398 3394 xxx.
412 3339 527 3395 Firmati
538 3338 648 3395 diaconi
664 3345 692 3394 et
708 3337 811 3395 sororis
824 3336 893 3409 ejus.
913 3361 923 3386 ι
1030 3335 1079 3392 ille
1091 3335 1162 3394 nihil
1178 3335 1326 3393 exterioris
1337 3335 1522 3393 deformitatis
1532 3337 1644 3407 timens,
1656 3335 1692 3395 ed
1707 3336 1786 3401 omui
1805 3353 1833 3395 o·

211 3407 243 3488 lu
258 3408 394 3465 Vinicii.
409 3410 516 3491 signate
530 3427 608 3468 uum.
623 3408 694 3467 5949
708 3408 784 3468 deest
798 3410 974 3473 annuntiatio
1030 3408 1114 3467 tentis
1129 3407 1180 3488 Dei
1194 3407 1342 3467 servitium
1358 3423 1388 3464 se
1402 3407 1534 3490 tradidit,
1542 3407 1716 3490 simplicitati
1730 3355 1831 3479 cordis,

175 3477 277 3535 ultima
291 3479 324 3535 de
341 3481 640 3539 antissiodorensibus.
989 3475 1011 3535 C
1027 3482 1145 3539 urationi
1156 3480 1433 3552 eteleeiunsynarum
1444 3479 1833 3551 largitiouihuedsdita,hsate

210 3549 403 3627 Prostanna:
428 3576 438 3603 ι
461 3553 607 3617 Ravenna,
632 3552 720 3610 seiicti
741 3552 863 3609 Marcelli
891 3550 973 3623 [elios
1026 3550 1137 3609 Petroa
1156 3551 1255 3619 estole,
1267 3558 1298 3607 ut
1314 3558 1355 3608 est
1368 3551 1462 3609 vultus
1475 3550 1830 3626 benignissimisibiappa·

175 3618 340 3697 Marcellini]
356 3621 479 3693 ejusdem
494 3623 617 3679 civitatis
628 3623 750 3695 episcopi
760 3631 787 3679 et
796 3623 970 3681 confessoris.
1027 3630 1115 3692 ιιιιιι,
1131 3568 1165 3681 ihc
1181 3623 1275 3680 monle
1289 3622 1434 3695 migravit.
1456 3648 1466 3670 ι
1670 3664 1673 3668 1

175 3689 207 3745 lii
221 3691 326 3759 Iconio,
349 3692 422 3750 beati
441 3693 547 3748 Trissa
570 3693 701 3765 episcopi.
724 3717 734 3745 ι
754 3694 794 3751 ιιι
811 3693 972 3751 Marcellino
1061 3694 1171 3752 Metiri.
1188 3694 1251 3753 aliis
1266 3693 1369 3753 litteris
1381 3702 1443 3765 post
1457 3693 1573 3763 Placidi,
1592 3693 1683 3754 textui
1709 3693 1829 3755 inserit:

175 3760 345 3829 Rauennate,
359 3761 423 3817 vide
436 3762 560 3819 Surium.
1025 3765 1149 3823 Monachi'
1162 3764 1305 3823 beatissimi
1318 3765 1455 3825 Benedicti
1466 3766 1579 3823 ιιιιιιιι,
1593 3767 1626 3825 lu
1638 3765 1695 3829 tine
1711 3782 1719 3821 :
1738 3791 1747 3819 ι
1762 3767 1831 3825 Item

209 3831 435 3889 hainonenses.
453 3851 491 3889 :a
517 3832 623 3890 Eodem
645 3831 700 3898 die,
730 3833 819 3891 sancti
846 3833 970 3892 Meinulfi
1026 3834 1163 3904 Treveris,
1174 3844 1333 3896 sanctornm
1345 3847 1501 3910 martyrum
1514 3837 1642 3895 Palmatii
1651 3844 1681 3894 et
1689 3837 1832 3896 sociorum

118 3941 120 3944 ψ
174 3901 376 3972 confessoris·
397 3905 445 3960 alii
470 3905 565 3975 legunt
578 3905 731 3976 Moqsnalfi.
755 3905 826 3962 Vide
845 3906 969 3963 Surium.
1025 3905 1094 3978 ejus,
1112 3909 1163 3965 suh
1188 3908 1345 3971 Rictievaro
1369 3907 1497 3981 preside.
1524 3908 1657 3975 Colonia,
1683 3909 1832 3967 translatio

209 3972 305 4054 fiditis
321 3975 528 4034 smannens:
545 3999 554 4023 ι
571 3975 767 4049 ColonieApri
789 3976 864 4048 pina,
883 3985 970 4033 trans·
1024 3979 1112 4036 sancti
1126 3979 1253 4036 Severini
1267 3979 1427 4052 episcopt,
1451 3980 1547 4039 Tumt
1588 3980 1611 4037 's
1625 3979 1832 4041 minorihusde

172 4043 421 4129 letio'sanctissimi
444 4047 529 4119 patris
547 4046 684 4128 Severini,
702 3994 827 4130 ejusdem
848 4049 971 4131 civitatis
1024 4049 1168 4119 Mainalia,
1180 4051 1348 4132 uhGflsslssil·
1367 4050 1493 4113 Deinde:
1511 4073 1520 4105 ι
1559 3996 1631 4119 affin,
1647 4051 1831 4132 nobilissime

172 4114 372 4198 archiepiscopi
386 4125 413 4175 et
426 4119 600 4176 confessoris.
611 4118 677 4186 Qum
692 4120 816 4192 angehca
828 4137 971 4177 ammoni·
1024 4121 1115 4181 viduas
1129 4122 1360 4190 sanctimonialis,
1375 4121 1410 4178 de
1426 4139 1481 4204 que
1494 4122 1642 4204 Gregorius
1656 4122 1707 4183 lib.
1723 4140 1753 4181 iv
1766 4123 1830 4183 Dia·

172 4194 250 4269 neiis
264 4204 312 4260 per
325 4190 469 4272 religiosos
482 4190 556 4249 cives
570 4189 748 4257 Colonienses
770 4192 804 4249 de
819 4192 844 4251 A
864 4191 970 4251 nitania
1024 4193 1161 4265 leporum.
1173 4192 1278 4255 Εοιιιιι
1288 4191 1343 4258 ιιι,
1354 4194 1558 4255 ιιιιιιιιιιιιιιι
1567 4193 1696 4263 attilani,
1705 4192 1831 4276 episcopi

171 4267 286 4340 civitate
298 4260 457 4335 Burdigala,
473 4262 503 4321 iu
517 4262 661 4321 Coloniam
680 4264 752 4323 facta
766 4272 818 4333 est,
882 4265 967 4324 eccle·
1023 4263 1195 4323 zamorensis
1210 4279 1291 4336 qneiii
1305 4263 1364 4322 vita
1377 4264 1505 4331 functum
1520 4265 1646 4325 Urbanas
1661 4266 1685 4322 ιι
1700 4281 1781 4338 papa,
1798 4281 1830 4323 iu

171 4345 241 4412 siam
250 4341 407 4414 sanctorum
417 4335 697 4406 martyrumCoinelti
706 4343 734 4392 ιι
743 4335 875 4463 Cypriani
886 4352 968 4409 quam
1022 4343 1180 4393 mmmmm
1191 4351 1343 4416 ¹spumarum
1353 4337 1463 4396 retulit.
1479 4361 1489 4389 s
1509 4335 1580 4395 Vide
1593 4336 1756 4399 Suriumln
1770 4335 1831 4401 edi-

170 4399 345 4461 heetissimns
360 4406 410 4462 Dei
424 4405 565 4465 confessor
588 4407 764 4469 Severinusa
791 4407 967 4466 undamentis
1021 4406 1145 4465 tionibus
1161 4407 1224 4463 aliis
1241 4407 1275 4464 de
1299 4406 1415 4465 Placido
1436 4414 1568 4480 praterea
1590 4407 1703 4471 additur
1723 4407 1832 4467 hmoee

169 4483 303 4545 erexerat,
320 4476 384 4533 etin
394 4493 491 4535 eornm
501 4477 606 4560 honore
615 4478 645 4535 in
656 4478 714 4536 vita
721 4495 771 4537 sua
780 4478 964 4548 dedicaverat,
1021 4477 1137 4537 historia
1151 4478 1294 4539 Miuushe
1308 4479 1416 4560 piratas,
1434 4479 1511 4560 mimi
1524 4479 1560 4538 ah
1570 4477 1832 4560 Abdalaldispauie

168 4559 201 4626 ee
214 4556 382 4627 cpnventum
397 4549 513 4605 fratrum
529 4550 633 4608 ibidem
655 4550 684 4609 in
705 4549 809 4609 Christi
832 4551 966 4608 charitate
1019 4565 1188 4623 neququam
1203 4549 1276 4622 apud
1291 4551 1437 4611 historicos
1451 4551 1587 4622 ιιιιιιιιιοι
1602 4550 1706 4609 frustra
1724 4566 1826 4625 qnest-

170 4624 338 4675 instituerat.
346 4618 432 4691 Cujus
440 4620 524 4677 atiani
534 4622 886 4694 translationemDeus,qui
896 4638 965 4679 seni·
1019 4621 1103 4681 reris.
1119 4624 1158 4679 De
1172 4622 1300 4691 Thrasea,
1323 4619 1402 4692 cajus
1419 4622 1548 4691 meminit,
1562 4629 1615 4679 eto.
1632 4623 1664 4681 lu
1678 4621 1747 4692 fine,
1762 4628 1829 4695 pust

169 4700 219 4758 per
232 4695 273 4743 est
284 4689 420 4759 gloriosus
434 4691 465 4747 in
478 4693 581 4749 sanctis
592 4693 660 4760 suis,
673 4693 754 4750 novis
768 4693 909 4749 miraculis
920 4693 965 4751 de·
1019 4693 1142 4765 cispinir,
1165 4692 1279 4751 additur
1304 4693 1359 4753 Deo
1389 4693 1724 4756 monachissimus
1750 4693 1829 4750 utin

168 4759 285 4839 curavit,
305 4759 408 4831 atejus
421 4764 544 4832 corporis
558 4763 701 4820 relationis
720 4771 794 4835 gesta
816 4771 961 4820 testantur.
1039 4764 1106 4820 riori
1133 4765 1221 4822 Tum:
1239 4764 1374 4823 ‹Bndicae
1392 4763 1569 4834 monnesio,
1583 4764 1712 4822 dimcssis
1726 4736 1827 4829 Padar-

168 4826 303 4911 i'reveris.
321 4832 409 4912 passio
423 4841 580 4914 sanctornm
595 4841 746 4915 martyrum
761 4835 962 4915 Palmaciicon·
977 4834 1000 4895 D
1018 4781 1174 4906 hamensis,
1190 4835 1278 4893 musti
1292 4836 1463 4909 Meinnlphi,
1481 4835 1590 4897 diaconi
1606 4843 1634 4892 et
1646 4835 1827 4894 confessoris.

167 4899 237 4956 sniis
250 4908 401 4982 etpatricn
416 4910 549 4968 civitatis,
564 4920 629 4961 cuni
639 4905 767 4962 undecim
779 4905 962 4986 principibus,
1016 4909 1148 4974 zamora,
1163 4907 1262 4963 natalis
1276 4908 1364 4964 sancti
1385 4908 1508 4965 attilani
1526 4906 1660 4980 episcopi,
1677 4923 1762 4980 quem
1778 4906 1827 4964 Ur·

167 4985 236 5044 quus
257 4973 432 5031 Rictiovarus
456 4974 600 5047 prefectus
612 4975 697 5040 urhis.
712 4976 747 5035 oh
761 4975 960 5035 cenfessionem
1015 4978 1104 5035 hauns
1118 4978 1143 5037 11
1156 4978 1186 5033 iii
1201 4986 1360 5036 sanctornm
1376 4995 1523 5039 numerum
1535 4979 1641 5037 retulit.
1652 4977 1826 5052 Diequiuta,

166 5043 289 5125 nominis
302 5045 366 5102 lesu
391 5044 496 5105 Christi
515 5045 598 5118 jussit
619 5047 710 5120 gladio
734 5046 962 5121 plecti.Qnorum
1014 5056 1116 5107 sancta
1138 5049 1268 5122 martyris
1292 5050 1457 5113 Charitiues.
1485 5074 1495 5098 ι
1518 5050 1589 5116 vide
1609 5049 1821 5124 iletsphrasisn

165 5127 322 5193 principum
337 5118 451 5177 nomina
465 5117 524 5176 haic
538 5129 603 5178 sunt
619 5135 625 5175 :
646 5120 813 5188 Maxentius,
828 5118 960 5179 Constau·
1014 5121 1088 5195 apud
1101 5120 1213 5179 Surium
1225 5120 1279 5179 hoe
1293 5120 1350 5181 die.

164 5189 230 5255 tius,
258 5187 443 5260 Crescentins,
472 5190 606 5261 Iustinus,
636 5191 768 5261 Leander,
792 5191 959 5262 Alexander,

891 5354 1094 5374 ’F—-P’

164 5422 258 5480 Pridie
272 5428 341 5484 Non.
1762 5434 1768 5447 '
1816 5466 1823 5480 ·

181 5606 187 5619 ι
199 5516 282 5590 Apud
296 5518 427 5620 Capuam,
438 5523 538 5590 unalis
552 5533 711 5593 meatorum
726 5534 880 5602 maitymm
894 5526 1028 5596 Marcelli,
1048 5525 1136 5597 Casti,
1152 5525 1260 5595 Emilii,
1270 5533 1298 5583 et
1307 5523 1463 5591 Saturnini.
1474 5523 1580 5591 nodam
1593 5521 1649 5597 die,
1660 5432 1827 5601 hestilghqh,

164 5622 204 5667 ιιι
213 5618 345 5683 menpris
355 5621 383 5668 et
393 5615 514 5690 episcopi
521 5618 763 5695 Laodicensis,qni
772 5638 845 5681 nnus
855 5621 947 5680 fuitde
956 5620 1079 5696 antiquis
1088 5621 1166 5681 Pauli
1176 5620 1294 5694 apostoli
1305 5618 1586 5694 discipulis.Civittte
1593 5620 1710 5692 Assum
1720 5618 1826 5684 usialis

162 5706 264 5763 sancta
278 5698 356 5759 sidia
369 5701 488 5774 virginis
502 5713 530 5764 et
542 5709 776 5785 martyriumque
789 5712 917 5789 exemplo
930 5710 1029 5770 hesim
1041 5710 1186 5785 Caprasius
1202 5711 1237 5770 ad
1250 5727 1366 5786 sperem
1384 5710 1511 5785 martyrii
1527 5709 1667 5768 animatus
1682 5716 1737 5767 est.
