3834 6136
145 193 180 253 ic
803 188 1135 265 usuinoinenacin
1758 184 1794 243 io

146 299 246 389 magno
274 316 311 373 im
349 324 448 384 satore,
479 314 559 387 cujus
584 322 611 370 et
638 313 696 386 ipsa
711 313 819 369 exstitit
838 320 937 370 mater.
956 311 1187 383 Aventiohujus
1205 320 1305 370 sanctae
1329 311 1426 371 Crucis
1454 312 1526 369 iacta
1555 311 1644 369 iuerat
1671 318 1794 384 tempore

145 390 239 446 Roniae
254 397 315 443 nata
328 386 440 443 esancti
451 384 602 441 Alexandri
615 401 690 511 papae
699 394 726 441 et
738 386 878 456 martyris.
889 385 942 452 Qui

145 476 242 533 aquam
259 457 424 529 aspersionis
439 473 502 512 cuni
531 457 587 512 sale
634 456 760 512 enedieto
787 455 941 512 consecrari

147 533 292 600 oleumque
307 527 455 654 ‹pluetannis
468 527 503 583 ab
518 528 647 601 episcopo
676 527 813 594 benedici,
830 535 856 583 et
871 528 942 583 sicut

146 602 180 657 de
194 602 278 657 latere
294 600 314 655 C
337 598 395 655 risti
408 599 518 671 sanguis
542 607 568 654 et
583 615 653 670 aqua
680 598 824 669 produxit,
855 599 894 652 ita
908 597 942 654 ad

144 670 340 741 designandam
357 670 488 726 unionem
504 669 607 727 Christi
622 679 648 725 et
672 669 812 737 Ecclesiae,
829 669 857 724 iii
871 686 942 724 cin-

144 741 296 799 secratione
308 741 472 797 sacramenti
501 742 605 810 altaris,
626 757 722 814 aquam
738 740 804 796 tino
832 740 942 796 misceri

143 812 299 879 constituit,
321 821 348 868 et
371 812 406 867 eb
435 813 595 868 memoriam
623 812 756 884 passionis
781 811 895 879 Christi,
912 811 940 866 in

144 883 255 940 Conone
284 884 372 939 llissae
400 883 525 939 addidit:
557 885 609 950 Oui
630 883 719 954 pridie
744 900 824 952 quam
842 889 941 954 petere-

144 961 199 1021 tur,
216 962 268 1009 etc.
286 955 338 1010 llic
353 954 510 1010 Alexander
525 970 594 1026 papa
613 954 797 1010 subAdriano
820 954 942 1079 impera-

144 1034 213 1092 tore,
230 1032 290 1097 post
305 1026 429 1093 vincula,
445 1041 578 1094 carceres,
607 1026 766 1098 equuleum,
785 1041 859 1096 ungu
872 1040 901 1080 as
915 1031 942 1079 et

144 1095 231 1167 ignes,
247 1097 356 1168 punctis
368 1097 543 1153 creberrimis
558 1113 605 1168 per
620 1106 678 1153 tota
694 1095 815 1152 membra
829 1112 942 1167 pereni-

144 1175 216 1240 ptus,
230 1168 318 1233 etuia
331 1169 504 1224 Nuinentana
518 1169 650 1240 sepultus,
666 1167 713 1224 sed
729 1176 821 1240 postea
838 1169 867 1221 iii
882 1183 943 1222 coe-

144 1237 260 1294 meterie
274 1252 376 1295 sancte
403 1238 510 1294 Sabinae
525 1241 675 1296 translatus
690 1247 741 1295 est.
758 1239 862 1294 Eodem
885 1237 939 1303 die,

144 1317 301 1365 sanctoruni
317 1311 427 1366 Eventii
443 1318 470 1365 et
488 1311 622 1366 Theodoli
638 1311 872 1382 presbyterorum.
888 1306 941 1374 Qui

143 1397 205 1437 oiim
222 1381 335 1452 praelato
351 1398 419 1454 papa
430 1382 588 1437 Alexandro
601 1382 682 1449 tenti,
694 1388 754 1453 pest
765 1381 872 1451 longam
884 1394 943 1433 car-

143 1451 214 1507 ceris
228 1452 421 1508 sustinentiam
439 1452 549 1524 ignibus
568 1452 730 1517 exundanti,
752 1449 786 1504 ad
810 1449 940 1505 ultimum

143 1521 272 1579 decollati
287 1533 361 1578 sunt.
378 1526 412 1577 Et
428 1525 514 1577 sancti
535 1523 676 1577 luvenalis
699 1521 830 1601 episcopi.
859 1521 943 1574 Juxta

143 1593 336 1649 Penthizeram
352 1592 501 1664 provinciae
516 1591 651 1648 Rethoma
670 1608 753 1657 ensis,
777 1590 850 1646 beati
866 1590 941 1646 Wal-

997 384 1110 440 Ensebii
1126 401 1201 456 papas
1215 393 1242 440 et
1255 384 1430 452 confessoris,
1456 383 1518 440 ideo
1546 384 1668 442 instituit
1692 384 1793 440 festum

996 455 1080 527 hujus
1095 455 1266 512 inventionis
1277 456 1311 512 ab
1327 455 1464 512 universis
1488 455 1632 512 catholicis
1661 455 1793 512 Ecclesiis

995 543 1044 600 per
1058 527 1217 582 uniuersum
1234 527 1327 583 orbem
1350 527 1499 583 solenniter
1527 527 1669 582 celebrari.
1701 528 1792 582 Rornae

995 599 1041 653 via
1064 599 1237 654 Numentana
1268 598 1400 654 milliario
1428 597 1556 670 septimo,
1587 599 1678 669 passio
1705 596 1792 653 sancti

995 669 1157 737 Alexandri,
1169 676 1234 738 etc,
1246 685 1313 740 pure
1324 668 1465 742 usquead,
1476 669 1599 724 decollati
1612 674 1682 723 sunt.
1696 694 1705 717 ›
1723 669 1792 722 Vum

995 740 1089 796 addit:
1114 763 1123 786 ι
1138 740 1190 796 llic
1203 740 1392 796 sanc—tissimus
1407 756 1484 812 papa,
1509 741 1638 795 Romanae
1664 738 1793 795 Ecclesiae

995 811 1319 884 episcopatum,qnintus
1340 818 1401 938 post
1425 811 1534 867 beatum
1558 809 1680 875 Petrum,
1712 808 1792 891 annis

995 882 1089 938 deceni
1103 882 1202 949 tenuit,
1219 898 1325 938 menses
1361 899 1418 951 uos,
1435 882 1493 937 dies
1509 882 1613 938 decem.
1642 883 1677 937 Et
1695 887 1793 935 statuit

996 962 1026 1010 ut
1039 954 1135 1009 tinea
1157 970 1191 1008 ua
1205 953 1233 1008 iii
1247 954 1328 1009 llissa
1352 954 1509 1020 misceatur,
1528 953 1561 1008 ad
1589 951 1790 1024 designandum

995 1025 1127 1080 unionem
1167 1025 1273 1081 cclesias
1288 1034 1314 1081 et
1329 1023 1441 1081 Christi.
1459 1025 1494 1080 Et
1509 1033 1540 1080 ut
1549 1023 1652 1080 oblatio
1666 1023 1744 1078 lieret
1759 1038 1793 1076 ex

994 1094 1293 1167 azymoetinmodiea
1309 1097 1471 1168 quantitate.
1489 1095 1637 1151 Hicetiain
1666 1094 1701 1149 ob
1731 1110 1793 1173 me-¹

997 1167 1111 1222 moriam
1126 1167 1262 1238 passionis
1276 1167 1393 1235 Christi,
1417 1166 1525 1223 addidit
1539 1166 1568 1221 in
1595 1167 1723 1224 Canone:
1742 1166 1792 1230 Oet

992 1238 1081 1309 pridie
1095 1255 1174 1308 quiem
1187 1245 1333 1309 pateretur,
1367 1254 1453 1311 usque
1470 1237 1507 1292 ibi
1522 1239 1576 1294 Hoc
1588 1244 1625 1292 est
1639 1237 1716 1291 enini.
1743 1234 1794 1290 llic

995 1309 1077 1364 etiam
1092 1310 1249 1376 constituit,
1266 1317 1297 1365 ut
1310 1326 1381 1382 aqua
1393 1310 1561 1381 aspersionis
1572 1325 1634 1366 cum
1646 1306 1793 1362 salebene-

995 1378 1143 1447 diceretur,
1160 1388 1186 1435 et
1201 1383 1230 1434 in
1246 1380 1412 1437 habitaculis
1433 1380 1578 1436 hominum
1593 1384 1791 1452 aspergeretur.

997 1450 1059 1521 lpso
1074 1451 1128 1517 die,
1146 1451 1232 1506 sancti
1246 1451 1398 1517 luvenalis,
1414 1476 1423 1497 ι
1446 1459 1498 1507 etc.

1031 1521 1178 1576 Gauron:
1211 1546 1220 1568 ι
1248 1523 1352 1577 Eodem
1367 1522 1422 1589 die,
1452 1521 1593 1577 luvenalis
1620 1520 1786 1592 martyris.»

996 1589 1103 1647 Colitur
1116 1608 1156 1647 vii
1166 1592 1241 1647 lllaii.
1267 1617 1276 1638 ι
1299 1592 1409 1648 Auiridi
1443 1593 1534 1664 episco
1555 1591 1696 1662 iTrajecti
1725 1591 1792 1645 inie-

143 1664 194 1719 teri
211 1663 327 1719 abbatis.
352 1689 361 1711 ι
392 1661 481 1734 Hujus
510 1663 625 1718 Walteri
684 1662 723 1717 ita
736 1661 800 1716 data
821 1668 862 1715 est
890 1676 975 1736 viiiss
996 1661 1078 1716 rioris
1092 1669 1118 1716 et
1132 1663 1307 1718 contessoris.
1321 1663 1453 1718 Florentii
1477 1670 1505 1716 et
1546 1661 1793 1732 indemialisepis·

143 1734 258 1790 Arilis.

169 1751 359 1860 plliicenoinn.
375 1803 492 1884 incipit:
525 1826 533 1848 ι
548 1802 651 1871 Roma,
666 1802 712 1857 via
726 1803 908 1866 Numentana,
924 1824 933 1847 ι

144 1882 209 1942 etc,
225 1882 303 1929 textu
319 1874 448 1929 nonnihil
465 1874 641 1944 interpolato.
658 1873 788 1945 Sequitur
803 1873 836 1929 de
860 1871 940 1927 luve-

143 1946 215 2013 nale,
225 1962 301 2017 pure.
318 1947 357 2000 De
369 1945 456 2003 Cruce
467 1944 648 2001 Constantino
663 1953 771 2001 ostensa
785 1944 872 2015 deque
882 1942 941 2014 ejus

144 2017 306 2073 inventione
321 2017 398 2071 varia
413 2023 515 2084 narrat,
536 2032 597 2088 quae
611 2017 736 2072 exactius
750 2017 779 2071 in
795 2014 872 2070 Actis
887 2021 939 2069 tra-

143 2086 201 2144 dita
214 2097 288 2144 sunt.
304 2089 335 2143 lii
350 2087 404 2144 sine
419 2087 500 2143 babet
514 2087 548 2142 de
563 2087 739 2159 sigismundo
754 2088 939 2159 pluraquam,

143 2158 269 2230 superius
282 2159 468 2215 retulerimus.

178 2231 338 2291 Aouiciner.
350 2240 414 2357 post
431 2230 554 2285 decollati
577 2237 648 2298 aurit,
671 2228 805 2301 interjicit
818 2246 856 2308 ³.‘
889 2227 941 2283 llic

143 2316 213 2373 papa
232 2303 348 2357 Alexam
362 2318 391 2357 er
414 2301 560 2358 constituit
578 2318 676 2373 aquam
705 2301 854 2373 sparsionis
877 2314 939 2353 cuin

143 2373 198 2427 sale
213 2371 339 2428 benedici
351 2373 379 2429 in
394 2372 560 2430 habitaculis
576 2372 731 2440 hominum,
748 2378 775 2427 et
787 2369 940 2441 passionem

142 2443 258 2498 Domini
275 2443 387 2499 miscuit
401 2445 430 2498 in
461 2444 618 2514 precatione
643 2442 830 2508 sacerdotum,
847 2448 940 2511 quaii-

142 2513 178 2568 do
190 2512 272 2569 missa
286 2514 461 2569 celebratur.»

178 2583 287 2640 Mirnic
300 2585 430 2641 -Cinrus
444 2585 623 2640 -llirniiiicn
638 2603 643 2640 :
669 2585 819 2642 «Iuventio
840 2589 940 2639 sanctae

143 2654 250 2710 Crucis.
268 2654 432 2721 Alexandri,
448 2655 559 2709 Eieiitii
574 2664 602 2709 et
617 2655 750 2710 Theodoli
775 2662 939 2724 martyrum.

141 2724 284 2780 luvenalis
296 2725 417 2796 episcopi
433 2734 459 2779 et
482 2726 656 2781 confessoris.
684 2725 789 2780 Silvani
820 2723 940 2796 episcopi

142 2803 169 2850 et
183 2795 323 2866 martyris,
340 2812 402 2851 cuni
417 2795 544 2867 pluribus
558 2796 721 2852 clericorum
737 2813 859 2853 suornin.
877 2796 940 2849 Ao-

141 2865 215 2921 deoli
230 2865 393 2922 subdiaconi
427 2876 454 2922 et
481 2867 648 2939 martyris.»
685 2868 767 2924 ltecte
794 2876 884 2922 ariteni
911 2866 939 2919 in

142 2936 266 3008 margine
281 2938 375 2993 eadem
391 2939 419 2993 in
435 2940 551 2994 transcri
573 2939 641 2995 toris
656 2955 740 2994 manu
764 2947 888 3006 notatur,
905 2937 939 2992 de

142 3007 256 3063 Silvano
279 3008 321 3079 aqi
335 3009 380 3065 die
395 3009 532 3082 sequenti,
547 2955 581 3066 (ie
596 3010 721 3066 Andeolo
736 3008 830 3065 ihlaii.

177 3078 272 3135 Conna
292 3081 544 3136 Cissei-Kinna:
568 3081 677 3138 «Sancti
692 3078 936 3137 Seranicoiilesso·

142 3147 213 3205 ris·
236 3151 290 3208 Nec
305 3151 377 3209 inter
390 3152 591 3208 Praetermissos
614 3153 782 3209 nominatur.
807 3150 936 3223 Suspicor

141 3236 204 3276 enm
221 3237 288 3290 esse,
302 3223 336 3279 de
369 3240 405 3278 uo
416 3223 445 3278 in
460 3224 598 3281 Auctariis
608 3240 719 3296 agerniu
732 3222 768 3279 ad
790 3221 864 3279 diem
879 3239 937 3277 un-

140 3291 278 3348 decimum
294 3294 362 3351 Octo
383 3295 429 3351 ris.

175 3363 342 3421 Ditiones:
366 3366 581 3436 ·Antissi0dori‚
597 3366 732 3438 depositio
751 3372 778 3421 et
793 3361 935 3419 translatio

139 3434 263 3506 corporis
289 3436 377 3493 sancti
401 3437 566 3493 Concordini
587 3437 707 3519 episcopi
735 3444 762 3491 et
791 3435 936 3491 confesso-

995 1748 1128 1802 eeporuni
1143 1741 1170 1788 et
1183 1733 1382 1789 confessorum.
1398 1757 1407 1778 ι
1433 1732 1502 1788 Vide
1517 1733 1545 1786 in
1561 1734 1637 1786 Actis
1653 1749 1682 1786 xi
1712 1731 1788 1788 Maii.

1003 1827 1012 1849 ι
1026 1805 1057 1858 ln
1072 1803 1179 1872 Galliis,
1196 1804 1256 1860 loco
1270 1804 1317 1879 qui
1328 1804 1432 1861 dicitur
1445 1802 1530 1870 Cella,
1542 1802 1661 1882 Philippi
1678 1803 1788 1872 preshy-

995 1873 1047 1931 teri
1061 1882 1088 1929 et
1102 1876 1274 1931 confessoris.
1291 1900 1299 1922 ι
1323 1874 1393 1930 Vide
1407 1876 1485 1931 Acta.
1507 1874 1669 1929 «Severius
1687 1882 1794 1926 matro-

995 1961 1048 2011 nae,
1065 1947 1160 2002 uxoris
1177 1947 1319 2002 Aureliani
1335 1947 1458 2004 Caesaris.
1475 1945 1582 2069 qupis,
1614 1944 1712 1998 festiva
1729 1959 1792 1997 nie-

996 2016 1084 2071 moria
1098 2018 1205 2074 cruoris
1217 2018 1330 2075 Christi.
1347 2043 1355 2064 ·
1381 2019 1419 2072 De
1434 2017 1478 2072 his
1494 2033 1520 2070 vi
1543 2033 1557 2071 e
1581 2014 1792 2070 l'raeteriiiissos.

1003 2088 1105 2153 «Nota,
1121 2089 1215 2144 beatus
1231 2089 1387 2144 Alexander
1399 2105 1478 2214 papa,
1493 2087 1527 2142 de
1537 2103 1591 2159 quo
1602 2101 1694 2157 supra,
1711 2084 1791 2156 quin·

994 2165 1040 2215 tus
1050 2167 1111 2231 post
1122 2169 1248 2217 sanctum
1260 2159 1382 2224 Petrum,
1398 2176 1426 2215 se
1447 2158 1556 2214 itannis
1571 2157 1675 2222 deceni,
1693 2155 1793 2236 mensi·

994 2229 1046 2285 bus
1061 2230 1178 2298 duobus,
1195 2231 1291 2287 diebus
1301 2229 1405 2287 deceni.
1421 2231 1432 2286 l
1452 2246 1480 2284 se
1490 2228 1587 2284 statuit
1600 2235 1631 2283 ut
1642 2243 1711 2300 aqua
1725 2242 1792 2282 rino

996 2301 1143 2357 misceatur
1171 2303 1199 2358 in
1226 2303 1320 2369 calice,
1350 2301 1384 2357 ad
1425 2246 1625 2380 designandum
1656 2298 1788 2353 unionem

996 2372 1099 2429 Christi
1114 2380 1142 2427 et
1156 2374 1296 2433 Ecclesiae.
1310 2382 1336 2429 et
1350 2381 1381 2428 ut
1409 2371 1513 2427 oblatio
1528 2370 1616 2437 fieret,
1634 2394 1643 2417 ι
1678 2378 1732 2424 eto.
1763 2376 1793 2424 ut

995 2459 1027 2499 su
1050 2459 1078 2497 ra
1093 2442 1173 2499 habet
1188 2446 1268 2499 Emr.
1290 2443 1479 2500 Luaron-Coi..

1059 2530 1139 2569 ocin.
1154 2532 1161 2569 ε
1181 2514 1382 2582 ‹Autisiodori‚
1394 2512 1691 2596 depositiosanctorum
1699 2509 1792 2581 Optati

996 2585 1127 2664 episcopi,
1143 2585 1257 2640 Memori
1272 2595 1299 2642 et
1314 2585 1438 2641 Santiani
1452 2584 1685 2657 presbyterorum.
1700 2582 1792 2637 Domi-

996 2670 1058 2709 nica
1074 2654 1118 2709 die
1133 2664 1193 2725 pest
1206 2657 1395 2711 inventionem
1422 2665 1522 2712 sancte
1550 2654 1657 2718 Crucis,
1688 2655 1790 2719 llotiiae,

995 2734 1095 2781 sanctae
1107 2725 1261 2782 Catharinae
1278 2727 1403 2798 uirginis.
1420 2728 1483 2781 llaec
1496 2726 1530 2782 de
1552 2726 1664 2780 ciuitate
1678 2723 1792 2780 Senensi

995 2795 1122 2861 oriunda,
1138 2796 1167 2850 iii
1183 2797 1365 2853 adolescentia
1380 2813 1429 2852 sua
1443 2797 1568 2852 habitum
1583 2796 1616 2851 de
1630 2795 1793 2867 poenitentia

995 2867 1081 2922 sancti
1099 2867 1237 2924 Doniinici
1257 2883 1410 2936 assumens,
1424 2884 1455 2924 ac
1467 2867 1570 2923 crebris
1583 2866 1724 2922 miraculis
1738 2868 1792 2921 cla·

995 2954 1068 3005 rens,
1083 2954 1156 2994 anno
1174 2956 1225 2994 suo
1239 2956 1331 2995 xxxiii
1346 2941 1439 2996 llomae
1451 2939 1569 3012 quieuit,
1584 2940 1691 3009 sepulta
1705 2937 1734 2991 iri
1749 2953 1792 2995 ec·

954 3021 975 3082 0
994 3008 1077 3064 clesia
1096 3019 1196 3066 sancte
1206 3011 1298 3066 Mariae
1313 3026 1394 3082 super
1408 3010 1571 3067 Mineruam.
1587 3009 1721 3065 [lominus
1737 3024 1793 3062 au-

989 3085 1046 3135 teni
1061 3080 1126 3136 Pius
1141 3097 1208 3153 papa
1222 3083 1246 3137 ll
1261 3098 1319 3137 eain
1335 3081 1459 3162 catalogo
1468 3088 1625 3136 sanctoruni
1635 3079 1785 3149 ascripsit.»

991 3150 1062 3207 Vide
1072 3151 1101 3206 in
1109 3153 1312 3208 Pretermissis.
1323 3154 1353 3209 ln
1365 3151 1535 3208 editionibus
1545 3151 1619 3210 aliis.
1631 3151 1689 3204 haec
1699 3151 1790 3205 solum

991 3222 1145 3278 habentur:
1167 3250 1176 3270 ι
1191 3225 1215 3279 A
1235 3223 1271 3280 ud
1287 3223 1469 3291 Pontiserain,
1482 3224 1569 3279 sancti
1582 3221 1696 3277 Walteri
1708 3221 1791 3276 abba·

990 3292 1036 3357 tis,
1056 3318 1065 3341 ι
1087 3294 1120 3350 de
1135 3311 1190 3369 quo
1224 3295 1310 3350 ictum
1326 3303 1385 3351 est:
1410 3317 1420 3341 ι
1441 3293 1493 3349 Die
1508 3293 1601 3360 tertia,
1631 3299 1789 3347 sanctoruni

990 3373 1143 3436 martyrum
1159 3365 1296 3422 Timothei
1312 3374 1339 3423 et
1358 3366 1468 3422 Maure.
1489 3389 1498 3411 ι
1535 3364 1604 3419 Tum
1632 3363 1791 3419 charactere

990 3435 1112 3491 minori:
1139 3438 1194 3493 «ln
1210 3437 1289 3494 ltalia
1306 3437 1418 3493 civitate
1447 3436 1568 3500 Sabaria,
1598 3434 1685 3490 sancti
1717 3434 1790 3490 Ursii

989 3506 1162 3575 confessoris,
1180 3508 1232 3563 silii
1248 3509 1319 3579 regis
1334 3507 1486 3577 llalma'iae,
1507 3506 1553 3579 qui
1570 3505 1730 3578 peregrinus
1745 3521 1791 3560 ve·

989 3577 1068 3633 niens
1078 3578 1113 3634 ad
1124 3578 1195 3634 banc
1210 3579 1362 3647 civitatem,
1389 3579 1492 3636 ibidem
1523 3579 1620 3651 plenus
1647 3577 1787 3632 uirtutum

989 3649 1096 3729 quievit
1108 3649 1139 3705 in
1155 3648 1275 3706 Christo.
1290 3653 1368 3718 lteni,
1380 3651 1431 3706 sub
1447 3651 1526 3706 Festo
1542 3647 1667 3730 preside,
1684 3656 1788 3775 martp·

989 3735 1061 3774 riuni
1075 3718 1224 3776 Antonine
1240 3721 1354 3793 virginis
1364 3730 1391 3777 et
1400 3719 1553 3777 Alexandri
1567 3720 1676 3778 militis.
1689 3743 1697 3765 ι
1716 3718 1750 3775 Vi
1774 3734 1788 3774 e

988 3789 1171 3863 Papebrocbii
1186 3792 1428 3850 commentarium.

140 3504 211 3560 ris.»
233 3506 330 3561 Voluit
344 3506 435 3562 dicere
461 3508 622 3576 Corccdemi,
638 3510 682 3563 vel
700 3506 868 3571 Gurcodenii,
891 3506 933 3561 val

141 3575 310 3642 curcodemi,
330 3591 387 3630 non
400 3578 525 3647 episcopi,
540 3586 571 3633 ut
590 3578 636 3634 bic
651 3593 792 3649 perperam
808 3584 933 3644 vocatur,

137 3642 186 3700 sed
202 3645 318 3714 diaconi,
327 3645 360 3701 de
374 3663 429 3719 quo
442 3648 532 3719 agitur
546 3648 592 3704 dis
606 3649 740 3720 sequenti.

173 3715 273 3795 Eniqio
283 3716 493 3776 Lubrica-Coi.:
511 3719 596 3776 «Post
606 3717 932 3790 Constantinoprincipe,

54 3832 65 3845 .
137 3783 225 3855 addit,
233 3786 366 3857 punieris,
379 3788 459 3861 cujus
470 3789 530 3862 ipsa
540 3801 626 3848 scater
639 3791 757 3850 exstitit.
773 3793 809 3847 Et
819 3790 883 3863 quia
892 3790 933 3845 iii-

850 3949 1062 3965 ῃ

135 4035 174 4091 Ν
188 4036 259 4094 Nm·
1692 4050 1744 4106 Die
1758 4048 1786 4106 li.

170 4124 200 4179 Iii
215 4124 360 4182 Palaestina
374 4126 487 4186 civitate
512 4128 593 4199 Gaza,
605 4130 705 4188 natalis
718 4129 791 4189 beati
809 4132 915 4191 Silvani
929 4132 1049 4209 ejusdem
1066 4138 1143 4195 urbis
1162 4139 1304 4213 episcopi:
1328 4139 1377 4215 qui
1391 4141 1583 4212 persecutione
1606 4141 1787 4210 Diocletiani,

133 4228 197 4270 cum
212 4214 340 4286 plurimis
349 4216 515 4274 clericerum
525 4235 651 4287 suorum,
663 4222 797 4294 martyrio
807 4234 955 4282 coronatus
969 4235 1020 4284 est.
1031 4227 1241 4301 Hierosolymis,
1252 4229 1343 4302 passio
1352 4229 1440 4286 sancti
1455 4229 1579 4298 Quiriaci
1592 4230 1723 4303 episcopi,
1735 4232 1788 4288 sub

133 4302 243 4358 luliano
259 4303 434 4375 imperatore.
452 4309 521 4363 Item
534 4308 564 4364 iii
575 4309 688 4365 metalla
701 4312 829 4379 Fanensi,
859 4322 1017 4372 sanctorum
1033 4325 1187 4389 martyrum
1213 4319 1405 4392 quadraginta,
1422 4320 1470 4393 qui
1498 4320 1581 4377 simul
1608 4319 1696 4391 capite
1720 4321 1787 4376 caesi

132 4397 207 4445 sunt.
228 4390 406 4462 Nicomedia,
427 4396 526 4452 natalis
540 4399 668 4454 Antoniae
682 4401 823 4473 martyris,
838 4418 899 4474 quas
914 4404 1033 4461 nimium
1048 4413 1120 4462 torta
1129 4414 1156 4462 et
1169 4408 1257 4464 variis
1271 4407 1362 4466 afflcta
1371 4407 1551 4478 cruciatibus,
1561 4408 1595 4465 ab
1605 4424 1661 4464 nno
1671 4408 1788 4465 brachio

132 4479 221 4538 tribus
235 4481 334 4540 diebus
359 4501 490 4558 suspensa
516 4495 543 4544 et
562 4487 591 4545 in
602 4507 738 4548 carcerem
751 4491 866 4549 biennio
877 4491 997 4565 detrusa,
1012 4494 1047 4552 ed
1060 4496 1191 4553 ultimum
1208 4497 1238 4554 iii
1250 4496 1424 4554 confessione
1434 4497 1545 4554 Domini
1557 4496 1677 4554 flaminis
1686 4507 1787 4554 exusta

132 4579 183 4669 est.
198 4573 229 4628 lii
244 4573 344 4631 Norico
358 4574 482 4648 Ripensi,
499 4578 587 4634 sancti
602 4578 736 4649 Floriani,
754 4582 802 4654 qui
822 4580 946 4654 praesidis
957 4580 1049 4654 jussu,
1062 4585 1146 4661 ligato
1166 4587 1200 4644 ad
1216 4588 1321 4644 collum
1352 4604 1422 4646 saxo
1437 4588 1467 4645 in
1490 4587 1593 4645 lluuieii
1608 4588 1700 4646 Anisii
1717 4607 1786 4664 pre·

131 4660 262 4732 cipitatus
276 4672 327 4720 est.
343 4664 533 4735 Autisiodoro,
549 4669 635 4724 sancti
651 4668 815 4728 Curcodemi
828 4671 951 4728 diaconi.

901 4797 1019 4855 NOTAE.

166 4898 292 4958 simitu
305 4917 340 4959 ex
353 4901 476 4973 Protea,
492 4905 641 4977 denotari,
652 4910 796 4978 Resweid„
811 4913 1069 4986 Antnerp.·mqp'crc,
1088 4915 1199 4972 Greoen.
1214 4925 1241 4974 et
1256 4918 1361 4979 Melan.

743 5035 947 5097 VARIANTES
966 5041 1171 5100 LECTIONES.

145 5215 150 5225 ·
164 5146 204 5225 De
216 5146 363 5230 Palestinae,
379 5147 579 5230 Hieresclqmis,
607 5151 801 5233 ihereselimia,
817 5157 931 5212 lerose·
944 5160 967 5218 D
983 5157 1100 5212 metallo.
1110 5157 1147 5213 At
1157 5155 1246 5226 nobis,
1258 5156 1601 5216 codicibusadbaerenduiu
1614 5167 1656 5217 est
1667 5178 1674 5227 ;
1687 5177 1785 5218 verum

130 5215 212 5295 limas,
228 5217 400 5300 Aurunculeio
419 5225 447 5274 et
469 5218 629 5303 hujusmodi
658 5224 798 5280 scribendi
827 5226 925 5294 modis,
985 5228 1038 5284 loci
1055 5245 1157 5284 nomen
1170 5228 1253 5284 habes
1269 5229 1297 5284 in
1311 5229 1399 5285 Actis.
1415 5229 1495 5285 Solus
1509 5232 1786 5304 GrevenusproAn-

128 5285 200 5366 alibi·
210 5295 277 5367 satis
291 5288 409 5372 dictum¹
420 5299 479 5346 est:
494 5309 637 5365 sequimur
662 5294 780 5364 codices,
802 5313 836 5353 ex
851 5298 928 5354 illius
984 5300 1062 5353 tonioe
1081 5299 1178 5357 scribit
1192 5299 1343 5355 Antonine.
1359 5300 1464 5357 Romus
1486 5301 1604 5359 Greven.
1621 5311 1649 5359 et
1676 5305 1784 5362 biolan.

127 5362 517 5428 aetatisingenioscribentes.
546 5366 657 5435 Splucni
680 5366 745 5438 legit
779 5369 925 5440 liosweyd.
982 5379 1089 5442 ponunt
1104 5377 1165 5424 sunt
1179 5371 1248 5439 cesi,
1263 5387 1313 5443 pro
1339 5371 1475 5426 cesisnnt
1499 5373 1540 5431 sic
1563 5375 1783 5448 Antverp.-lliaj.

126 5436 222 5482 contra
237 5430 436 5510 autqgrapbum
445 5435 927 5506 Ultrajectlierinien.videtdrha-
980 5441 1139 5509 edustncst,
1155 5456 1204 5512 pro
1227 5448 1323 5498 causta
1349 5449 1395 5498 est.
1423 5443 1492 5499 ltein
1520 5446 1784 5519 praecipitatumque

56 5534 64 5549 .
125 5497 927 5587 bereSnpeni,utrumqueintextucerriqitur.lnmctolle
978 5513 1161 5583 precipitatus
1173 5519 1219 5568 est.
1249 5514 1391 5570 Herinien.
1417 5513 1500 5571 habet
1530 5516 1692 5578 Carcedimi.
1710 5518 1785 5574 llos-

35 5606 39 5619 .
124 5567 441 5650 Fanensilnonlqtensi,
455 5583 485 5629 ut
499 5576 579 5658 lia-bet
591 5580 818 5653 Antverp.-lllaj.)
831 5581 926 5662 legunt
982 5582 1071 5652 weyd.
1090 5583 1249 5648 Coi-codini,
1263 5584 1476 5658 Aiitverp.·llaj.
1491 5586 1649 5654 Geroniani,
1660 5588 1782 5646 Greven.

123 5640 405 5720 consuntercodices
437 5652 602 5706 vetustiores
629 5661 657 5708 ct
682 5651 776 5708 ceteri
818 5669 923 5710 assim:
980 5660 1007 5709 et
1020 5654 1121 5710 Melan.
1140 5654 1309 5727 Ciircodeni,
1323 5658 1372 5714 alii
1385 5656 1619 5717 aliter.1'utanius
1635 5660 1783 5731 legendum

122 5710 223 5769 melius
239 5712 354 5770 sortasse
377 5711 495 5771 Greven.
521 5727 548 5774 et
566 5721 669 5779 Melan.
698 5733 760 5801 post
811 5725 924 5796 donem,
980 5732 1011 5782 ut
1029 5733 1070 5782 est
1084 5726 1113 5782 in
1128 5732 1217 5783 textu.
