3834 6136
123 248 176 305 auti

125 390 180 430 non
196 373 313 428 multum
326 368 490 440 discrepent.
505 367 629 424 Possitne
643 366 768 439 Gregorii
778 368 918 425 Turonen·
935 376 960 436 Α

125 445 163 501 sis
172 452 220 499 aut
229 441 346 497 aliorum
360 438 458 495 relatio
472 437 550 495 Actis
564 438 621 494 illis
634 439 827 496 auctoritatem
837 439 917 496 adde·

125 531 164 583 re,
184 513 250 570 satis
263 510 385 582 explieat
400 509 545 579 Batonius,
560 511 607 566 cui
623 509 694 566 adde
708 510 917 567 Tillemontiuni

125 594 199 641 torno
214 583 262 648 ΙΙΙ,
279 598 367 654 apag.
385 580 449 649 atu,
465 587 492 637 et
507 581 535 636 iu
550 580 624 636 notis
638 597 699 654 pag.
713 581 774 637 tit.

160 657 198 711 De
212 654 271 709 solo
281 653 423 708 Hermolao
435 651 584 708 meminere
594 653 748 708 Romanum
763 669 879 734 parvum
893 662 920 710 et

124 727 195 793 Ado,
210 722 290 795 cujus
307 722 427 797 elogium
445 722 542 779 medita
557 731 629 779 notae
643 723 753 781 codices
767 741 797 780 in
811 727 920 780 Aucta-

125 797 174 852 riis
193 796 370 851 immutatum
385 792 568 850 exhibebunt.
597 796 695 851 Noster
723 796 812 852 socios
839 795 920 852 binos

124 866 263 939 adjunxit,
279 882 314 922 ex
333 865 459 938 passione
478 865 565 922 sancti
586 865 761 922 Pantaleonis
781 877 918 938 acceptos,

124 938 160 994 iis
174 937 286 994 resectis
299 954 360 1010 quae
374 937 408 992 de
424 937 537 1008 praefato
546 938 712 993 Pantaleone
727 937 755 994 in
768 938 920 994 Viennensi

124 1017 383 1066 commemorantur.
394 1007 460 1074 Quae
469 1008 502 1064 de
513 1024 608 1064 eorum
623 1009 749 1080 passione
763 1017 920 1080 supersunt,

123 1097 160 1136 ex
174 1081 251 1136 Actis
262 1079 438 1136 Pantaleoiiis
451 1079 611 1150 accipienda
625 1086 700 1136 sunt.
712 1079 793 1136 Solus
808 1080 921 1137 Hermo·

125 1151 185 1208 laus
198 1167 215 1206 a
229 1149 428 1206 Wandalherto
443 1150 483 1206 sic
496 1150 605 1206 canitur
620 1167 626 1204 :

178 1231 318 1293 Presbyter
331 1229 486 1295 Hermolaus
495 1238 567 1279 sexta
576 1238 723 1295 martyrque
735 1231 854 1293 retuigei.

776 242 928 302 USUARDI
949 239 1120 302 MONACHI.

1719 237 1774 298 sut

1009 369 1042 424 lii
1062 368 1167 436 Sicilia,
1189 366 1318 424 Simeonis
1339 364 1473 434 moronti,
1489 363 1585 422 scribit
1607 365 1688 423 Rom.
1713 381 1773 438 par·

972 455 1050 508 vum,
1064 439 1138 512 quod
1152 440 1279 512 sequitur
1293 435 1365 507 Ado,
1386 434 1461 493 huuc
1476 433 1615 493 Usuardus
1629 443 1657 493 et
1671 435 1773 517 thke·

972 527 1030 577 rus,
1040 510 1094 566 uisi
1109 526 1145 567 ex
1158 507 1385 582 Hieronymianis
1394 505 1518 564 hausisse
1529 506 1609 575 telis,
1619 506 1650 563 in
1659 506 1774 580 quibus,

974 581 1073 638 iisdem
1088 597 1172 707 prope
1186 581 1278 637 verbis
1290 578 1552 660 signatur.deum
1562 578 1774 652 satisassequor

973 669 1088 710 curare
1100 652 1285 708 ormatorihus
1295 650 1423 706 hodierni
1439 665 1547 705 romani
1559 664 1576 715 e
1587 655 1668 705 textu
1680 651 1775 708 exclu-

974 739 1021 780 sus
1035 724 1081 779 sit.
1097 724 1137 780 De
1152 723 1262 779 Htlierio
1277 720 1522 789 Autissiodorensi,
1537 719 1628 787 Dedae,
1648 721 1776 778 Romano

974 811 1070 867 parvo,
1082 802 1110 851 et
1116 793 1208 850 Adoni
1223 800 1362 876 praeterito
1377 791 1564 848 indubitatum
1578 790 1701 861 ridetur,
1711 808 1775 850 eum

974 882 1009 922 eii
1020 864 1246 938 Hieronymianis
1259 865 1294 921 ah
1311 864 1435 921 Usuardo
1448 869 1590 934 acceptum
1607 878 1678 932 esse,
1691 879 1775 936 quem

975 937 1076 1009 pariter
1090 943 1243 992 memorant
1258 934 1387 992 llabanns
1400 943 1428 990 et
1440 934 1587 990 Notlierus.
1596 933 1650 990 Sed
1683 950 1777 1010 aequo

975 1007 1058 1064 modo
1072 1008 1101 1064 in
1115 1014 1223 1064 textum
1238 1015 1363 1063 nostrum
1378 1006 1503 1063 derivata
1516 1005 1574 1061 sint
1587 1004 1632 1061 sin
1660 950 1708 1075 it,
1719 1022 1776 1064 cer·

974 1087 1035 1135 tum
1048 1078 1276 1152 puto,rerissime
1286 1077 1440 1134 Usuardina
1454 1092 1512 1133 esse
1527 1092 1588 1149 quai
1597 1077 1628 1132 iii
1654 1078 1777 1135 aterculo

976 1151 1116 1222 proposita
1130 1157 1204 1205 suut.
1230 1148 1294 1204 Solo
1315 1149 1403 1205 terme
1418 1150 1530 1204 nomine
1544 1155 1626 1204 notus
1642 1156 1685 1205 est
1698 1150 1776 1205 Ethe-

975 1221 1035 1276 rias
1048 1221 1079 1277 in
1094 1236 1147 1277 ms.
1167 1226 1261 1278 nostro
1276 1218 1310 1277 de
1323 1218 1460 1292 episcopis
1473 1217 1776 1277 Autissiodorensibus.

855 1345 1047 1406 AUCTARIA.

161 1449 311 1507 iioswniio.
327 1444 443 1518 incipit:
465 1470 474 1493 ‹
487 1444 542 1502 Via
554 1444 663 1513 Latina,
676 1452 834 1502 sanctorum
847 1459 925 1500 mar-

125 1527 220 1593 tyrum
245 1517 317 1574 Doni
340 1516 506 1589 presbyteri,
532 1515 637 1585 Fausti,
660 1516 760 1585 Mauri,
784 1532 846 1573 cuin
862 1515 925 1571 aliis

127 1599 242 1664 septem,
250 1588 298 1662 qui
312 1588 341 1643 in
356 1587 444 1645 sancti
458 1587 590 1659 Stephani
605 1603 681 1659 papa
695 1587 812 1644 Actibus
825 1586 925 1643 deseri·

127 1663 242 1719 buntur.
258 1685 267 1708 ι
285 1658 386 1716 Deficit
401 1658 430 1714 iu
444 1666 548 1731 septem
566 1658 796 1724 Dormientibus;
817 1657 925 1739 reliquo

127 1740 207 1790 textu
222 1746 318 1803 purus.
335 1729 372 1785 At
386 1730 415 1784 in
429 1727 484 1784 tiiie
497 1727 593 1784 subdit
609 1747 616 1785 :
640 1754 649 1775 ‹
663 1728 769 1785 &ncta
782 1732 923 1794 Artemis,

128 1803 224 1859 matris
233 1799 321 1858 sancti
334 1799 435 1856 Nicetii
450 1798 581 1880 episcopi.
597 1824 607 1847 ι

163 1875 320 1930 Puusnnnu.
334 1870 428 1928 deficit
442 1871 524 1928 etiam
539 1886 569 1925 ιιι
582 1869 801 1938 Dormientihus,
815 1869 850 1927 de
861 1871 925 1926 reli·
939 1883 961 1943 fl
978 1870 1191 1940 Dormientium,
1207 1871 1299 1937 Malui,
1317 1870 1491 1939 Maximiani,
1505 1871 1678 1939 Martiniani,

129 1962 184 2018 quo
201 1945 267 1999 satis
281 1958 379 2014 purus.

165 2010 712 2070 Auruenn.etMAx.·Lunac.sichahent:
727 2012 860 2085 «ApudE
881 2012 927 2069 he·

129 2102 201 2154 sum,
218 2084 309 2140 natale
322 2091 478 2139 sanctorum
494 2092 597 2156 septem
612 2084 827 2151 Dormientium,
869 2085 926 2140 axi·

130 2156 226 2225 miani,
251 2154 363 2222 Malchi,
384 2155 554 2222 Martiniani,
570 2154 700 2223 Dionisii,
716 2155 858 2224 iohannis,
881 2156 927 2212 Se·

131 2227 266 2300 rapionis,
289 2226 489 2283 Constantini:
516 2242 632 2298 quorum
656 2234 729 2298 gesta
749 2225 922 2283 habentur.»

130 2299 164 2355 Se
204 2299 260 2355 itur
270 2305 362 2354 textus
372 2296 551 2353 Adouianus:
565 2296 762 2366 «Nicomedia,
772 2298 927 2354 sanctiHer·

131 2387 176 2426 mo
188 2369 215 2425 ai
233 2369 396 2442 presbyteri,
419 2367 498 2439 cujus
514 2367 642 2424 doctrina
660 2367 757 2426 beatus
777 2369 927 2425 Pantaleon

132 2441 165 2498 ad
180 2440 262 2497 sidem
279 2438 384 2498 Christi
401 2455 553 2495 conversus
566 2446 608 2495 est
622 2448 650 2495 et
664 2439 767 2496 illustri
793 2441 928 2513 martyrio

131 2521 348 2568 consummatus.
360 2509 414 2577 Qui
428 2518 521 2567 tentiis
531 2510 734 2580 aMaximiano,
743 2511 854 2582 capitali
869 2527 928 2568 sen·

131 2583 219 2639 tentia
232 2582 268 2638 oh
283 2581 483 2637 contessionem
494 2582 598 2639 Christi
613 2584 726 2654 punitus
740 2591 791 2639 est.
808 2607 818 2631 ν
832 2583 863 2638 Iu
874 2582 929 2639 fine

133 2652 265 2709 Etherius
279 2652 402 2707 Simeoni
415 2653 593 2730 praeponitur.

167 2724 315 2779 Munnniir.
329 2729 401 2793 errat
415 2736 444 2774 in
459 2721 596 2847 princiqio
609 2722 653 2778 his
669 2723 761 2780 verbis
776 2741 782 2780 :
801 2724 928 2781 ‹Trans-

132 2793 259 2866 figuratio
267 2792 369 2850 Christi
385 2792 414 2846 in
426 2793 550 2847 monteT
570 2793 646 2849 abor.
664 2820 673 2843 s

168 2865 294 2920 Gnarum.
312 2862 438 2935 pluribus
461 2863 532 2918 idem
550 2865 743 2937 prosequitur:
765 2867 819 2920 ‹ln
836 2874 928 2922 nionle

133 2934 254 3001 Thabor,
268 2932 472 3004 transfiguratio
493 2934 605 2989 Domini
629 2935 716 2990 nostri
731 2937 795 2991 lesu
811 2936 927 3006 Christi,

132 3005 243 3133 quando
259 3005 380 3071 Petrum,
406 3011 433 3058 et
457 3005 600 3073 iacobum,
625 3013 652 3061 et
677 3007 812 3062 loannem
836 3024 927 3064 secum

153 3077 223 3132 nxit.
238 3100 247 3124 ι
266 3075 352 3131 Habet
364 3073 457 3130 onmia
466 3076 668 3133 Dormientium
685 3076 808 3145 nomina,
823 3086 850 3133 et
862 3095 928 3151 prae-

131 3155 205 3204 terea
215 3146 308 3203 deficit
317 3148 344 3201 in
359 3145 480 3202 secunda
494 3149 716 3216 annuntiatione,
728 3147 756 3203 iii
766 3166 820 3222 qua
830 3149 929 3207 desunt

134 3219 218 3275 verba
238 3218 298 3274 «ob
313 3217 511 3274 confessionem
529 3219 642 3276 Christi.
664 3247 672 3268 ι

980 1443 1099 1500 Siculus.
1109 1442 1267 1501 Hodiernus
1274 1443 1367 1501 senior
1375 1452 1403 1502 et
1412 1442 1504 1500 miuus
1518 1442 1589 1501 forte
1603 1444 1777 1513 normalem

976 1514 1084 1585 iunior,
1099 1513 1227 1572 Treveris
1236 1515 1407 1572 notissimus.
1417 1514 1550 1573 Ceterum
1562 1515 1657 1571 nullus
1666 1514 1777 1573 hoodie

979 1586 1092 1641 Simeon
1107 1586 1180 1659 apud
1194 1586 1354 1643 Baronium.
1372 1585 1525 1660 Sequitur:
1544 1609 1554 1635 ι
1569 1585 1673 1655 Mettis,
1687 1586 1778 1644 musti

978 1657 1103 1738 Dromini
1117 1657 1239 1730 episcopi
1253 1666 1281 1715 et
1295 1657 1470 1714 contessoris.
1484 1682 1494 1707 ι
1508 1658 1540 1714 ln
1554 1657 1619 1725 line,
1636 1656 1671 1714 de
1686 1656 1778 1716 Ethe-

978 1743 1031 1794 rio,
1065 1743 1123 1785 ure.

1014 1742 1250 1856 HHouuornum
1278 1799 1360 1871 Apud
1388 1799 1540 1873 Ephesum,
1566 1800 1657 1856 natale
1672 1807 1777 1929 sesstem

1743 1888 1778 1928 ο.

980 1941 1182 2010 nisii‚loannis‚
1197 1941 1372 2000 Constantini
1381 1952 1409 1999 et
1416 1941 1604 2014 Seraphionis.
1614 1943 1663 2000 lsti
1674 1888 1777 2015 eepCeut

980 2012 1034 2068 viri
1058 2014 1144 2070 sancti
1160 2022 1238 2070 eraut
1250 2013 1328 2071 Decii
1343 2014 1518 2086 imperatoris
1531 2013 1618 2070 curiae
1632 2014 1773 2082 officiales,

980 2090 1008 2139 et
1022 2100 1084 2139 cum
1094 2084 1149 2165 ‘ille
1162 2100 1258 2141 onines
1270 2101 1304 2141 co
1339 2094 1380 2141 ret
1393 2086 1477 2141 idolis
1491 2085 1649 2153 immolare,
1662 2084 1717 2158 ipsi
1735 2085 1777 2142 iu·

982 2162 1079 2228 gerunt
1092 2171 1122 2211 in
1138 2164 1271 2222 montem,
1293 2156 1413 2228 siquam
1434 2157 1579 2228 pecuniam
1601 2172 1696 2214 seeum
1710 2172 1780 2230 por·

981 2234 1081 2291 lantes,
1095 2234 1123 2282 et
1138 2227 1167 2282 in
1182 2222 1361 2283 tribulatione
1380 2226 1610 2283 obdormiveruut
1633 2243 1722 2302 usque
1744 2227 1778 2284 ad

981 2304 1105 2379 tempora
1120 2299 1212 2371 magni
1235 2297 1384 2354 Theodosii
1398 2298 1574 2370 imperatoris
1593 2297 1779 2357 Christianis—

982 2368 1056 2435 simi,
1072 2385 1233 2442 coramque
1248 2369 1291 2425 illi
1306 2369 1341 2426 ad
1359 2369 1546 2426 ostensionem
1563 2368 1665 2427 lutura
1680 2385 1778 2427 resm-

983 2440 1124 2508 rectionis,
1139 2448 1314 2497 asseruerunt
1331 2457 1360 2497 se
1374 2441 1560 2509 resuscitatos,
1576 2442 1643 2514 quia
1656 2448 1780 2498 mortuo·

984 2526 1045 2566 rum
1064 2512 1229 2568 resurrectio
1243 2520 1310 2569 tunc
1323 2511 1358 2568 ab
1373 2511 1510 2569 haereticis
1526 2511 1781 2586 impugnabatur,et

982 2591 1126 2655 postquam
1143 2582 1184 2638 illi
1199 2584 1352 2655 generalem
1367 2583 1616 2652 resurrectionem,
1631 2582 1780 2657 splendore

982 2653 1077 2709 vultus
1093 2670 1187 2710 eorum
1202 2663 1229 2711 et
1243 2653 1344 2721 verbis,
1361 2654 1545 2726 probaverunt
1555 2669 1649 2711 corani
1664 2655 1781 2728 impert·

982 2732 1041 2780 tore
1067 2732 1094 2780 et
1121 2733 1221 2781 cuncto
1244 2728 1357 2797 populo,
1375 2725 1474 2781 iterum
1502 2725 1734 2783 obdormiremut
1751 2727 1782 2783 iu

983 2795 1103 2852 Christo.
1119 2819 1128 2842 ·
1147 2798 1186 2852 De
1202 2796 1357 2864 Hermolao,
1382 2797 1475 2853 eadem
1501 2796 1586 2853 terme
1614 2797 1696 2854 habet
1719 2813 1781 2871 quai

982 2882 1064 2938 snpra
1078 2883 1112 2922 ex
1126 2869 1232 2923 Adone.
1249 2868 1318 2923 Tum
1335 2867 1411 2923 addit
1428 2885 1435 2924 :
1456 2894 1465 2916 ‹
1484 2867 1587 2925 Eodem
1603 2868 1659 2936 die,
1673 2877 1781 2926 sancto·

983 2954 1044 2993 rum
1064 2947 1216 3010 martyrum
1233 2939 1380 3011 Hernempi
1407 2947 1435 2995 et
1454 2940 1637 3012 Hermograti,
1662 2940 1780 2996 fratrum

982 3010 1070 3064 sancti
1094 3011 1232 3065 Hermolai
1257 3010 1421 3091 presbyteri,
1439 3012 1486 3083 qui
1511 3012 1582 3083 passi
1598 3019 1665 3068 sunt
1679 3013 1782 3068 mulus

984 3096 1104 3152 poenasa
1126 3081 1297 3137 Maximiano
1324 3082 1376 3137 sibi
1405 3083 1505 3148 illatas,
1532 3083 1643 3138 tandem
1667 3083 1781 3155 capitali

983 3151 1119 3208 sententia
1137 3151 1173 3207 oh
1196 3152 1394 3209 contessionem
1420 3153 1524 3211 Christi
1545 3153 1670 3211 nominis
1688 3154 1781 3228 puniti

943 3239 964 3299 g
983 3230 1057 3278 sunt.
1073 3247 1082 3270 ι
1104 3225 1135 3279 ln
1155 3223 1281 3280 Simeone
1296 3232 1323 3279 et
1337 3224 1451 3280 Etherio
1465 3226 1531 3282 satis
1545 3241 1632 3297 purus
1645 3231 1697 3282 cst.

167 3291 275 3346 Menan.
290 3298 318 3346 et
328 3289 375 3349 hic
392 3289 504 3345 nomina
518 3289 599 3346 hahet
612 3291 824 3361 Dormientium,
840 3293 880 3349 uti
898 3293 928 3348 iu
1016 3311 1472 3371 Mffi10,.cggwg‚.1ymffl023
1489 3339 1499 3361 .
1508 3312 1782 3457 ιῃῑῗςᾱῑῃῇῑςῑῃῑς

1575 3403 1592 3441 u

132 3361 310 3418 Variantibus
324 3360 429 3417 dictum
445 3368 496 3430 est,
512 3370 641 3434 praeterea
655 3363 751 3420 eodem
770 3381 833 3422 cuiu
856 3365 928 3421 Gre-

131 3450 202 3490 ueno
216 3432 325 3489 delectu
339 3432 454 3488 laborat.

167 3503 409 3570 misaam-uix,
425 3503 604 3577 Unnnaiscr,
621 3506 756 3575 Lernan,
773 3507 925 3565 Loviuisa.

130 3585 156 3631 et
171 3579 331 3632 Acarnana.
351 3576 520 3632 conveniunt
535 3592 598 3632 cuin
621 3578 763 3633 Aurorae.
784 3587 811 3634 et
830 3579 928 3634 Max.-

131 3648 233 3703 Luuuc.
249 3647 319 3703 Vide
335 3645 384 3700 ibi.

165 3720 263 3774 Deum.
284 3716 405 3789 praelatis
428 3716 540 3784 similis,
564 3716 646 3772 initio
661 3717 800 3790 praefigit:
821 3719 927 3791 «Apud

129 3786 329 3856 Nicomediam,
351 3787 440 3859 passio
462 3787 532 3843 beati
559 3789 742 3856 Pantaleouis,
768 3790 815 3861 qui
834 3799 927 3847 tentus

129 3876 179 3932 pro
193 3859 247 3916 fide
262 3858 365 3918 Christi
380 3857 583 3927 aMaximiano,
594 3859 703 3931 equulei
719 3876 799 3930 poena
812 3870 839 3917 ct
851 3863 927 3918 lain-

130 3931 262 4004 padarum
275 3931 421 3987 exustione
434 3930 582 3999 cruciatus,
599 3930 645 3986 sed
661 3931 735 3985 inter
747 3929 816 4000 haec,
833 3933 926 3989 Domi·

130 4019 167 4058 no
185 4002 240 4058 sibi
262 4009 419 4073 apparente¹
441 4000 626 4073 refrigeratus,
644 4000 753 4058 tandein
769 4002 827 4058 ictu
842 4005 925 4075 gladii

128 4073 296 4144 martyrium
311 4073 525 4129 consummavit.
541 4096 550 4119 ·
570 4071 641 4130 Vide
656 4072 701 4129 die
716 4075 852 4147 sequenti.

164 4143 347 4201 Carnutum:
380 4167 390 4192 ‹
417 4143 499 4216 Apud
527 4143 747 4212 Nichomediam‚
767 4153 924 4202 sanctorum

129 4213 269 4272 Hermolai
283 4213 447 4288 presbyteri,
456 4214 627 4297 Hernempii,
636 4216 771 4272 etHermo
804 4217 857 4274 atis
871 4219 923 4275 ira·

128 4286 269 4361 trum,qui
280 4285 331 4343 sub
341 4287 508 4343 Maximiano
519 4302 589 4358 passi
599 4296 673 4343 sunt.
681 4287 762 4354 Apud
784 4288 923 4359 'phesum,

128 4367 285 4414 sanctorum
301 4367 405 4439 septem
415 4357 668 4426 Dormientium,id
682 4367 732 4424 est,
749 4359 922 4428 Maximiani,

128 4430 240 4498 Malchi‚
257 4429 427 4497 Martiniani,
448 4430 578 4497 Dionisii,
590 4429 713 4498 loannis,
725 4429 882 4520 Serapionis
896 4440 923 4487 et

129 4500 304 4558 Constantini
328 4508 492 4556 marturum.
509 4501 540 4557 ln
565 4500 671 4569 Sicilia,
694 4501 767 4557 beati
786 4502 923 4559 Simeonis

129 4571 267 4627 monachi.
283 4560 473 4641 Autisiodoro,
491 4573 578 4630 sancti
593 4572 700 4628 Etherii
716 4573 873 4654 episcopi·

164 4641 920 4713 flammineaposienunieraiabormientmmnomina,

129 4709 232 4764 subdit:
244 4711 383 4775 -ouorum
402 4723 474 4780 gesta
490 4719 641 4782 tanguntur
654 4730 759 4783 suprau
770 4716 830 4770 Kal.
842 4716 920 4784 Julii,

129 4793 183 4850 quo
198 4778 243 4833 die
258 4780 432 4849 omnipotens
449 4784 520 4836 Deus
535 4782 607 4851 ipsos
620 4783 649 4836 in
671 4783 860 4841 testimonium
877 4802 925 4841 re-

129 4850 318 4916 surrectionis,
335 4847 368 4905 de
384 4858 472 4905 morte
488 4851 619 4906 advitam
634 4854 930 4912 suscitavit.InNico-.

129 4921 228 4990 media,
245 4921 335 4976 natale
350 4921 437 4976 salicti
453 4920 602 4990 Hermolai,
620 4923 772 4995 presbyteri
795 4934 823 4980 et
846 4943 924 4982 inar-

129 5001 139 5048 t
160 4994 208 5061 ris,
220 4991 300 5065 cujus
324 4991 449 5047 doctrina
472 4992 569 5048 beatus
594 4992 762 5050 Panthaleon
784 4995 818 5051 ad
841 4997 922 5054 fidem

151 5064 231 5120 bristi
246 5079 394 5120 conversus
413 5070 463 5119 est.
483 5065 520 5118 Et
545 5065 687 5119 bealorum
714 5066 869 5140 Heriiiippae
897 5078 924 5126 et

128 5135 314 5208 Herniogratis
328 5135 455 5190 fratrum.
471 5133 523 5201 Qui
539 5151 635 5191 omnes
650 5137 728 5202 tenti,
749 5148 808 5209 post
823 5141 924 5197 multas

127 5221 221 5275 planas
233 5208 285 5264 sibi
308 5208 408 5274 illatas,
426 5224 442 5262 a
456 5205 625 5263 Maximiano
640 5208 805 5280 imperatore
819 5211 923 5268 illustri

127 5278 261 5347 martyrio
275 5279 400 5334 coronali
412 5286 487 5346 sunt,
503 5288 530 5334 et
542 5278 578 5334 ob
593 5277 793 5337 confessionem
807 5281 920 5353 Christi,

127 5349 263 5403 sententia
277 5350 366 5421 puniti
390 5357 454 5406 sunt
477 5350 626 5422 capitali.»
648 5350 699 5407 Ubi
727 5353 923 5411 videsAdoiiis

126 5423 232 5471 textum
248 5435 310 5474 cuin
326 5429 420 5476 nostro
434 5422 621 5478 commistum.
650 5423 780 5495 Sequitur
798 5425 921 5496 Simeon,

127 5485 160 5542 de
171 5488 330 5567 quoaddit:
348 5492 422 5558 «Qui
438 5492 491 5549 luit
500 5492 644 5574 Syracusis
660 5494 762 5551 Siciliae
775 5496 920 5565 oriundus,

126 5554 252 5638 Treveris
266 5575 315 5630 pro
330 5560 451 5631 Christo,
462 5563 548 5620 diuin
564 5563 634 5620 turri
644 5567 800 5636 conclusus,
816 5566 922 5639 migra-

127 5635 168 5685 uit
179 5627 213 5684 ad
234 5629 394 5714 Dominum,
409 5658 418 5680 ·
432 5632 582 5713 ‘Conuexio
597 5635 810 5709 disparaturum,
825 5637 859 5694 de
872 5637 922 5695 Si-

125 5715 222 5756 meone
236 5699 396 5756 Treverensi
411 5702 476 5760 vide
486 5704 590 5762 ilunii.
602 5707 658 5765 Nec
671 5709 747 5766 euim
762 5709 921 5767 verosimile

114 5774 175 5842 est,
191 5770 273 5830 hosce
289 5767 430 5828 Simeones
444 5774 664 5848 confundendos,
677 5780 742 5839 licet
755 5789 871 5855 uterque
884 5781 921 5839 sit

460 6000 565 6042 A

985 3383 1031 3462 (de
1046 3384 1265 3456 quaxvilunii).
1282 3384 1415 3442 beatricis
1430 3385 1548 3457 virginis
1595 3385 1782 3442 idexxixhu·

981 3455 1051 3525 yus).
1072 3456 1243 3524 Maximiani,
1269 3456 1381 3524 Malchi,
1412 3457 1582 3525 Martiniani,
1607 3465 1636 3515 et
1662 3457 1782 3514 alioruin

982 3534 1100 3597 quatuor
1114 3537 1278 3601 martyrum.
1304 3527 1443 3584 Hermolai
1462 3544 1526 3585 cum
1548 3527 1632 3584 sociis
1651 3536 1735 3585 mart.
1752 3529 1783 3586 in

982 3598 1108 3668 passione
1137 3599 1321 3666 Pantaleouis,
1348 3599 1445 3671 inclyti
1468 3608 1495 3655 et
1521 3599 1635 3671 gloriosl
1654 3598 1780 3672 juvenis,

982 3682 1063 3739 quem
1077 3671 1150 3725 Deus
1165 3670 1330 3726 mirabiliter
1345 3670 1374 3725 in
1388 3669 1513 3742 passione
1527 3671 1697 3727 confortavit
1713 3688 1720 3726 :
1747 3672 1782 3729 de

981 3739 1060 3809 cujus
1079 3756 1194 3813 corpore
1211 3742 1252 3797 lac
1272 3757 1321 3813 pro
1336 3740 1470 3813 sanguine
1486 3741 1645 3798 manavit·
1668 3742 1734 3800 Haec
1747 3742 1784 3799 ad

980 3810 1129 3882 marginem
1139 3828 1203 3869 cum
1212 3812 1341 3869 asterisco
1356 3813 1478 3881 remissa,
1487 3812 1604 3869 dubium
1613 3813 1779 3886 relinquunt

979 3896 1014 3935 an
1030 3881 1105 3950 huic,
1120 3898 1154 3938 an
1171 3883 1262 3956 potius
1277 3883 1331 3939 diei
1347 3884 1473 3955 proxime
1489 3885 1615 3957 sequenti
1630 3884 1678 3956 (ad
1698 3900 1784 3958 quem

980 3952 1089 4024 proprie
1102 3955 1237 4027 spectant)
1258 3955 1315 4011 sint
1330 3954 1488 4012 tribuenda.

1015 4042 1115 4100 Enirio
1131 4045 1322 4104 trasco-coi.
1341 4047 1371 4104 in
1391 4048 1548 4117 Hermolao,
1564 4064 1662 4123 parum
1686 4050 1784 4110 differt

978 4112 1013 4169 ab
1023 4114 1129 4172 Adonis
1142 4123 1231 4186 textu,
1242 4118 1288 4176 cui
1298 4118 1441 4192 subjungit
1457 4135 1464 4174 :
1478 4143 1488 4168 ‹
1503 4121 1582 4190 iterii,
1598 4121 1781 4190 Nicomedia,

978 4192 1136 4243 sanctorum
1153 4196 1306 4261 martyrum
1322 4190 1472 4263 Hernempi
1488 4201 1516 4248 et
1536 4190 1713 4267 Hermograti
1727 4194 1783 4250 ira·

978 4262 1064 4336 trum,
1075 4257 1127 4313 sub
1145 4258 1313 4317 Maximiano
1324 4261 1489 4334 imperatore
1497 4262 1731 4322 decollatorum.»
1748 4265 1782 4322 ln

978 4326 1105 4384 Simeone
1115 4338 1143 4386 et
1153 4330 1267 4388 litherio
1282 4333 1349 4389 satis
1364 4349 1432 4405 pura
1445 4342 1495 4390 est.
1511 4332 1658 4407 Sequitur:
1677 4336 1783 4410 «Apud

977 4398 1128 4470 Ephesum,
1141 4403 1231 4459 natale
1241 4412 1400 4460 sanctorum
1415 4412 1519 4477 septem
1534 4406 1742 4465 Dormientium
1751 4406 1783 4464 in

978 4477 1071 4526 monte
1087 4470 1203 4553 Ceylon,
1219 4473 1276 4532 ins
1312 4477 1402 4544 lunca,
1420 4477 1468 4549 qui
1479 4475 1560 4548 jussu
1571 4477 1686 4536 Caesaris
1702 4477 1781 4536 Decii

978 4539 1098 4598 obturati
1113 4551 1178 4600 sunt
1189 4546 1272 4671 liquidi
1294 4563 1326 4602 us
1336 4546 1487 4619 quadratis.
1503 4548 1607 4604 Eodem
1623 4549 1679 4618 die,
1690 4556 1781 4607 trans·

936 4598 961 4657 D
977 4611 1044 4669 tario
1058 4614 1131 4671 beati
1143 4616 1216 4671 Karo
1229 4616 1239 4670 i
1253 4617 1354 4690 Magni,
1368 4618 1543 4691 imperatoris
1558 4627 1585 4676 et
1600 4621 1781 4690 contessoris,

976 4682 1049 4754 apud
1058 4687 1273 4758 Aquisgranum.
1289 4712 1298 4735 ·

1014 4771 1110 4829 Dema.
1127 4773 1156 4829 in
1170 4774 1260 4847 prima
1273 4783 1301 4833 et
1314 4779 1436 4835 secunda
1448 4786 1476 4835 et
1486 4778 1567 4836 tertia
1581 4788 1780 4854 purus,quarto

983 4841 1163 4899 loeohahet:
1187 4870 1196 4893 ι
1226 4848 1306 4918 Apud
1333 4849 1534 4918 Nicomediam,
1569 4853 1660 4922 passio
1687 4851 1777 4909 sancti

982 4912 1158 4971 Pantaleonis
1171 4920 1312 4991 martyris,
1328 4923 1376 4993 qui
1391 4929 1493 4989 tentus,
1517 4945 1526 4968 ι
1547 4931 1611 4989 etc,
1628 4933 1659 4980 ut
1673 4923 1720 4979 die
1739 4940 1779 4979 sc·

980 4984 1075 5065 quenti
1093 4986 1232 5045 [isuardus
1250 4991 1279 5046 iu
1301 4999 1380 5048 teittu
1404 4993 1561 5050 annuntiat.
1585 4994 1639 5050 Pro
1659 4995 1777 5062 Ethemi,

979 5056 1075 5111 scribit
1089 5059 1206 5128 Etherci,
1223 5069 1321 5118 caetera
1336 5079 1431 5135 purus.

1014 5144 1379 5222 Gnsvnu.:‹1nCampiana,
1394 5162 1550 5212 sauctorum
1566 5155 1679 5224 Felicis,
1691 5156 1776 5214 luliai

977 5225 1004 5272 et
1018 5217 1227 5302 locundaeltein
1234 5220 1315 5291 jaula
1324 5225 1457 5297 quosdam
1469 5226 1611 5299 hicpassio
1627 5227 1699 5283 Doiii
1728 5244 1778 5284 re-

977 5287 1091 5368 shyteri,
1117 5290 1209 5346 Fausti
1221 5301 1248 5348 et
1260 5294 1378 5350 aliorum
1394 5295 1499 5366 decem,
1515 5315 1550 5353 ex
1565 5298 1645 5357 Clero
1662 5298 1693 5354 B.
1710 5245 1778 5357 Cte-

977 5358 1060 5429 phani
1077 5376 1110 5441 pa
1128 5377 1245 5442 requos
1266 5363 1405 5423 Usuardus
1429 5367 1511 5424 habet
1534 5368 1617 5436 inira,
1642 5369 1778 5427 Kalendis

977 5428 1104 5510 Augusti.
1142 5441 1204 5498 etis,
1213 5437 1301 5491 sancti
1314 5438 1449 5494 Frominii
1459 5440 1582 5512 episcopi
1595 5449 1623 5497 et
1638 5441 1778 5498 confesso·

976 5517 1023 5556 ris.
1047 5504 1128 5584 Apud
1148 5505 1364 5578 Aquisgranum,
1391 5511 1535 5567 translatio
1560 5516 1651 5567 sancti
1684 5511 1778 5570 Caroli

976 5571 1273 5702 Magum-imflammat
1288 5580 1462 5638 confessoris.
1478 5581 1583 5638 Eodem
1606 5583 1662 5651 die,
1676 5591 1779 5641 sanctu

976 5658 1117 5725 memoria
1154 5662 1272 5727 ,uigonis
1298 5652 1472 5722 contessoris,
1495 5653 1552 5709 uita
1571 5660 1599 5710 et
1618 5654 1778 5713 eruditione

974 5714 1109 5796 preclari.
1126 5715 1179 5775 Hic
1192 5727 1254 5791 post
1268 5730 1394 5779 sanctum
1409 5723 1578 5793 Drunonem,
1605 5725 1688 5782 uiuto
1700 5727 1776 5795 loco,

975 5800 1087 5856 mayoris
1114 5785 1246 5848 Cartusiae
1275 5793 1427 5865 prioratum
1450 5795 1560 5864 tenuit;
1586 5740 1777 5855 Castusieusis
