3834 6136
220 204 273 264 :tta
884 202 1040 260 osunnot
1056 200 1218 259 uonnctu

1826 194 1882 257 m

221 331 329 391 liniendi
341 338 371 399 et
383 328 528 389 secundoli
544 327 742 386 confessorum.
754 331 833 398 itero,
845 328 930 385 beatae
940 329 1016 385 Faci-
1032 327 1057 390 Α
1072 343 1163 400 supra.
1198 351 1208 376 ι
1225 327 1360 394 Gandavi,
1375 326 1494 383 elevatio
1509 326 1596 389 sened
1610 327 1731 383 &vonis
1745 327 1786 399 pii
1804 340 1880 385 oon-

220 400 292 463 'uoln
306 400 433 475 virginis.
453 400 489 456 Et
502 408 603 461 sancte
618 400 702 459 iuste
719 409 860 457 matrona.
876 426 885 448 ι

254 472 352 530 Batus.
370 471 469 547 incipit
483 479 510 529 et
526 473 590 544 legit
605 471 639 528 de
652 472 773 528 vinculis
795 482 822 528 et
843 471 1017 539 blachabaeis,

220 545 292 602 deut
308 547 440 601 durusne
455 586 462 609 ,
478 551 531 600 etc.
544 545 573 599 ln
584 543 715 608 Eusebio,
727 543 893 613 rirpinibus,
904 543 981 598 Bono
991 549 1019 598 et

219 616 311 682 sociis,
327 621 354 670 ct
371 613 659 687 Philadelpbiensibus
676 631 761 686 pnrus
776 624 834 670 est:
856 615 1017 685 subjungit:

226 711 236 736 ι
255 685 336 758 Apud
350 686 470 754 Italiam,
485 694 585 743 sancte
599 686 682 742 insta
697 686 823 758 virginis.
841 710 849 732 ·
864 687 895 741 In
911 685 1020 740 tustino

219 773 304 831 purus
318 765 368 813 ost.
393 757 447 813 «ln
465 774 533 831 pago
548 757 673 825 Tisuino,
693 759 779 813 sancti
798 757 897 812 Menesi
914 756 1020 812 contes-

218 827 316 885 soris·
339 831 377 884 De
389 828 489 897 Felice,
503 829 602 885 ultimo
618 829 688 896 loco,
698 828 800 899 absque
814 827 913 899 elogio.
927 829 1022 883 Attene

218 898 304 955 editio
319 898 488 956 hinchabaeos
503 902 629 967 cottocat,
649 925 658 946 ι
673 899 755 971 Apud
770 899 893 955 Hieroso}
909 915 1013 963 'mains

218 979 270 1028 etc.
284 971 314 1027 In
328 970 441 1043 reliquis
452 971 538 1044 priori
549 971 651 1028 sirnilis
661 979 712 1036 est,
724 980 751 1027 at
765 971 793 1026 in
804 970 859 1026 fine
872 916 1019 1041 adjicitur:

226 1042 275 1098 ·ln
284 1040 425 1099 territorio
437 1042 575 1099 Blesensis
586 1042 674 1115 (haud
686 1042 916 1110 dubieet'nitotis),
932 1066 940 1084 ·
961 1057 1022 1097 san·

217 1113 256 1171 cti
272 1113 393 1169 Bethasii
407 1114 604 1172 confessoris.»
630 1114 801 1170 Castellanus
817 1113 883 1202 legit
907 1112 1020 1168 Betorii.

258 1183 384 1240 Gusvnn.
397 1203 403 1240 :
420 1183 1020 1252 ‹item,sanctorurrrPrimitivi,halumniosi,

218 1252 363 1322 lobannis,
386 1256 579 1328 Exuperantii,
602 1255 727 1324 Quirilli,
750 1255 909 1322 Theodosii,
937 1254 1020 1323 Casti,

220 1325 322 1382 basilii
340 1334 365 1383 et
383 1327 523 1393 Honorati,
544 1327 577 1382 de
592 1327 691 1415 quibus
706 1327 734 1382 in
751 1326 865 1382 Actibus
880 1325 950 1382 besti
967 1326 1023 1383 Ste-

219 1395 318 1469 phani.
348 1399 469 1465 Vienon,
486 1399 576 1454 sarncti
593 1398 686 1454 Severi
701 1397 822 1480 episcopi
837 1406 864 1452 et
878 1398 1023 1453 consesso-

219 1467 270 1535 ris,
282 1467 410 1540 discipuli
424 1472 620 1540 apostolorum.
634 1469 781 1534 Bituricae,
790 1467 880 1524 salicti
891 1468 1022 1524 Archadii

1074 400 1194 456 sessoris.
1219 399 1323 467 llomae,
1340 396 1477 455 dedicatio
1491 399 1588 470 primo
1599 397 1733 466 eeclesiae,
1760 397 1878 456 choslo

1073 472 1153 527 Petro
1167 476 1337 526 constructas
1349 476 1561 527 etconsecratae,
1576 468 1608 526 ln
1618 460 1878 552 Blandinip,trsns·

1075 543 1142 598 latio
1165 543 1251 597 sancti
1277 542 1443 598 Winwnloci
1460 541 1604 598 abbatis.»
1632 540 1702 596 Sunt
1721 543 1880 599 minoribus

1074 622 1163 686 typis:
1184 615 1232 668 «ln
1246 613 1398 679 Britannia,
1411 612 1576 669 Ethelwaldi
1590 612 1712 686 episcopi
1724 614 1878 676 etconles·

1075 684 1155 749 soris,
1186 685 1214 740 in
1243 685 1355 741 civitate
1380 684 1540 752 Wintonia3
1565 683 1645 755 cujus
1666 691 1746 747 actus
1765 685 1879 757 scripsit

1075 757 1214 813 Vultanus
1223 763 1318 812 cantor
1328 754 1540 812 Wintoniensis.
1553 755 1647 813 Sancti
1656 752 1818 819 Secundelli
1834 756 1880 813 ab

1075 827 1156 896 batis,
1180 835 1208 882 et
1222 826 1342 892 Briardi,
1363 826 1397 882 de
1412 844 1468 901 quo
1481 825 1630 899 Gregorius
1643 827 1749 883 Toron.
1770 827 1879 884 Eodem

1075 899 1130 966 die,
1144 900 1242 955 natalis
1257 899 1346 954 sancti
1362 898 1473 955 Jonatbi
1488 897 1664 965 contessoris,
1675 897 1808 971 discippli
1819 914 1879 955 san·

1075 970 1112 1028 cti
1122 969 1251 1026 Aruandi.
1264 996 1272 1018 ·
1294 971 1324 1026 ln
1333 969 1505 1027 editionibus
1515 971 1588 1035 aliis,
1600 968 1808 1027 deblaohabeeis
1816 986 1879 1027 cnr·

1075 1043 1147 1124 sivo,
1177 1042 1265 1098 textui
1297 1042 1403 1108 inserit,
1433 1057 1507 1123 quae¹
1524 1040 1606 1096 habet
1637 1041 1878 1168 ffimffllmwa

1076 1113 1485 1266 tiltttfinhtttttttgt
1498 1128 1639 1265 iiiiii
1658 1115 1879 1265 rlliilthrh

1077 1255 1180 1324 Graeca,
1193 1264 1259 1312 rtem
1275 1255 1347 1328 quod
1366 1254 1494 1311 «luerint
1508 1263 1620 1314 natione
1657 1254 1873 1316 edrotmensesn

1076 1327 1201 1400 Denique
1220 1327 1255 1383 de
1268 1327 1395 1383 tustino:
1428 1325 1531 1398 «cujus
1554 1342 1655 1399 corpus
1676 1324 1828 1408 requiescit
1850 1327 1878 1394 ip

1078 1414 1176 1524 pistrina
1186 1397 1489 1528 οοοΙὲεἰαῑὴθαὲωᾶἱεῃίιω
1501 1396 1877 1526 νίτςῑίηὶῗῑῐὲοῐίρῐιὲιιιὶοᾶῃᾱῗ

1079 1486 1108 1524 nn
1145 1486 1228 1528 ne:‹
1266 1485 1340 1525 asro
1381 1486 1594 1536 ororo,·ec.
1634 1486 1710 1525 ern·
1746 1485 1865 1526 narie

219 1539 341 1610 episcopi
357 1547 384 1595 et
395 1540 751 1606 contessoris.Suessionis,
767 1541 854 1595 sancti
874 1539 1022 1596 Bandaridi
1077 1541 1245 1598 Secundclli.
1271 1543 1300 1597 ln
1315 1540 1468 1607 Britannia,
1493 1541 1592 1596 natalis
1604 1540 1692 1598 sancti
1706 1540 1881 1599 Ethelwoldi

219 1609 340 1682 episcopi
353 1613 563 1668 etconicssoris.
579 1611 714 1682 Exuperii
726 1611 818 1680 episco
841 1612 847 1664 i
863 1610 1020 1681 Bajocensis
1078 1613 1199 1685 episcopi
1216 1612 1427 1677 wintoniensis,
1443 1621 1471 1668 et
1484 1611 1658 1669 contessoris.
1673 1611 1878 1681 Marcianisde·

219 1690 246 1739 ot
261 1683 437 1761 confessoris.
463 1684 494 1739 ln
508 1681 663 1748 Britannia,
677 1627 843 1760 Etholwaldi
857 1681 977 1751 episcopi
993 1690 1020 1738 et
1034 1687 1058 1746 Β
1089 1683 1171 1740 ositro
1185 1685 1272 1741 sancti
1287 1685 1377 1741 lorrati
1392 1684 1508 1741 abbatis.
1533 1708 1543 1730 »
1566 1685 1603 1741 Be
1618 1684 1739 1753 Bavone,
1756 1684 1879 1743 Winwa·

219 1753 395 1810 contessoris.
408 1752 532 1809 Nectaris
545 1753 675 1832 episcppi.
696 1752 804 1832 Frilardr
818 1751 1016 1832 etSeoundelli
1071 1699 1142 1821 foco,
1157 1763 1185 1812 et
1196 1755 1368 1812 dedicatione
1379 1756 1474 1827 primae
1484 1755 1633 1813 ecclesiane
1651 1754 1733 1812 beato
1744 1755 1838 1825 Petro,
1848 1765 1879 1815 ut

219 1823 506 1881 obrenmunsture
516 1833 655 1893 martyris,
666 1831 762 1879 matris
771 1830 857 1879 sancti
869 1824 1016 1895 sylvestri,
1070 1842 1162 1897 supra.
1174 1828 1307 1884 Bernum:
1324 1827 1396 1883 «Die
1419 1827 1517 1899 prima,
1530 1827 1667 1899 processio
1677 1826 1878 1885 venerabilium

220 1892 248 1948 in
261 1901 372 1965 puteum
385 1894 570 1965 praecipitate.
581 1896 718 1976 Bacinotae
729 1895 855 1975 virginis.
871 1896 953 1967 Apud
966 1896 1017 1951 Ve-
1072 1897 1209 1968 lignorum
1218 1897 1739 1957 veueraudaeetvivificatricisCrucis.·
1750 1898 1878 1962 Sumitur

114 2002 120 2013 .
219 1979 315 2019 ronurn
339 1966 436 2032 ltaliae,
459 1974 561 2022 saincte
575 1966 668 2023 Marte
684 1982 809 2038 mrgmrs,
836 1976 1018 2038 cognomento
1071 1969 1448 2041 exllorologioGraecoruru,
1463 1968 1877 2043 dequouonsemelalibingiv

220 2032 426 2093 Consoletrieis.
445 2059 454 2083 ι

253 2104 364 2163 licum.
380 2123 387 2161 t
409 2107 508 2165 ¹Castro
523 2106 663 2176 corboilo,
679 2133 688 2158 ι
720 2115 786 2178 etc,
810 2116 841 2165 ut
855 2109 1016 2167 Tounscsn.

1076 2056 1147 2097 ntus.

222 2301 261 2361 tv
281 2305 351 2362 Non.
1784 2309 1835 2369 Dte
1851 2309 1875 2368 i,

254 2398 347 2456 Bootae
357 2398 385 2453 in
397 2397 535 2456 cimiterio
545 2399 662 2469 Celixti,
674 2399 777 2458 natalis
792 2400 865 2459 beati
878 2401 1011 2474 Stephani
1026 2419 1111 2476 papas,
1128 2400 1176 2475 qui
1191 2400 1382 2475 persecutione
1401 2399 1554 2471 Valeriani,
1566 2416 1629 2459 cum
1640 2400 1875 2474 insequebatur&

218 2489 323 2553 Christi
338 2491 513 2564 martyrium,
534 2500 561 2548 et
575 2500 662 2550 staret
678 2493 833 2567 intrepidus
846 2503 910 2550 ante
923 2495 1018 2550 altaris
1034 2492 1182 2562 solemnia,
1204 2508 1236 2548 ac
1248 2490 1352 2563 jugiter
1364 2498 1454 2562 coepta
1467 2488 1620 2562 perliceret,
1637 2490 1666 2545 in
1688 2488 1787 2546 eodeni
1807 2490 1875 2556 loco,

218 2579 290 2637 sicut
303 2580 332 2637 in
347 2597 397 2637 sua
411 2580 567 2645 decolletur
579 2582 654 2639 sede.
672 2583 703 2639 lu
719 2584 862 2654 provincia
877 2582 1011 2651 Bithinia,
1029 2583 1097 2640 urbe
1110 2582 1209 2651 Nicen,
1225 2592 1327 2639 sanctae
1341 2581 1493 2638 Theodoto
1510 2597 1572 2639 oum
1588 2581 1679 2639 tribus
1691 2578 1760 2637 liliis
1774 2578 1842 2649 suis,
1862 2595 1876 2634 e

218 2669 320 2741 quibus
329 2669 543 2742 primogenitum
554 2673 670 2728 nornine
682 2672 831 2741 Erosium,
844 2675 985 2731 Christum
997 2669 1163 2729 fiducialiter
1171 2669 1359 2738 confitentem,
1374 2669 1439 2727 lecit
1450 2669 1572 2743 primunt
1579 2668 1736 2733 consularis
1746 2667 1874 2739 Bithittiae

218 2760 337 2816 lustibus
350 2759 419 2829 endi
433 2758 533 2816 deinde
549 2760 639 2832 ipsam
655 2778 720 2818 cum
737 2763 868 2820 omnibus
881 2762 948 2819 filiis
963 2762 1025 2835 ique
1037 2761 1182 2818 consumi.—

985 2885 1104 2944 NOTAE.

257 2984 384 3044 Sumitur
399 2993 490 3042 textus
505 3002 538 3040 ex
554 2984 676 3054 Protea,
692 2984 841 3055 Heredem,
859 2987 1017 3055 Tornncen„
1032 2984 1263 3056 linimen-Mei,
1282 2983 1430 3054 Munerat,
1440 2984 1559 3076 'Greoen
1573 2993 1600 3042 et
1614 2982 1716 3045 hoton

833 3113 1037 3170 tautanius
1057 3111 1264 3169 LECTlONES.

255 3212 294 3269 De
321 3210 473 3269 Goerrreterio
500 3209 606 3278 Cotisti,
629 3209 696 3266 alibi
717 3209 800 3265 etiam
823 3209 1018 3276 merninirnus3
1035 3214 1056 3273 G
1073 3210 1205 3265 Putamus
1226 3208 1318 3280 itaque
1342 3206 1509 3275 Usuardum,
1533 3207 1598 3264 lioet
1612 3209 1693 3277 male,
1718 3208 1763 3267 sio
1784 3217 1876 3269 umen

218 3301 319 3358 sequor
329 3284 441 3340 intexto
453 3282 525 3356 quod
535 3282 784 3354 habetpterumque
796 3281 883 3353 major
892 3281 1018 3337 codicum
1074 3279 1226 3352 scripsisse,
1251 3286 1281 3334 nt
1293 3279 1321 3334 in
1337 3286 1415 3334 textu
1433 3279 1583 3350 posuimus.
1596 3278 1790 3352 Solusldolsn.
1805 3291 1876 3339 recte

218 3371 371 3424 numerm3
392 3356 499 3412 Pratcn.
517 3354 541 3410 le
561 3353 582 3407 it
599 3353 753 3417 decretorio,
765 3353 905 3408 tierinion.
917 3355 1019 3424 cymite-
1074 3352 1156 3408 habet
1166 3351 1293 3421 Bithynia
1307 3368 1314 3417 ;
1326 3353 1395 3406 mato
1407 3351 1542 3408 Munerat.
1555 3351 1675 3420 Bitinic;
1694 3353 1795 3426 reliqui
1806 3363 1838 3411 ut
1847 3354 1877 3410 in

218 3445 271 3493 rto,
283 3426 331 3485 sed
343 3444 398 3483 nou
408 3370 577 3498 semper-edri
589 3433 728 3481 constant.
743 3425 856 3492 Cuticti,
868 3431 909 3481 est
922 3424 950 3481 in
963 3441 1020 3480 oni·
1074 3430 1164 3491 textu,
1181 3424 1235 3479 nisi
1249 3421 1322 3496 qnod
1338 3421 1585 3478 videaturPraten.
1603 3438 1703 3494 ponere
1718 3423 1748 3480 ln
1762 3424 1821 3481 obli
1844 3442 1877 3482 uo

219 3498 311 3565 nibus,
328 3507 442 3568 excepto
459 3497 591 3553 Pratensi.
614 3497 680 3551 Cum
695 3497 885 3565 insequeretur,
911 3498 1018 3568 passive
1073 3494 1208 3552 Bithinire.
1222 3495 1289 3551 item
1305 3493 1370 3566 legit
1386 3495 1520 3561 Bnotlnm,
1536 3495 1579 3550 vel
1597 3495 1819 3565 Boodern,cum
1848 3514 1877 3554 u·

219 3569 346 3626 scribunt
359 3583 464 3623 ornnes.
489 3568 524 3622 ht
539 3566 651 3639 quidde
668 3569 719 3622 hac
734 3567 851 3638 phrasi?
875 3567 907 3622 in
931 3568 1019 3622 eodem
1074 3573 1180 3624 nerato.
1201 3566 1318 3623 Greven.
1343 3582 1453 3621 scnsmn
1483 3573 1592 3639 torquet
1618 3567 1644 3622 le
1661 3567 1735 3625 endo
1755 3568 1878 3640 primane

221 3642 286 3697 loco.
306 3639 476 3693 sicutirssno
489 3639 637 3692 decolletur
651 3641 719 3691 sede.
745 3637 804 3691 Non
822 3637 859 3691 ita
874 3638 946 3706 hdo,
972 3637 1018 3710 qni
1077 3637 1235 3694 Consularis
1244 3637 1306 3707 [ecit
1316 3638 1450 3703 Btrttntn,
1487 3638 1555 3693 niet
1572 3654 1635 3694 oum
1679 3639 1808 3695 olanoin
1823 3639 1877 3698 fine

223 3709 358 3764 nitidius:
387 3709 418 3762 in
433 3709 521 3762 eodem
536 3709 600 3773 loco,
616 3707 645 3760 in
666 3725 715 3761 run
732 3708 930 3762 dertotlooerunt
952 3711 1018 3764 sede.
1075 3708 1167 3775 habet,
1178 3708 1296 3763 corrsnmi
1303 3708 1386 3780 proecs'
1406 3708 1426 3762 it
1439 3726 1476 3767 :u
1498 3709 1739 3795 ihrttuerpeblaj.
1750 3727 1813 3766 mm
1825 3728 1879 3768 ont·

220 3775 1020 3837 Alconstructionostra'inomnibuslermecodicibusre·
1075 3780 1304 3850 nibasfitiisseis,
1347 3726 1494 3835 argentam
1505 3780 1758 3847 estinPrttensssi
1778 3785 1876 3840 srntoB.

218 3850 339 3924 peritur,
350 3849 472 3906 bocsoto
483 3848 655 3917 discrimine,
667 3848 740 3922 quod
751 3851 1019 3918 Munerat.,Greven.
1076 3852 1114 3906 De
1127 3852 1282 3934 solempnia,
1298 3796 1435 3920 solemnio,
1450 3852 1600 3921 sollennia,
1614 3853 1704 3922 Nicea,
1722 3800 1790 3922 cedi,
1807 3864 1835 3915 et
1850 3855 1879 3912 ld

219 3930 246 3978 et
255 3923 359 3979 blotan.
373 3922 465 3992 legant
475 3922 619 3999 decollatus
632 3926 670 3974 est
683 3920 751 3987 sede,
765 3928 792 3976 et
802 3920 954 3977 l'ornacen.
981 3922 1022 3979 Sic
1077 3938 1162 3995 genus
1178 3923 1251 3992 atris,
1275 3938 1331 3979 non
1346 3923 1465 3981 arbitror
1482 3940 1572 3997 opere
1588 3926 1708 3998 pret—ium
1722 3925 1805 4001 plura
1819 3942 1877 3982 no-

218 3993 248 4047 in
261 4009 311 4048 sno
331 4009 412 4059 3narn
427 3992 501 4063 quod
520 3991 662 4046 llerinten.
683 3991 764 4047 etiam
779 3991 932 4060 habeatsic,
944 3993 1022 4051 scioli
1076 4001 1144 4050 tare.
1715 3990 1718 4001 '

218 4063 289 4122 nitio
315 4064 418 4120 tactum
433 4070 516 4135 patet,
540 4076 604 4118 eum
616 4077 699 4118 crasa
713 4063 769 4120 sint
783 4063 844 4119 duae
860 4063 958 4120 littere
984 4072 1021 4120 nt.

889 4189 1196 4250 OBSERVATIONES.

254 4291 343 4350 Citata
356 4295 422 4348 sunt
434 4287 560 4360 superius
575 4303 631 4345 nou
644 4287 739 4357 semel,
754 4296 782 4345 et
797 4304 878 4359 porro
893 4287 1013 4357 citanda,
1067 4291 1170 4364 sopatro
1186 4297 1264 4362 utque
1281 4290 1408 4363 lepitimo,
1423 4299 1451 4348 et
1465 4307 1518 4363 qno
1529 4291 1703 4362 ,candidiore
1723 4309 1753 4351 so
1768 4293 1878 4350 oerioro

217 4362 290 4422 beati
306 4361 431 4434 Stephani
438 4376 516 4432 pope
525 4361 608 4427 Acta;
625 4360 774 4432 exquibus
787 4362 1012 4432 nonpaucimar-
1067 4362 1205 4418 censenda
1215 4363 1280 4431 sint;
1297 4378 1332 4419 an
1349 4364 1420 4420 lorte
1434 4381 1497 4421 curn
1509 4365 1721 4431 recentioribus,
1734 4381 1785 4440 pro
1795 4364 1878 4421 vitia·

218 4444 304 4510 tyros,
314 4443 363 4490 aut
371 4429 552 4503 conjunctim,
565 4439 612 4486 aut
623 4431 746 4500 divisim,
757 4431 815 4488 suis
825 4433 1014 4507 quinquedic·
1068 4433 1103 4490 tis
1119 4444 1147 4491 et
1159 4435 1332 4506 interpolatis
1347 4435 1497 4492 habenda?
1509 4436 1561 4493 Sed
1578 4438 1698 4511 patietur
1712 4436 1870 4494 tectordll-

213 4507 270 4566 bus
285 4506 450 4571 educuntur,
462 4519 579 4575 quorum
595 4503 736 4586 plerosque
750 4519 766 4558 a
780 4503 889 4561 hlolano
904 4507 955 4560 hac
969 4504 1013 4560 die
1067 4504 1219 4562 llcillimam
1231 4507 1495 4574 contror·ersiam,ad
1504 4509 1739 4580 propriurniocum
1749 4507 1868 4566 remitti.

218 4579 248 4635 in
263 4577 441 4633 annotatione
464 4575 594 4632 collectos
608 4591 738 4647 reperies,
762 4574 808 4648 qui
833 4592 849 4631 a
869 4577 948 4632 nobis
964 4592 1012 4647 pro
1066 4575 1166 4634 Videat
1181 4578 1317 4634 interimi
1338 4594 1377 4647 se,
1397 4576 1465 4651 quid
1480 4578 1557 4636 Actis
1572 4580 1634 4636 istis
1647 4587 1770 4653 opponat
1784 4578 1870 4637 Tille-

219 4650 295 4705 naria
309 4647 425 4704 Usuardi
444 4645 642 4725 dispositione,
661 4647 689 4700 in
707 4645 831 4726 proprias
850 4647 1013 4703 festivitates
1067 4649 1188 4705 montius
1214 4656 1288 4706 ιοιηο
1308 4594 1356 4719 IB,
1382 4666 1440 4722 pag.
1461 4649 1523 4708 592.
1549 4650 1642 4708 Notari
1667 4651 1751 4707 etiam
1780 4658 1871 4724 potest

218 4718 361 4777 distributi
369 4724 444 4773 sunt.
456 4716 624 4787 Stephanum
636 4732 725 4787 ipsunt
738 4716 783 4772 hrc
793 4715 875 4771 etlam
887 4718 1012 4773 recolunt
1026 4742 1050 4799 D
1065 4718 1157 4776 brevis
1171 4720 1299 4776 hlotherii
1315 4721 1566 4779 observatiuncula.
1585 4721 1679 4780 Nitida
1691 4721 1869 4797 Stephanum

218 4787 434 4860 hieronymiana
447 4787 612 4866 apographa,
628 4803 683 4842 non
698 4788 764 4842 satis
778 4786 908 4844 distincte
923 4788 1011 4861 digni·
1068 4799 1185 4847 exornat
1201 4791 1415 4849 Wandalbertus
1431 4809 1437 4849 :

217 4869 300 4918 tatern
309 4858 502 4930 exprimentia.
530 4857 637 4914 Clarius
649 4857 720 4913 Beda
727 4875 827 4930 popum
836 4865 859 4914 et
870 4867 1012 4931 rnnrtprern

217 4933 319 4990 diserte
329 4927 530 5003 pronuntiavit,
542 4928 649 5000 adjecto
663 4945 748 5000 parto
762 4930 861 5001 elogio,
873 4947 888 4986 a
900 4933 1010 4989 [labano

217 5008 401 5073 transumpto,
415 4999 487 5073 qunt
504 5000 630 5069 subinde,
643 5002 735 5056 nescio
751 5001 898 5072 quomodo,
912 5021 940 5058 in
953 5021 1009 5060 orn·

218 5092 266 5133 nes
281 5074 365 5131 lerrne
382 5072 548 5129 Usuardinos
563 5072 659 5152 media
674 5081 744 5129 note
766 5074 874 5130 codices
892 5075 1009 5142 transiit,
1102 5076 1253 5134 Lnrtdatum
1272 5079 1424 5135 llontanum
1446 5095 1559 5152 parvum
1580 5080 1622 5137 sic
1642 5080 1726 5137 etiarn
1743 5079 1870 5137 breviter

218 5147 246 5204 in
276 5147 328 5203 hoc
351 5144 486 5202 duntaxat
513 5160 528 5198 a
553 5151 670 5216 puritate
693 5145 859 5202 aberrantes.
889 5149 926 5202 At
948 5164 1011 5203 tero
1065 5150 1694 5224 secundamannuntiationemcomplectitur:
1719 5151 1752 5207 ln
1774 5152 1868 5220 Bithy·

217 5219 371 5277 Usuardum
384 5233 439 5273 non
453 5232 487 5272 ex
502 5215 583 5275 Beda.
597 5219 642 5271 sed
655 5232 688 5271 en
700 5218 794 5272 huone
805 5234 854 5273 sua
864 5234 1008 5290 accepisse,
1064 5220 1121 5288 nic,
1142 5222 1286 5288 Theodotus,
1306 5239 1364 5277 rnna
1379 5225 1463 5279 tribas
1478 5223 1553 5296 filiis.
1575 5224 1607 5280 ln
1634 5222 1758 5281 eamdem
1787 5223 1869 5295 plane

1162 4906 1294 4956 Nonarurn
1306 4910 1455 4971 Stephanus
1472 4919 1620 4974 martyrque
1633 4916 1661 4960 et
1676 4923 1744 4973 papa
1755 4908 1850 4961 Metu·

1160 4969 1256 5029 Quarto
1273 4973 1371 5022 lestinis
1386 4975 1476 5022 tribuit
1492 4976 1532 5036 p'm
1545 4971 1641 5035 grundio
1655 4972 1756 5025 Roma.

106 5330 119 5350 .
217 5307 253 5347 ex
266 5308 299 5347 eo
309 5291 451 5346 euidenter
462 5294 545 5360 patet,
557 5288 631 5359 quod
646 5296 672 5342 et
688 5289 807 5359 phrasim
819 5288 878 5361 ejus
891 5301 918 5346 et
931 5289 1011 5345 rerba
1065 5292 1228 5348 sententiam
1244 5293 1369 5366 loquitur
1384 5294 1454 5360 hdo,
1481 5294 1582 5367 insigni
1597 5295 1726 5352 circomio
1750 5300 1779 5350 et
1805 5309 1869 5349 ma·

217 5360 563 5418 accuratissimeimitetur.
573 5360 614 5413 hx
625 5359 747 5439 llomauo
757 5376 876 5431 parturn
885 5361 1009 5416 Adonem
1065 5370 1133 5418 trem
1158 5374 1184 5420 et
1203 5364 1276 5420 filios
1291 5380 1437 5434 exornans,
1460 5367 1533 5440 quod
1551 5367 1580 5422 in
1595 5366 1679 5434 Beda,
1699 5373 1728 5422 et
1751 5365 1868 5423 Babsuo

218 5431 331 5511 duxisse
345 5430 392 5484 nis
407 5429 521 5486 dubium
537 5437 589 5511 est,
606 5431 707 5509 ubi-sic
724 5431 831 5511 tegitur:
845 5435 942 5492 Benace.
954 5434 1009 5487 Ste-
1064 5451 1099 5490 ex
1113 5435 1206 5491 eodem
1222 5436 1354 5492 hernon
1371 5437 1447 5494 fonte
1463 5441 1602 5497 haustum.
1626 5437 1674 5495 sed
1691 5435 1865 5495 contractius

215 5503 384 5573 phcnrpupoe
394 5507 418 5555 et
427 5509 565 5572 martyras.
579 5503 697 5572 borrgror
711 5501 816 5557 Adonis
829 5503 917 5563 oratio
930 5507 1009 5560 heto-
1064 5514 1115 5572 est,
1127 5507 1179 5563 uisi
1191 5509 1280 5576 malis,
1290 5508 1390 5564 Radani
1402 5511 1575 5583 atiquatenus
1588 5509 1679 5567 aldoni
1692 5508 1867 5582 pratuxissn

217 5571 488 5657 ruurcprnpendium
508 5571 613 5652 eerrseri
629 5582 726 5644 potest,
753 5590 807 5646 qua
833 5574 1009 5655 potissimum
1064 5578 1121 5634 Hoc
1136 5587 1209 5635 ocrte
1226 5595 1281 5636 non
1295 5580 1411 5638 obscure
1425 5581 1577 5653 cottqitnr,
1603 5580 1760 5643 Usuardum
1787 5578 1869 5636 Beda

210 5643 467 5726 ²partebtephanum
480 5659 588 5715 proprie
599 5651 732 5717 spectant.
749 5650 888 5726 Quaeritur
896 5661 931 5700 an
941 5648 1010 5702 Acta
1063 5649 1165 5722 potius,
1189 5667 1271 5724 quarn
1289 5651 1393 5711 Adonis
1417 5652 1508 5710 verbis
1522 5653 1668 5720 inherere,
1695 5650 1811 5711 resectis
1833 5648 1871 5706 iis

217 5729 278 5788 apsa
289 5720 448 5771 summatim
462 5724 581 5785 accepta,
598 5731 661 5771 cuni
676 5715 839 5798 Baronrouin
854 5717 1009 5774 Annalibus
1064 5735 1124 5793 quae
1139 5720 1173 5777 dc
1188 5730 1308 5795 tyranno
1328 5723 1501 5781 Diocletiano
1519 5733 1547 5781 et
1561 5723 1701 5783 bertcadio
1713 5721 1819 5782 comite
1834 5718 1870 5778 ab

217 5786 252 5844 ed
273 5799 377 5841 annum
402 5799 491 5850 cmix,
516 5799 594 5839 num.
620 5785 665 5853 20,
695 5787 859 5857 fidelnsnno,
882 5805 1009 5860 pennoso
1063 5800 1181 5865 utroque
1196 5801 1352 5851 narrantur.
1363 5794 1415 5851 Sed
1430 5811 1484 5868 qua
1498 5796 1605 5852 ratione
1619 5795 1679 5852 haec
1696 5794 1794 5851 omnis
1804 5808 1869 5851 cum
