3834 6136
60 244 132 304 ltus

592 237 640 302 DE
659 237 745 302 Vlla
764 243 793 300 S.
813 235 984 304 GERMANI.
1002 276 1036 290 -
1055 246 1123 305 titt.
1144 242 1180 307 V.

1648 254 1717 312 ldOO

59 399 241 473 squalentem
257 406 284 456 et
298 401 421 457 tremulo
432 406 601 458 marcentem
615 416 728 475 corpore
741 401 853 459 demum
868 400 977 471 AOuid
996 408 1105 460 tontum
1118 403 1213 460 miseri
1227 402 1260 460 de
1280 411 1308 460 te
1322 406 1456 463 meruisse
1471 409 1622 479 putamur?

58 487 197 562 Supposta
208 488 315 545 cervice
329 489 413 559 subit,
430 488 587 563 mediasque
602 504 650 561 per
664 490 751 547 undas

58 579 173 648 Evenit,
188 587 216 636 et
229 586 290 635 tuto
300 578 446 651 trajectum
457 580 550 636 littore
563 580 653 652 ponit.

96 668 158 726 133.
178 669 253 725 luter
267 667 341 725 dicta
354 668 427 726 feror
442 669 549 727 medius
563 668 733 744 dicendaque
743 677 837 728 rates:

59 759 125 815 Haec
138 764 289 825 revocaut3
306 765 348 814 ast
362 758 411 814 illa
425 766 544 817 vocmrt:
561 758 676 816 debetur
688 759 821 834 utrisque.

59 847 112 904 llic
136 862 245 905 mecum
278 846 395 905 subsiste
421 856 524 918 tamen,
547 865 710 923 quocunqne
732 850 855 907 locorum

58 937 223 1011 Digredior:
238 937 380 1011 stupidum
396 942 545 1012 percellent
560 941 677 1012 plurima
690 957 811 1001 sensum.

58 1028 160 1086 Omnia
173 1029 243 1085 mira
255 1046 262 1096 ;
277 1031 358 1086 novis
372 1040 516 1104 emergunt
529 1040 628 1088 cuncta
643 1030 737 1105 liguris
751 1049 759 1100 ;
816 1032 820 1039 '

58 1119 97 1176 At
113 1135 169 1175 nou
183 1134 212 1176 se
226 1117 343 1191 speciem
360 1120 430 1176 ratio
443 1120 542 1177 defixit
556 1120 585 1177 in
600 1121 701 1177 ullam:

59 1207 184 1265 Pressius
198 1208 327 1265 obruitur
340 1225 432 1266 rerum
447 1207 499 1265 sub
513 1209 633 1282 pondere
652 1217 765 1283 pectus,

58 1298 158 1355 Pectus
174 1297 281 1355 libratis
296 1298 442 1371 impellunt
452 1299 561 1371 singula
574 1299 677 1357 verbis.

59 1386 213 1444 Germanus
227 1387 358 1443 miserum
375 1388 448 1445 collo
462 1394 537 1444 trans
551 1402 662 1460 aequora
674 1390 761 1446 vexit.

58 1476 213 1534 Germanus
227 1476 369 1534 miserum.
385 1477 431 1534 Sic
444 1483 472 1534 te
486 1494 603 1551 persona
616 1476 730 1550 latigat;

58 1565 185 1638 lnolytus
204 1573 231 1622 et
245 1566 316 1622 nulli
330 1566 437 1638 generis
451 1565 596 1639 splendore
610 1567 758 1637 secundus,

57 1655 195 1728 Dignatur
207 1656 331 1714 humeris
348 1657 478 1714 miserum
493 1658 637 1716 sustollere
652 1659 777 1732 pulchris
786 1677 793 1727 ;

56 1744 138 1814 Quod
152 1763 210 1805 non
221 1747 284 1821 quis
297 1747 397 1805 iaceret
411 1748 500 1805 nostri
515 1750 560 1805 vel
574 1748 688 1805 infimus
702 1748 766 1805 evi.

58 1839 158 1908 Quaere
173 1841 287 1913 gradum
304 1858 310 1896 :
327 1846 387 1898 toto
402 1841 501 1914 presul
516 1842 677 1899 notissimus
690 1840 765 1911 orbe,

57 1931 110 1999 Da,
125 1931 172 2004 qui
187 1947 215 1988 se
232 1937 339 1987 tantum
354 1930 433 1989 malit
449 1930 610 1987 submittere
624 1931 734 2003 praesul.

18 2055 29 2063 -
58 2020 180 2077 AEtatem
191 2020 410 2093 poscislSenior
422 2020 575 2093 plenusque
583 2019 711 2077 dierum:

56 2107 182 2167 Oblitum
195 2109 299 2181 proprii
313 2125 369 2165 non
384 2108 502 2164 mendax
512 2107 617 2166 dixeris
636 2110 698 2166 aevi.

55 2196 167 2265 Quanta
181 2196 321 2266 valetudo,
337 2197 411 2269 quod
425 2198 519 2264 robur,
533 2214 654 2271 querere
669 2199 784 2273 pergis?

56 2287 216 2362 Squalidus,
232 2296 335 2345 aterno
346 2287 436 2361 jejuni
451 2289 553 2346 loedere
570 2288 670 2359 siccus,

58 2377 173 2437 Viscera
187 2379 232 2436 cui
247 2378 358 2447 macies,
375 2377 464 2450 pallor
478 2377 632 2435 coniecerat
645 2395 702 2448 ora,

57 2468 163 2541 Aspera
178 2477 239 2539 post
253 2476 357 2541 septem
372 2467 532 2525 recreabant
551 2467 654 2524 hordea
666 2469 748 2538 soles,

57 2559 171 2616 Deiesso
185 2574 299 2631 pausam
313 2559 422 2614 telluris
438 2565 513 2632 terga
530 2558 664 2628 terebant,

58 2649 115 2707 Vix
129 2655 214 2717 artus,
230 2647 280 2704 rix
294 2647 342 2704 ille
356 2647 455 2717 ferens,
474 2648 524 2704 rix
539 2648 647 2704 ossibus
661 2647 778 2718 herens,

58 2737 186 2810 Concipit
200 2737 339 2811 ingentem
353 2737 464 2810 pietatis
474 2745 584 2811 pectore
598 2738 747 2807 flammam,

59 2828 182 2887 Pondere
197 2845 253 2886 non
267 2829 378 2898 fractus,
396 2831 509 2904 relugus
520 2845 575 2887 non
589 2830 669 2904 plane
682 2831 789 2904 pericli,

58 2918 287 2993 Exhaustumque
303 2936 405 2989 senem,
418 2921 495 2977 senio
509 2920 651 2978 coniectus
666 2928 693 2977 et
707 2920 775 2993 ipse,

57 3010 141 3068 Fasce
158 3009 234 3083 prius
249 3011 344 3080 misso,
356 3011 483 3067 tremulis
495 3011 650 3068 transvexit
663 3010 692 3066 iu
708 3009 792 3068 uluis.

57 3099 172 3171 Magnus
186 3100 215 3155 in
227 3100 346 3157 aethereo
357 3101 455 3158 merito
470 3098 605 3172 reputaris
617 3099 747 3172 Olympo,

58 3189 155 3247 iuncte
169 3192 226 3247 Deo
240 3192 349 3263 praesul,
366 3190 411 3248 cui
430 3197 472 3247 tot
487 3189 646 3246 holocausta
659 3189 768 3262 piorum

59 3279 225 3339 Concessum
240 3289 282 3338 est
295 3296 409 3352 operum
424 3280 489 3352 Regi
503 3288 623 3338 mactare
644 3278 783 3351 polorum.

94 3375 155 3434 ltt.
176 3377 312 3434 Ulteriora
327 3385 421 3450 petens
439 3379 542 3432 claram
563 3375 686 3431 delectur
699 3373 730 3430 in
744 3373 854 3444 urbem,

57 3463 147 3532 Onam
159 3465 346 3523 Mediolanum
358 3464 447 3518 fertur
460 3462 565 3518 dixisse
580 3469 711 3519 vetustas.

56 3551 141 3610 Fama
155 3554 221 3610 serit
237 3554 405 3624 (quanquam
415 3550 494 3606 lamas
509 3564 565 3606 non
578 3550 701 3610 creditur
710 3552 800 3626 omni)

55 3642 201 3711 Quondam
218 3638 358 3695 intestinis
371 3639 487 3713 dagans
501 3639 575 3713 quod
588 3640 678 3698 Gallia
692 3641 773 3700 bellis

50 3729 205 3804 Expulerit
219 3728 344 3801 proprios
365 3728 486 3786 violento
499 3729 586 3787 Marte
608 3735 722 3791 colonos

54 3821 202 3879 Sedibnse
220 3820 348 3894 propriis,
364 3820 444 3878 Latio
456 3822 504 3896 qui
524 3822 594 3880 forte
612 3826 711 3895 coacti,

54 3914 133 3971 llanc
151 3919 350 3969 exstruxerunt
368 3911 477 3968 collatis
488 3911 607 3984 stipibus
620 3913 736 3982 urbem;

56 4003 186 4062 Dicentes
202 4001 303 4071 Medio,
322 4000 389 4059 lacti
402 4000 436 4058 de
455 4000 578 4069 nomine,
593 4000 711 4070 Lanum,

54 4091 146 4162 Quod,
158 4109 221 4150 cum
236 4093 325 4166 prima
337 4091 418 4149 novis
430 4097 568 4148 struerent
579 4089 742 4148 fundamina
755 4091 852 4162 muris,

56 4185 147 4243 Lanm
161 4201 208 4244 sus
226 4185 317 4243 media
329 4184 490 4259 perhibetur
504 4193 581 4258 parte
594 4191 701 4258 reperta
714 4211 735 4241 ·.

56 4277 118 4333 lluc
129 4275 231 4334 Praesul
247 4275 372 4345 veniens,
391 4291 471 4332 auras
497 4274 602 4333 vitabat
620 4276 724 4344 inanes,

57 4366 186 4424 Obnixus
202 4363 291 4423 solitis
307 4380 364 4422 sese
383 4365 475 4421 velare
489 4363 601 4422 latebris
615 4382 622 4432 ;

55 4455 173 4514 Delituit
192 4472 247 4513 non
263 4454 310 4512 ille
323 4462 425 4524 tamen,
437 4453 503 4528 quin
520 4453 647 4526 protinus
661 4451 737 4508 omui

55 4544 125 4613 Quis
144 4556 296 4619 quantusve
320 4545 401 4613 foret,
423 4544 530 4619 liquido
542 4544 702 4600 claresceret
717 4539 790 4597 urbi.
810 4547 814 4555 '

96 4635 156 4692 l35.
177 4635 314 4693 Solemnis
328 4643 387 4693 tum
404 4635 476 4692 iorte
490 4634 549 4693 dies
559 4637 734 4691 contraxerat
750 4630 818 4689 illue

56 4725 154 4784 Plures
168 4727 342 4799 pontificum,
358 4741 518 4798 sacramque
532 4731 665 4797 geruntur
680 4720 715 4780 ud
729 4737 804 4778 aram

55 4815 164 4887 Divini,
179 4817 240 4891 quis
255 4817 428 4875 Christicolae
443 4823 615 4888 vegetantur,
629 4812 758 4870 bonores.

56 4906 215 4981 Ingreditur
226 4907 361 4980 placidam
375 4907 474 4980 praesnl
489 4906 641 4963 Germanus
657 4904 686 4961 in
703 4903 794 4961 aulam

58 4997 183 5068 Ignotus,
199 4995 315 5054 humilis
330 4995 442 5067 abjectae
461 4995 580 5067 tegmine
603 4993 699 5051 vestis.

56 5083 206 5157 Extemplo
219 5084 341 5158 quidam,
359 5100 434 5141 nexu
446 5099 526 5157 quem
542 5081 671 5138 vinxerat
684 5080 773 5139 hostis

55 5175 226 5246 Damonico,
243 5193 343 5235 vacuas
356 5175 453 5250 implet
465 5172 633 5233 clamoribus
646 5188 726 5230 auras
740 5189 746 5228 :

57 5264 115 5325 Cur
128 5283 178 5324 uos
190 5266 294 5327 Italicis
307 5282 398 5340 urges,
413 5265 559 5335 Germane,
572 5261 623 5321 sub
640 5260 721 5318 crisi

91 5432 103 5461 ¹
118 5420 159 5478 De
173 5419 225 5478 hac
235 5419 341 5492 origiue
355 5418 478 5476 nominis
488 5414 632 5476 Mediolani
644 5411 756 5472 consule
768 5411 854 5470 Lean·

910 494 970 552 Heu
984 493 1093 552 feritasl
1111 496 1171 552 Heu
1192 497 1314 555 crudelis
1328 498 1463 555 violentia
1477 500 1587 555 reruml

910 582 966 641 Nec
978 585 1073 657 pelago
1092 585 1168 641 locus
1185 594 1235 653 est,
1251 587 1318 658 ipsis
1333 587 1510 645 excludimur
1522 588 1607 644 arvis.
1668 627 1674 641 .

910 673 1002 746 Nuper
1016 666 1158 730 Gallorum
1176 674 1249 746 pulsi
1263 676 1450 733 concessimus
1461 676 1538 745 oris;

909 760 1030 817 Praebuit
1045 762 1170 818 Oceanus
1181 762 1270 834 pelagi
1287 763 1361 818 inter
1375 773 1452 821 vasta
1467 765 1600 821 latebram
1615 782 1622 822 :

911 851 982 908 Hinc
996 867 1105 926 quoque
1114 853 1241 910 detrusos
1253 852 1390 925 precibus,
1403 855 1548 925 Germane,
1563 856 1678 928 fugasti.
1784 862 1796 877 ‘

910 938 1010 997 Omnia
1024 941 1090 1014 quid
1110 942 1261 1014 penetras?
1278 942 1360 1000 Orbis
1375 943 1443 1016 quid
1458 942 1542 1000 devia
1557 944 1679 1001 lustras?

911 1029 1022 1098 Desine,
1038 1038 1064 1086 et
1079 1037 1201 1103 optatam
1216 1029 1296 1087 fessis
1311 1032 1439 1103 permitte
1454 1033 1587 1104 quietem.

911 1117 1084 1191 Obstupuere
1097 1117 1198 1174 animis
1211 1136 1217 1185 ;
1241 1134 1378 1190 exangues
1393 1119 1518 1191 implicat
1533 1130 1609 1179 artus

912 1205 1067 1279 Conceptus
1081 1206 1133 1264 hac
1147 1224 1215 1264 voce
1230 1215 1351 1264 tremor:
1368 1208 1400 1264 lit
1418 1210 1533 1281 quaestio
1548 1212 1662 1283 passim,

911 1290 979 1361 Quis
993 1295 1146 1352 Germanus
1164 1304 1234 1363 erat,
1250 1313 1331 1369 quom
1346 1314 1402 1353 vox
1415 1299 1510 1356 andita
1524 1300 1643 1373 petebat.

948 1387 1010 1446 136.
1034 1388 1198 1461 Compertus
1223 1391 1335 1448 tandem
1361 1401 1402 1449 est
1424 1394 1548 1465 praeclari
1577 1393 1715 1452 schemate

1537 1472 1659 1557 [vultus;

911 1569 1016 1629 Caetera
1029 1571 1168 1645 plebeium
1182 1573 1307 1632 referunt
1320 1576 1440 1648 insignia
1454 1575 1570 1633 cultum.

911 1659 1070 1730 Consultus,
1086 1677 1143 1719 non
1158 1679 1223 1720 sane
1241 1664 1366 1736 gradum,
1382 1681 1437 1721 non
1457 1665 1505 1721 illo
1520 1666 1641 1738 negavit.

872 1769 895 1829 B
910 1750 1018 1810 Cernna
1032 1753 1195 1827 pontificum
1215 1766 1361 1814 veneratur
1375 1757 1471 1815 concio
1487 1765 1632 1826 sanctunr;

912 1841 1019 1899 Viseret
1033 1850 1119 1916 utque
1134 1846 1176 1901 sui
1194 1846 1308 1904 latorem
1324 1849 1336 1884 ¹³
1351 1847 1484 1916 nominis,
1500 1863 1606 1917 omnes,

911 1928 1025 1989 Collatis
1039 1932 1178 2004 precibus,
1195 1937 1267 1993 votis
1281 1939 1476 1995 communibus
1491 1939 1606 2008 instant,

911 2018 1065 2076 Parendum
1081 2023 1183 2079 sanctis
1202 2027 1300 2095 praesul
1321 2042 1370 2098 pro
1389 2034 1512 2100 tempore
1527 2027 1642 2093 ducens,

910 2107 1035 2166 Secretos
1050 2110 1147 2180 subiit,
1167 2112 1268 2171 misero
1284 2114 1445 2186 comitante,
1464 2131 1598 2184 recessus,

911 2198 1057 2272 Conceplis
1075 2215 1132 2256 nou
1147 2203 1234 2258 multa
1253 2202 1307 2258 luit
1326 2203 1426 2260 dilatio
1440 2206 1535 2263 votis:

910 2287 1027 2357 Prodiit,
1041 2297 1069 2346 et
1083 2289 1156 2346 ioeda
1170 2298 1318 2364 purgatum
1333 2300 1408 2364 peste
1424 2293 1569 2366 reducens,

910 2379 1080 2436 Incolumem
1097 2381 1207 2452 populis
1222 2380 1336 2452 pulchra
1359 2384 1463 2441 virtute
1476 2386 1604 2446 reforma.

911 2470 969 2528 lloc
982 2471 1071 2541 Pater,
1087 2470 1140 2529 hoc
1158 2472 1280 2545 primum
1295 2472 1380 2530 Latiis
1394 2475 1516 2533 innotuit
1531 2478 1605 2536 arvis

910 2561 1053 2636 Auspicio.
1067 2562 1133 2619 Mox
1147 2560 1264 2620 dirersis
1279 2580 1293 2620 e
1307 2564 1432 2635 partibus
1446 2583 1543 2624 omnes

911 2653 1088 2711 Concurrunt
1104 2653 1211 2725 populi,
1229 2653 1451 2730 pervulgataeque
1465 2657 1641 2730 frequentant

909 2743 1011 2802 Munus
1028 2742 1099 2814 opis.
1121 2742 1190 2798 Tum
1204 2743 1340 2800 consertis
1354 2744 1388 2801 ad
1410 2745 1537 2817 dogmata
1555 2748 1641 2821 signis
1655 2764 1677 2818 r,

911 2832 957 2891 Sic
971 2832 1078 2905 probris
1092 2832 1207 2900 animas,
1224 2832 1263 2889 sic
1278 2850 1393 2906 corpora
1407 2835 1485 2890 clade
1501 2837 1619 2895 levabat.

949 2920 1010 2977 let.
1031 2919 1105 2975 Exin
1121 2920 1261 2977 multiflua
1276 2922 1375 2994 praesul
1391 2921 1529 2993 digressus
1543 2923 1577 2980 ab
1591 2921 1660 2982 urbe

910 3008 1073 3082 Susceptum
1087 3009 1311 3084 provehebatiter
1333 3010 1462 3066 felicibus
1477 3013 1554 3068 oris:

872 3134 897 3198 C
912 3100 1040 3157 Occurrit
1055 3100 1180 3156 mendica
1192 3117 1300 3168 manus,
1315 3100 1470 3173 stipemque
1483 3099 1601 3172 petebat,

911 3190 997 3246 Docta
1009 3197 1037 3245 et
1049 3188 1190 3246 sufficiens
1203 3189 1293 3246 aliena
1307 3189 1403 3246 rivere
1416 3189 1531 3264 quadra.

910 3277 1036 3336 Consulit
1052 3276 1167 3334 antistes
1181 3286 1308 3350 sumptus
1321 3279 1427 3337 ratione
1442 3280 1455 3316 ⁶
1468 3279 1639 3338 ministrum.

911 3366 1044 3426 Conscius
1056 3369 1104 3425 ille
1117 3368 1181 3437 sibi,
1196 3376 1307 3425 ternum
1322 3385 1462 3441 superesse
1484 3368 1629 3438 nomisma,

910 3457 1038 3532 Amplius
1061 3457 1135 3516 haud
1164 3458 1314 3533 quidquam
1346 3467 1472 3532 sumptus
1505 3459 1657 3532 respondit,
1680 3459 1710 3518 in

1538 3545 1657 3623 [omnes.

910 3639 975 3696 llox
986 3639 1066 3713 jubet
1077 3640 1200 3714 indiguis
1212 3640 1305 3715 largiri
1315 3649 1416 3698 cuncta
1428 3640 1556 3699 misellis.

910 3729 1133 3788 Victuroshodie
1147 3732 1293 3802 necunde,
1310 3732 1443 3790 diaconus
1461 3733 1564 3808 inquit,

910 3818 1018 3891 Sancte,
1036 3822 1140 3894 putas?
1153 3821 1215 3879 Non
1229 3823 1269 3879 las
1286 3821 1397 3881 Christo
1411 3821 1547 3894 diffidere,
1562 3823 1654 3894 dixit,

910 3907 1003 3967 Parcet
1017 3920 1045 3968 at
1061 3913 1108 3969 ille
1122 3930 1185 3970 suos
1201 3912 1254 3985 (nil
1272 3929 1346 3970 nunc
1359 3915 1516 3987 vereamur)
1536 3928 1654 3987 egenos:

909 3998 950 4055 'lu
969 4001 1061 4070 modo,
1077 4004 1152 4075 quod
1165 4006 1238 4076 potis
1254 4011 1304 4073 est,
1320 4004 1417 4078 inopes
1430 4021 1526 4063 curare
1540 4012 1691 4066 memento.

908 4088 1027 4165 Venturi
1040 4099 1146 4159 cautus,
1165 4107 1321 4164 quanquam
1338 4110 1396 4151 non
1409 4094 1483 4165 jure,
1499 4097 1637 4167 minister,

908 4179 1089 4253 Largiturque
1099 4180 1179 4249 duos,
1195 4197 1337 4255 unumque
1351 4184 1381 4237 iu
1395 4191 1504 4254 postera
1517 4195 1618 4243 servat.

907 4270 968 4326 Non
982 4269 1052 4325 lucri
1072 4276 1190 4338 tantum,
1207 4269 1313 4339 damni,
1329 4270 1374 4326 vir
1395 4270 1521 4342 provide,
1538 4280 1672 4344 qnantum

907 4360 965 4416 llac
979 4357 1040 4416 vice
1054 4357 1192 4430 struxisti,
1206 4367 1332 4418 temnens
1345 4366 1480 4432 praecepta
1493 4359 1615 4431 Magistri
1628 4377 1635 4428 ;

907 4448 1095 4521 Lucratusque
1110 4464 1217 4521 parurn,
1238 4447 1365 4505 meruisti
1379 4448 1491 4521 perdere
1505 4449 1634 4508 multum.

907 4539 952 4596 Sic
967 4537 1091 4595 vindicta
1106 4553 1219 4610 sequax,
1235 4537 1274 4595 sic
1286 4543 1382 4593 votum
1395 4536 1461 4592 lusit
1474 4553 1598 4594 avarum.
1639 4554 1645 4559 ·

946 4627 1007 4685 138.
1019 4629 1145 4700 Dumque
1153 4626 1378 4700 iterexpediuut;
1387 4626 1482 4699 rapido
1490 4626 1704 4697 ferrorecitatis,

908 4718 991 4786 Ecce,
1006 4717 1060 4775 viri
1075 4724 1226 4775 cernuntur
1240 4716 1317 4789 equis
1328 4726 1389 4790 post
1402 4723 1477 4790 terga
1492 4723 1650 4775 meantum:

908 4807 1051 4865 Desiluere
1064 4806 1162 4877 brevi;
1179 4807 1334 4880 sanctisque
1348 4806 1378 4862 in
1399 4809 1512 4879 pulvere
1526 4806 1582 4865 lusi

909 4896 1097 4956 Procumbunt
1110 4897 1244 4971 pedibus;
1262 4904 1320 4954 tum
1336 4894 1376 4954 sic
1391 4896 1421 4953 in
1436 4895 1520 4954 verba
1534 4896 1675 4954 feruntur:

909 4988 989 5046 Haud
1001 4991 1097 5063 procul
1113 4989 1179 5046 hinc
1193 4987 1338 5045 dominum
1352 4994 1478 5062 spectatae
1495 4986 1659 5056 nobilitatis,

909 5079 1039 5136 Fortuna
1051 5077 1178 5148 celebris,
1193 5078 1315 5151 praecelsi
1328 5076 1409 5149 juris,
1426 5075 1559 5133 habemus
1573 5093 1580 5143 ;

909 5172 996 5241 Quem
1010 5174 1091 5232 sevis
1111 5183 1190 5248 urget
1200 5170 1309 5246 jactura
1322 5172 1472 5233 domestica
1484 5172 1583 5232 nodis:

909 5266 979 5326 Cum
993 5266 1116 5337 famulis,
1131 5266 1262 5341 omnique
1276 5266 1360 5324 domo
1375 5265 1543 5338 (miserabile
1557 5264 1634 5323 dictu
1645 5263 1676 5336 l)

943 5430 954 5459 ⁸
971 5418 1104 5476 Consertie
1116 5418 1152 5474 od
1163 5418 1287 5490 mamete
1298 5417 1390 5491 signis,
1405 5417 1492 5485 idest,
1504 5415 1641 5490 adjunctis
1650 5415 1706 5478 do-

57 5492 139 5549 drum
157 5492 313 5560 albertum,
328 5491 376 5548 ubi
392 5491 425 5548 de
439 5490 490 5548 hac
504 5489 572 5546 urbe
588 5482 855 5562 agitinLombardia
907 5490 1003 5549 ctrina
1017 5489 1168 5547 miraculis.

57 5561 144 5621 Trans
165 5564 252 5621 adana
268 5579 364 5621 versus
379 5563 510 5621 medium.

91 5654 104 5689 i
126 5580 163 5693 lg
175 5642 222 5707 est,
238 5636 359 5699 indicem
377 5651 585 5710 mogunciam.

943 5575 956 5611 r
970 5561 1072 5619 Prode
1085 5561 1201 5618 ratione.
