3834 6136
222 217 273 274 ou
730 167 1389 267 inurunturrnomscuusrsuomcur
1820 189 1870 248 ase

218 365 327 433 choata,
343 362 396 420 nisi
410 361 508 435 llugo·
523 361 713 419 nobilissimus
724 359 809 418 abbas
821 367 931 417 strenue
944 375 1015 417 rem·
1028 362 1054 423 Α
1068 356 1192 433 praedari,
1213 352 1269 412 nisi
1286 351 1337 410 Dei
1355 351 1539 408 liberarentur
1551 345 1656 447 virtuts
1675 340 1812 399 mirabili.
1825 341 1870 402 lte-

219 457 357 532 publicam
378 455 544 529 gubernans,
559 469 622 510 cum
637 451 731 520 armis,
749 458 807 509 tum
822 452 947 509 consiliis
960 451 1018 508 suis
1072 449 1155 521 nique
1168 446 1222 502 hoc
1232 448 1373 515 comperto
1387 439 1511 496 animum
1527 437 1557 494 in
1570 435 1685 536 diversa
1696 430 1867 534 protrahens,

219 555 246 604 et
261 547 365 604 virtute
381 544 440 618 ejus
455 543 611 600 barbaricos
625 550 740 599 conatus
755 542 939 616 reprimendo,
963 556 1018 596 ma·
1072 534 1219 609 utpotecui
1229 526 1868 624 militumparvnsadmodnmrmprarsentrann

219 639 324 693 xlmam
351 651 386 691 ex
407 634 447 690 eis
470 648 583 689 manum
605 631 774 705 peremisset.
800 629 878 698 Quod
900 629 1019 703 qualiter
1072 629 1165 685 aderat
1179 638 1320 691 numerus,
1335 618 1443 676 anxiari
1455 633 1537 689 super
1547 614 1601 672 hoc
1610 609 1784 713 multimode
1792 619 1869 685 cupit

220 724 304 797 hujus
318 740 366 796 per
383 721 512 777 uirtutem
528 719 613 794 patris
627 718 770 776 Benedicti
785 724 911 791 potenter
924 714 1019 770 eilece·
1072 723 1100 774 et
1113 713 1223 782 tardere,
1238 712 1357 785 qualiter
1370 706 1570 766 occurrendum
1587 705 1660 763 loret
1680 709 1761 760 rutra
1773 710 1870 760 murm-

221 815 268 883 rit,
285 813 378 888 paucis
393 812 596 884 subjiciendum
611 826 762 868 censemus.
783 811 871 883 igitur
884 818 1018 883 pertrans·
1073 810 1163 881 ipsum
1178 805 1417 863 revoiveustautae
1431 796 1616 856 multitudini.
1627 793 1870 893 Tandembcrtatna

220 904 279 960 iens
294 904 337 975 (ut
347 902 483 972 diximus)
499 903 577 957 nullo
591 900 741 957 obsistente
754 900 936 972 plurimarum
951 914 1020 971 por·
1073 895 1199 955 Girboldi
1213 890 1381 951 nobilissimi
1395 885 1683 946 Autissiodorensium
1692 890 1870 940 cominatur·

220 1002 264 1050 tus
288 993 444 1060 civitatum,
470 989 627 1048 Aurelianis
649 990 772 1058 devenit,
798 989 915 1063 indeque
937 989 1020 1044 altius
1074 1003 1148 1043 mum
1168 981 1365 1056 congrediendi
1383 980 1488 1037 bellum
1507 972 1660 1046 assumpsit
1669 973 1693 1040 l,
1718 985 1871 1073 Quemne

222 1098 342 1154 gressum
370 1078 547 1153 protendens,
576 1078 610 1135 ad
639 1076 835 1135 monasterium
862 1077 1019 1135 Florianum
1074 1077 1151 1132 nulla
1164 1089 1285 1146 unquam
1300 1087 1410 1145 passum
1424 1065 1586 1125 discrimina
1599 1063 1670 1131 iore,
1683 1077 1736 1162 qur
1751 1059 1871 1119 illisne

220 1169 326 1227 cladem
349 1169 490 1226 indictura
510 1166 637 1225 accedere
660 1164 813 1224 contendit.
839 1168 924 1224 Porro
948 1167 1020 1224 lama
1074 1164 1142 1222 dieti
1161 1162 1250 1218 Patria
1267 1158 1409 1217 servitutis
1427 1155 1515 1230 gratia
1542 1153 1758 1210 adversantium
1775 1165 1874 1251 agmins

220 1260 351 1331 vulgante
382 1258 455 1314 istud
481 1257 646 1331 jampridem
677 1257 777 1314 iratres
805 1263 1018 1331 compererant,
1075 1270 1132 1312 sese
1143 1250 1333 1309 immiscuerit.
1358 1246 1504 1305 Roboratis
1522 1260 1587 1317 ergo
1606 1241 1660 1300 hac
1681 1239 1874 1340 exhortatione

220 1357 432 1421 competensque
456 1347 496 1403 eis
518 1347 611 1403 visum
633 1355 673 1403 est
696 1355 728 1403 nt
748 1349 808 1402 loco
831 1346 968 1415 cederent,
993 1353 1021 1401 et
1075 1341 1186 1410 animis,
1213 1339 1309 1397 contisi
1329 1337 1435 1393 meritis
1464 1341 1492 1391 et
1511 1332 1620 1390 anxilio
1648 1329 1873 1388 excellentissim

222 1438 349 1510 praesidio
360 1437 575 1510 opportnntiatis
590 1437 748 1494 necessaria
763 1453 791 1493 se
805 1435 1019 1493 communirent.
1075 1431 1173 1495 Patris,
1191 1426 1263 1484 haud
1278 1425 1372 1500 procul
1387 1441 1403 1480 a
1417 1421 1584 1520 monasterio
1598 1419 1695 1521 hestes
1710 1431 1875 1517 proseqens:

220 1527 339 1584 Proinde
354 1526 527 1583 diversorum
544 1525 736 1583 vehiculorum
756 1526 888 1598 plaustris
909 1523 1019 1598 aptatis,
1074 1528 1122 1577 tor
1139 1536 1155 1575 a
1173 1527 1268 1590 tergo:
1299 1522 1479 1585 consertoque
1498 1511 1565 1567 iortr
1592 1513 1779 1609 animositate
1803 1519 1875 1606 grau

221 1631 334 1689 quaeqne
349 1615 468 1688 pretiosa
482 1615 511 1670 iu
534 1615 573 1671 eis
595 1622 801 1688 componentes,
823 1632 885 1672 cnm
906 1613 1021 1686 supelle
1075 1610 1181 1683 prelio,
1197 1616 1274 1666 tanta
1292 1601 1516 1679 depopulationis
1533 1609 1668 1672 stragem
1686 1612 1736 1654 ecs
1754 1593 1875 1698 bacchar

221 1704 281 1759 ctili
305 1704 411 1777 reliqua
431 1705 465 1761 ad
484 1704 618 1778 predium
642 1705 852 1761 llatriniaceuse
871 1704 1021 1761 decernunt
1036 1725 1059 1783 Β
1075 1711 1151 1773 sunt,
1167 1711 1198 1759 ut
1211 1719 1246 1759 ex
1259 1708 1334 1757 tanta
1350 1696 1443 1770 populi
1459 1692 1662 1751 numerositate
1671 1689 1729 1790 vin
1735 1687 1822 1744 luent
1831 1685 1875 1742 alr·

220 1793 406 1849 contendere:
423 1793 631 1866 quatenusillic
652 1809 763 1867 quoquo
784 1792 867 1850 modo
889 1799 950 1849 tuta
969 1807 1021 1847 aua
1077 1793 1139 1868 quis
1152 1791 1199 1866 qni
1215 1790 1280 1847 belli
1308 1794 1436 1845 eventum
1461 1783 1604 1841 intimaret
1621 1787 1755 1854 posteris.
1776 1776 1876 1834 Patrata

221 1881 316 1936 omnia
330 1888 441 1953 possent
456 1897 525 1937 esse.
540 1881 591 1937 Ast
604 1881 697 1938 eadem
716 1881 821 1955 perlida
834 1881 910 1938 natio
927 1896 1019 1936 mona·
1077 1889 1168 1959 itaque
1182 1883 1357 1943 desiderabili
1374 1879 1501 1948 victoria,
1517 1875 1585 1934 belli
1605 1875 1667 1933 dux
1687 1890 1756 1932 suos
1768 1872 1875 1929 interm

222 1971 336 2025 sterium
351 1972 510 2038 deveniens,
527 1987 628 2046 speque
640 1988 689 2028 sua
704 1972 843 2039 frustrata,
857 1968 929 2026 nibil
945 1969 974 2026 in
988 1986 1020 2026 ec
1076 1992 1152 2049 gans,
1168 1972 1314 2047 requisivit
1328 1971 1352 2028 si
1367 1969 1438 2026 lorte
1454 1965 1611 2042 quempiam
1626 1958 1876 2019 reverendnvicic

222 2057 296 2129 l¹¹⁰d
323 2057 443 2130 diripere
471 2068 568 2131 llaeler
597 2061 714 2131 parieles
743 2061 845 2116 valere!
871 2061 1020 2132 reperiens,
1077 2066 1120 2121 nis
1139 2061 1395 2120 monachumiuter
1414 2057 1563 2115 densitates
1582 2050 1714 2110 bostium
1732 2049 1790 2107 sibi
1811 2047 1875 2105 sian

224 2145 333 2202 tandem
348 2148 532 2219 plaustrorum
547 2148 703 2206 recentibus
716 2148 841 2220 vestigiis
861 2147 1019 2221 perspectis,
1077 2153 1241 2228 pandentem
1260 2150 1371 2225 proprio
1385 2150 1449 2205 visu
1462 2142 1645 2217 contemplati
1660 2147 1768 2198 esseni·
1780 2137 1875 2206 Quibit

222 2252 254 2291 eo
276 2237 444 2293 tendendum
466 2238 608 2304 deliberat,
631 2254 686 2311 quo
705 2238 803 2294 iratres
818 2238 881 2294 iisse
895 2244 1021 2311 suspecto
1076 2240 1306 2315 respondentibus
1321 2241 1388 2297 sein
1402 2240 1452 2296 illo
1466 2237 1561 2311 praelio
1577 2233 1725 2290 neminem
1738 2228 1874 2288 monache

222 2325 316 2382 animo
330 2325 501 2384 estimabat:
518 2336 549 2383 ut
561 2327 723 2384 melioribus
736 2344 831 2384 eorum
844 2327 969 2400 direptis,
981 2341 1022 2382 re·
1077 2350 1138 2389 rum
1154 2333 1268 2400 vidisse,
1285 2331 1378 2388 statim
1400 2330 1465 2387 ilie:
1486 2324 1616 2389 Sanctni,
1631 2321 1783 2396 inquiens,
1803 2319 1874 2377 usuc

221 2414 295 2473 diret
308 2425 413 2488 patrata
424 2416 550 2474 victoria.
566 2417 756 2490 Praevenitque
767 2417 889 2489 ipsorum
905 2432 1022 2489 nequam
1077 2423 1168 2479 diesne
1183 2438 1226 2478 nne
1239 2437 1287 2494 per
1298 2428 1388 2476 totum
1399 2418 1464 2474 bellu
1476 2414 1560 2489 hujus
1570 2421 1717 2471 certamen
1729 2416 1872 2483 protegent,

222 2507 370 2565 eonsilium
382 2508 584 2579 omnipotentia
594 2508 782 2565 misericordis
791 2508 851 2576 Dei,
863 2523 923 2580 quar
935 2523 981 2562 ecs
995 2513 1023 2562 et
1077 2511 1189 2568 sinistra
1206 2526 1289 2567 manu
1303 2509 1368 2582 equi
1383 2507 1437 2564 mei
1450 2505 1572 2562 habenas
1585 2499 1740 2574 dirigendo
1752 2506 1872 2556 accersio

223 2612 273 2653 sua
287 2596 391 2650 virtute
408 2603 566 2663 protereret,
587 2603 613 2651 et
627 2597 802 2654 innocentem
817 2594 923 2666 plebem
937 2609 952 2648 a
968 2609 1022 2648 ma·
1078 2600 1180 2658 diendo
1195 2599 1285 2657 renuit
1297 2617 1303 2655 :
1317 2598 1431 2654 dextera
1445 2610 1511 2651 vero
1524 2592 1660 2650 baculum
1675 2605 1765 2646 mann
1780 2595 1871 2654 oencns,

225 2683 300 2755 ligna
312 2697 407 2739 eorum
425 2684 602 2747 infestatione
616 2684 733 2758 benigue
747 2683 920 2741 defendendo
937 2684 1021 2739 salva·
1078 2691 1213 2764 prunnon
1228 2688 1350 2745 nostium
1366 2685 1565 2761 prosternendo
1585 2682 1674 2739 morti
1694 2679 1821 2738 tradidit
1836 2679 1870 2736 Sic

224 2782 275 2829 ret.
292 2773 359 2827 Nam
374 2780 433 2827 tum
448 2774 595 2840 predictus
608 2775 773 2831 venerabilis
788 2775 830 2830 vir
848 2775 925 2848 lingo
938 2788 1022 2844 apar-
1078 2788 1105 2837 et
1118 2779 1281 2837 nocentibus
1296 2793 1377 2851 poena
1389 2785 1417 2833 et
1430 2772 1627 2832 innocentibus
1653 2770 1816 2829 interventu
1826 2769 1869 2826 Pa·

189 2842 199 2861 ⁶
224 2861 300 2916 tibus
308 2859 475 2931 burgundie
489 2863 524 2917 ob
538 2878 593 2920 suae
605 2864 754 2919 utilitatem
770 2863 940 2920 necessitatis
952 2865 1022 2920 torte
1077 2870 1129 2926 tris
1143 2867 1284 2926 Benedicti
1299 2866 1431 2924 securitas
1446 2863 1556 2922 reddita
1569 2870 1629 2920 est:
1644 2859 1867 2936 prestanobere

225 2950 274 3007 Dei
290 2948 406 3005 consilio
421 2957 535 3006 vocatus
548 2950 582 3005 ad
598 2950 647 3006 bos
665 2951 734 3008 tiucs
753 2952 940 3020 contenderat,
962 2967 1022 3022 pro·
1077 2959 1153 3017 dieto
1168 2961 1218 3018 [tei
1233 2958 1315 3027 Filio,
1331 2957 1412 3030 enjnn
1426 2971 1528 3014 nomen
1540 2953 1728 3013 benedictum
1743 2955 1868 3026 permrnet

225 3056 313 3115 peque
325 3037 522 3095 monasterium
532 3040 705 3113 perveniens,
722 3041 808 3098 relatu
822 3058 934 3098 snorum
945 3040 1021 3098 addi·
1040 3079 1062 3139 G
1077 3049 1107 3106 in
1122 3051 1222 3107 naepnin
1234 3047 1411 3106 inopini-nnn,

226 3133 305 3202 dicit,
321 3134 430 3191 Fratres
444 3132 478 3189 ab
493 3132 620 3190 hostibus
631 3133 772 3208 subsequi,
792 3150 823 3192 ac
837 3134 965 3192 ocissime
979 3135 1024 3192 de·

262 3258 339 3315 ¹llic
354 3266 395 3315 est
414 3259 492 3331 Hugo
510 3258 594 3316 abbas
616 3259 664 3334 qui
686 3261 806 3318 concilio
830 3262 908 3318 Ponti
928 3263 1023 3320 onensi
1078 3272 1174 3323 ecerat
1191 3271 1215 3320 et
1230 3270 1334 3320 strenue
1361 3267 1479 3331 rexerat,
1500 3259 1588 3319 Odcui
1605 3260 1667 3332 iilic
1695 3259 1821 3318 Redderti
1841 3258 1865 3313 si

227 3330 365 3387 annoiiili
379 3330 485 3387 subscri
506 3331 553 3399 sit,
568 3331 601 3388 ad
637 3348 697 3388 uem
714 3333 775 3389 duaa
790 3341 901 3391 enatant
927 3335 1025 3391 oannis
1079 3340 1237 3410 imperatore
1266 3334 1394 3403 truditur,
1414 3334 1461 3406 qui
1478 3350 1509 3388 ec
1537 3338 1688 3404 emperiam
1715 3332 1866 3389 Pcrisicrtn

228 3348 611 3528 l³lffiV¹1iegi⁸i0iib²9¹¹b
656 3403 766 3463 lConc.
782 3404 854 3462 Gall.
875 3422 925 3479 pro
940 3407 1027 3462 tutela
1079 3414 1243 3466 eameserat.
1552 3475 1557 3487 Ι
1839 3470 1865 3481 ..

230 3479 387 3530 monastern
424 3477 590 3531 ultarrensrs.
1115 3481 1310 3553 leronymus
1336 3477 1410 3552 pallo
1433 3493 1516 3619 snpra
1533 3482 1657 3534 citatus:
1679 3477 1761 3532 donc
1778 3474 1865 3532 Duum

263 3544 290 3600 Is
303 3545 376 3617 apud
392 3546 557 3614 [leginonem
574 3545 642 3601 alios
662 3563 696 3602 ne
717 3563 789 3604 anno
807 3548 859 3604 887
879 3549 1027 3606 decessisse
1080 3551 1132 3609 870
1155 3553 1230 3623 ano
1247 3551 1328 3607 abbas
1346 3557 1371 3605 et
1389 3550 1460 3605 Garat
1474 3548 1550 3603 rides
1563 3565 1624 3603 cum
1645 3543 1865 3618 eane-squeri.

229 3614 332 3670 dicitur
348 3614 392 3669 his
404 3615 514 3670 verbis:
531 3617 606 3686 lingo
619 3562 701 3671 chios
712 3635 815 3689 mogum
826 3619 933 3689 pietatis
948 3621 990 3677 uir
1004 3628 1027 3676 et
1081 3623 1310 3694 emtiqmteseum
1328 3619 1557 3677 Nortirmeorrisa'a
1570 3618 1693 3693 biqers'm
1710 3615 1865 3676 rotenus

229 3700 331 3754 magum
352 3684 512 3764 prudentiae·
528 3686 689 3767 Aurelianis·
704 3689 829 3757 moritur,
853 3697 877 3743 et
901 3691 974 3762 apud
998 3693 1025 3749 S.
1081 3694 1218 3766 sauciato
1230 3693 1297 3750 inibi
1309 3691 1505 3762 iuterfecerunt,
1523 3697 1578 3748 etc.

232 3753 392 3809 emmaum
408 3753 593 3810 Autusrcdoro
610 3758 744 3828 sepelitur.
761 3759 880 3815 Decorus
898 3776 973 3832 quem
994 3769 1028 3818 te·

788 4084 1316 4200 ADREVALDI

857 4297 1081 4351 FLOMACENSIS
1100 4301 1243 4353 mouscin

471 4446 552 4563 llll
606 4447 872 4568 CORPORE
926 4451 1002 4566 nl
1050 4450 1348 4569 strettun
1399 4448 1636 4568 CHRISTI

763 4653 887 4716 Contra
917 4650 1055 4732 ineptius
1085 4653 1219 4717 Jonuurs
1248 4653 1350 4718 scon.

496 4799 589 4872 (Apud
604 4801 766 4871 Acherinm,
785 4802 927 4878 spicilegii
940 4812 1008 4862 tom.
1024 4805 1046 4875 l,
1060 4821 1120 4878 pag.
1137 4804 1198 4874 150,
1214 4821 1249 4861 ex
1263 4821 1328 4864 msa.
1344 4805 1460 4864 abbatiae
1473 4805 1606 4880 Florian.)

265 5066 364 5122 Beatus
381 5075 392 5102 ¹
417 5063 602 5136 Hieronymus
625 5066 654 5120 in
678 5063 882 5123 Commentario
904 5066 1025 5124 blatthaei
1038 5062 1062 5123 n
1076 5067 1231 5140 impletum,
1246 5065 1350 5140 stagni
1373 5084 1469 5126 carnes
1481 5084 1546 5127 cnm
1559 5068 1698 5142 apostolis
1712 5067 1865 5127 comedoni.

228 5150 401 5224 evangelistar
421 5166 485 5206 cum
505 5151 637 5222 mysteria
654 5152 794 5209 Dominici
808 5153 930 5226 corporis
945 5167 1026 5224 expo·
1078 5155 1298 5230 assumitpanem
1309 5157 1357 5232 qui
1367 5158 1541 5216 confortabat
1549 5173 1598 5216 cor
1607 5154 1864 5229 hominis,sttdve

228 5250 315 5310 neret,
339 5241 429 5298 taliter
447 5241 562 5298 intulit:
592 5243 790 5299 «Cerealibus
812 5251 898 5300 numm
917 5243 1025 5311 (Metti.
1078 5262 1140 5303 rum
1159 5245 1269 5305 Pascha
1287 5247 1488 5321 transgreditur
1513 5252 1780 5318 sacramentonum
1803 5259 1864 5321 quc-

228 5347 307 5399 xxvr,
329 5331 388 5405 26),
411 5339 476 5401 etc,
500 5338 644 5406 postquam
666 5333 792 5406 typicum
812 5334 915 5392 Pascha
937 5334 1027 5390 fuerat
1078 5334 1160 5393 modo
1175 5335 1205 5393 in
1217 5334 1469 5410 praehgnrnticncm
1480 5333 1541 5411 eins
1552 5333 1762 5397 Melchisedech
1775 5326 1864 5393 anni

263 5478 394 5535 -nearus
421 5479 478 5538 lloe
500 5480 663 5553 opusculum
685 5478 821 5536 richerius
843 5485 937 5535 monet
960 5494 976 5533 a
997 5493 1025 5534 se
1076 5476 1188 5550 quidem
1202 5483 1290 5534 totum
1307 5481 1416 5535 constet
1429 5473 1600 5535 annuncia
1612 5446 1729 5535 Patrem
1741 5470 1861 5533 obedis

228 5554 363 5617 repertum
383 5566 440 5606 esse
459 5551 488 5607 in
512 5550 679 5608 membranis
698 5548 928 5618 Floriacensibus,
949 5547 1024 5621 quod
1077 5547 1161 5604 valdo
1174 5546 1385 5607 consarcinatis.
