3834 6136
60 220 130 276 1037

650 218 829 276 eeusuuun
849 220 894 274 ET
913 218 1104 276 aristeum.

1638 217 1706 281 11138

56 383 160 441 scopus
187 368 297 440 injurie
319 370 453 426 ultionem
477 369 621 440 deposcat,
655 369 701 424 cul
724 366 894 430 sanctitasA
909 367 1087 425 commissum
1100 366 1249 425 admissum
1264 377 1379 444 estque
1392 378 1419 426 01
1432 369 1461 426 11
1475 366 1581 443 legibus
1590 380 1616 429 et
1626 375 1655 432 in
1666 391 1706 430 sa·

56 457 219 531 ignoscendi
235 456 287 511 soli
298 456 411 527 gloriam
425 456 611 529 derelinquit,
637 457 729 528 sicque
745 459 853 511 cunctis

56 563 114 605 uon
129 548 220 603 solum
241 546 370 611 liberum,
387 546 433 601 sed
449 555 476 602 et
500 546 637 602 laudabile
653 548 737 602 iactas
751 553 857 601 atroces

56 636 250 693 sacerdotibus
262 644 309 691 aut
324 635 460 690 ministris
485 635 599 706 injurius
613 637 699 691 ueluti
716 635 855 706 pubiicum

56 727 164 782 crimen
184 725 322 797 persequi,
339 742 371 780 ac
387 725 493 781 debitas
508 724 561 781 reis
578 725 699 781 uldones
715 724 824 779 mereri.
841 749 850 773 ι

56 818 140 873 Nunc
164 822 296 871 econtra
320 814 437 870 liberum
456 823 482 870 et
504 814 641 870 laudabile
663 823 703 870 est
717 813 858 882 sacrilegis

56 921 150 963 sacras
165 921 208 961 res
226 904 366 972 invadere,
382 914 409 960 ct
424 905 473 959 lllii
486 904 607 961 ecclesiae
619 903 695 959 velut
711 903 749 959 rei
764 919 858 974 poenas

56 998 152 1063 luunt,
171 995 218 1066 qui
234 994 397 1065 disponente
412 995 539 1066 episeopo
549 1011 594 1050 cas
608 995 651 1049 vel
668 994 858 1064 1111110110-

57 1092 186 1141 sumunt.
203 1083 260 1139 Vos
275 1098 383 1154 queque
407 1083 435 1136 iu
458 1083 685 1154 quaternionibus
701 1081 780 1154 pistis
803 1079 858 1150 regi

57 1173 131 1229 datis
147 1171 199 1226 hoc
212 1170 365 1242 capitulum
382 1170 516 1242 integrius
531 1172 568 1227 ita
580 1172 858 1243 posuistisexeorum

57 1267 249 1338 Augustorum
262 1263 343 1332 libre,
360 1265 393 1319 de.
404 1279 458 1336 qno
470 1264 521 1321 bec
531 1272 714 1336 assumptum,
726 1272 752 1319 et
764 1263 793 1317 in
803 1263 859 1316 An·

58 1364 202 1430 gestorum
219 1364 377 1411 nostrornm
390 1355 460 1411 libre
479 1357 517 1412 ita
532 1365 564 1412 ut
579 1356 713 1428 preposui
730 1367 859 1423 compen·

58 1447 168 1504 diosius
182 1454 223 1502 est
235 1447 367 1502 insertum
380 1446 458 1515 (dod.
475 1447 536 1513 Tu,
550 1447 581 1500 de
599 1449 690 1518 episc.)
708 1465 713 1503 :
739 1447 785 1502 ‹Si
797 1449 860 1520 quis

59 1536 91 1592 in
115 1535 169 1591 lroc
189 1550 274 1606 genus
298 1534 433 1605 sacrilegii
456 1535 622 1607 proruperit,
640 1544 670 1591 ut
687 1535 716 1591 iu
731 1538 860 1595 ecclesias

58 1625 213 1682 catholicas
231 1624 355 1692 irruens,
381 1624 569 1681 sacerdotibus
588 1633 616 1681 et
633 1626 789 1695 ministris,
816 1629 859 1684 vel

911 456 965 512 cris
980 457 1132 513 canonibus
1142 459 1257 516 infames
1268 474 1389 531 persona
1403 467 1542 516 notantur.
1551 461 1586 516 Et
1596 461 1617 516 si
1630 464 1708 534 rigor

911 550 1111 607 ecclesiasticus
1125 551 1165 607 sic
1180 552 1295 624 vigeret,
1313 554 1384 610 sicut
1409 558 1532 626 tempore
1546 562 1704 611 antecesse-

912 655 973 694 rum
988 648 1141 695 vestrorum
1156 646 1183 695 et
1199 648 1354 698 nostrerum
1370 644 1597 714 predecessorum
1610 643 1709 716 viguit,

912 730 985 786 inter
994 731 1167 799 criminosos,
1180 732 1244 805 quia
1256 733 1384 790 videlicet
1394 744 1449 790 uta
1463 735 1597 791 ministris
1607 735 1711 793 dicitur

913 822 1065 890 criminosi,
1076 839 1091 876 a
1102 823 1246 879 liminibus
1257 825 1377 880 ecclesias
1391 824 1480 880 lerunt
1493 835 1624 882 extorres.
1632 826 1711 884 Nunc

912 921 1002 966 autem
1021 919 1113 967 nostra
1129 911 1358 981 dissolutionum
1374 913 1485 985 quidam
1502 913 1598 970 dicunt
1615 914 1641 969 in
1653 915 1711 970 Ec-

913 1001 1024 1056 clesiam
1049 1000 1101 1073 ipsi
1120 999 1257 1069 insiliunt,
1276 1003 1323 1075 qul
1338 1002 1372 1057 ab
1388 1002 1510 1059 Ecclesia
1525 1003 1642 1076 separari
1659 1003 1712 1060 de-

913 1088 1041 1156 buerant,
1057 1097 1083 1144 01
1101 1090 1152 1145 boc
1167 1089 1270 1144 nostris
1285 1088 1413 1161 peccatis,
1425 1089 1533 1163 inques
1546 1091 1614 1147 lines
1629 1109 1711 1149 saecu·

914 1180 1003 1234 loriam
1015 1178 1194 1248 devenerunt,
1205 1181 1303 1235 merito
1313 1187 1480 1253 reputamus,
1489 1180 1535 1254 qui
1545 1182 1579 1238 ad
1591 1190 1712 1239 nostram

914 1271 1120 1338 contumeliam,
1148 1286 1203 1324 nen
1224 1270 1258 1325 ad
1278 1270 1407 1326 Ecclesiae
1423 1270 1538 1343 gloriam
1558 1272 1712 1330 sacerdotes

914 1362 1043 1431 dicimur,
1061 1363 1137 1436 quia
1160 1364 1262 1419 talibus
1285 1364 1489 1433 conculcamur,
1509 1371 1535 1418 et
1552 1363 1601 1437 ipsi
1616 1363 1649 1420 de
1663 1381 1712 1421 sa-

914 1453 1055 1509 cerdotum
1071 1451 1209 1524 capitibus
1225 1451 1362 1524 judicant,
1380 1468 1496 1524 quorum
1514 1451 1651 1524 judicium
1669 1455 1713 1510 uel

914 1541 1154 1612 compellationem
1171 1541 1250 1596 liberi
1263 1549 1289 1596 et
1299 1541 1359 1597 sani
1374 1543 1474 1613 capitis
1489 1541 1552 1598 laici
1564 1541 1593 1596 in
1606 1539 1712 1614 judicio

916 1629 1026 1700 publico
1041 1631 1165 1701 legaliter
1180 1647 1234 1686 neu
1250 1630 1412 1703 reciperent,
1427 1630 1450 1686 si
1467 1630 1578 1703 rejicere
1598 1632 1712 1689 vellent.

59 1717 115 1788 ipsi
132 1714 219 1770 cultui
240 1714 357 1785 locoque
372 1713 478 1786 aliquid
500 1713 630 1785 importet
651 1715 771 1787 injuriae,
787 1716 862 1790 quod
880 1728 902 1788 Β
919 1718 949 1772 11
965 1734 1019 1790 quo
1035 1719 1116 1787 lacto,
1130 1727 1159 1774 ut
1174 1726 1284 1775 sauctus
1301 1719 1466 1776 Coelestiuus
1482 1720 1588 1788 scribit,
1599 1738 1653 1776 nou
1669 1727 1710 1779 est

60 1805 169 1876 geritur
184 1802 284 1859 litteris
299 1802 440 1871 ordinum,
470 1804 678 1874 magistratuum
704 1814 860 1862 010111110-
916 1808 1054 1878 agentium
1071 1825 1151 1864 causa
1169 1809 1300 1873 solorum,
1318 1808 1483 1865 universalis
1505 1809 1628 1868 Ecclesia
1651 1828 1713 1886 qua·

58 1911 137 1962 rem,
152 1902 179 1949 et
194 1893 308 1949 notariis
322 1894 518 1964 apparitorum,
534 1911 602 1967 qnos
616 1895 792 1950 stationarios
808 1912 862 1968 ap·
916 1912 1024 1969 cunque
1048 1896 1170 1951 novitate
1190 1897 1325 1968 pulsatur.
1352 1898 1463 1954 Novum
1488 1907 1527 1954 est
1546 1899 1619 1954 enim
1641 1898 1715 1972 quod

61 1984 178 2057 pellant,
194 1982 334 2038 deleratur
352 1983 387 2038 ad
410 1982 538 2038 notitiam
565 1991 750 2054 potestatum,
776 1985 816 2039 ita
831 1992 862 2041 ut
916 2002 991 2042 nunc
1005 1986 1106 2042 lactum
1125 1993 1177 2054 est,
1193 1985 1258 2059 quia
1277 1996 1385 2043 nonest
1401 1987 1434 2043 dc
1450 1987 1500 2044 sub
1516 1988 1569 2044 iste
1583 1989 1654 2047 coelo
1669 2005 1715 2045 au·

61 2073 198 2129 vocabula
215 2089 309 2127 cortun
321 2073 367 2144 qui
384 2073 492 2143 agnosci
509 2073 649 2144 potuerint
664 2072 859 2131 declarentur:
917 2078 1016 2143 ditum,
1033 2070 1063 2132 111
1076 2075 1219 2146 episcopus
1236 2092 1298 2131 curu
1312 2075 1428 2134 ecclesia
1442 2093 1491 2132 sua
1506 2074 1716 2149 proscriptionis

60 2171 90 2219 et
104 2162 128 2218 si
142 2179 190 2235 per
204 2161 411 2217 multitudinem
428 2163 605 2217 commissum
627 2162 743 2230 dicetur,
767 2165 789 2218 si
807 2180 862 2218 non
917 2168 999 2222 titulo
1016 2166 1050 2221 ab
1066 2167 1124 2220 ullo
1140 2164 1268 2237 religiose
1279 2167 1401 2237 principe
1414 2168 1545 2223 laicorum
1554 2165 1662 2236 jndicio
1673 2183 1716 2222 us·

60 2270 170 2321 omnes,
187 2261 302 2325 possunt
315 2260 406 2308 tarnen
424 2253 559 2325 aliquanti
578 2251 718 2324 cognosci,
744 2266 863 2324 quorum
918 2273 970 2330 qne
985 2257 1067 2313 modo
1082 2256 1166 2312 tuerit
1176 2256 1349 2313 confiscatus.
1367 2257 1458 2313 »Eece
1469 2274 1550 2330 qnam
1561 2256 1717 2328 insignibus

60 2344 236 2401 confessione
251 2344 388 2399 sociorum
400 2343 512 2398 nemina
524 2343 709 2414 publicentur.
724 2343 814 2414 Atque
824 2341 863 2397 ita
917 2346 1002 2401 armis
1011 2345 1104 2417 praelia
1114 2345 1225 2401 Domini
1242 2356 1306 2401 tunc
1318 2345 1432 2416 praeliati
1445 2346 1550 2413 fuistis,
1569 2346 1615 2401 sed
1626 2345 1716 2402 dicam

61 2434 217 2507 prouinciae
242 2433 398 2488 moderator
419 2432 592 2488 sacerdotum
607 2438 635 2487 et
649 2430 792 2487 catholicae
808 2431 863 2486 Ec·
918 2433 997 2490 robis
1021 2435 1093 2507 quod
1115 2441 1204 2489 tacere
1229 2450 1280 2490 nec
1297 2433 1392 2501 debeo,
1412 2434 1572 2491 uecaudeo.
1589 2434 1648 2490 lion
1667 2450 1716 2505 pu-

61 2525 155 2582 010110
170 2525 373 2593 ministrorum,
391 2524 443 2580 loci
452 2539 561 2596 quoque
572 2521 657 2593 ipsius
668 2529 693 2576 et
704 2521 793 2576 divini
806 2521 863 2576 cul·
917 2527 973 2582 tavi
990 2526 1021 2581 nd
1037 2525 1284 2580 dehonorationem
1297 2522 1380 2580 vestri
1394 2524 1568 2595 pertinuisse,
1581 2522 1654 2595 qued
1666 2524 1716 2585 lto·

63 2625 111 2670 tus
126 2613 257 2686 injuriam
268 2612 377 2685 capitali
390 2612 570 2668 inconvictos
582 2611 640 2666 sive
652 2611 863 2667 conlessosreos
919 2631 990 2670 mam
1011 2612 1084 2681 misi,
1112 2613 1185 2693 qued
1208 2612 1719 2685 Romamireuoluictvole,quoda

63 2706 203 2763 sententia
226 2705 335 2761 noverit
359 2703 568 2760 vindicandum.
593 2702 648 2759 Nec
671 2707 809 2773 exspectet
832 2706 863 2754 ut
919 2705 1004 2760 lioma
1018 2702 1155 2758 auxilium
1171 2703 1304 2776 expetivi,
1330 2701 1402 2758 unde
1428 2702 1519 2758 omnis
1544 2703 1717 2774 episcopatus

63 2797 211 2868 episeopus
235 2793 345 2865 injuria
360 2792 477 2865 propria
491 2792 627 2848 ultionem
652 2791 791 2863 deposcat,
817 2787 863 2844 cul
918 2792 1036 2866 sumpsit
1049 2791 1206 2862 exordium,
1224 2803 1251 2850 at
1274 2793 1374 2849 retinet
1395 2793 1577 2866 processionis
1601 2801 1628 2849 et
1651 2809 1720 2849 suc-

64 2885 197 2942 sanctitas
213 2882 371 2956 ignoscendi
387 2881 438 2938 seli
450 2881 565 2953 gloriam
577 2880 757 2951 derelinquit,
773 2879 864 2950 suque
919 2880 1049 2938 cessionis
1074 2880 1285 2937 incrementum.
1311 2880 1458 2956 Nunquam
1477 2880 1612 2937 hactenus
1634 2889 1719 2952 caput

64 2975 175 3033 cunctis
189 2989 245 3030 non
267 2975 355 3029 solum
384 2971 511 3038 liberum,
538 2968 585 3025 scd
605 2969 687 3024 etiam
715 2966 862 3033 laudabile,
919 2969 1035 3042 pedibus
1046 2968 1218 3038 nocuit,siue
1229 2987 1284 3043 quo
1295 2971 1377 3043 pedes
1389 2971 1426 3024 ire
1437 2986 1491 3025 non
1502 2976 1717 3025 consueverunt.

65 3065 154 3120 116111
176 3071 281 3119 1110111
306 3061 495 3118 sacerdotibus
521 3066 569 3115 1111
588 3056 724 3113 1111111111
748 3054 902 3147 1111111110
919 3060 1066 3135 Sperabam
1088 3060 1260 3134 perficiorem
1286 3060 1440 3116 sanctitatis
1454 3069 1551 3115 restrae
1567 3057 1718 3115 10101011-

64 3153 156 3210 veluti
170 3154 311 3225 publicum
327 3153 430 3209 crimen
448 3148 590 3222 1111811111,
617 3144 783 3204 1111111111
810 3145 864 3200 1111
921 3153 1037 3224 pharam,
1053 3153 1075 3207 si
1094 3152 1165 3207 10110
1181 3150 1277 3208 vicarii
1292 3152 1478 3221 apostolerum
1491 3148 1626 3223 principis
1639 3149 1716 3207 Petri

64 3243 201 3298 ultionem
218 3240 326 3297 meteri.
343 3237 422 3305 Quod
439 3237 462 3292 si
477 3234 627 3292 mullitudo
637 3234 760 3289 violenta
773 3231 866 3288 civilis
920 3250 1073 3308 acueretur,
1091 3256 1146 3295 nnn
1162 3237 1362 3296 obtunsiorem,
1384 3238 1470 3295 Taceo
1496 3236 1620 3305 interitu,
1640 3236 1715 3311 qued

64 3333 246 3406 appetitionis
268 3330 456 3396 exseculiffllt,
485 3341 512 3384 et
536 3326 709 3383 1111111111)
735 3325 865 3380 0111111111
921 3333 1095 3391 enedreutice
1115 3331 1183 3388 mihi
1204 3332 1232 3387 in
1246 3331 1343 3388 eodem
1356 3329 1496 3386 Attiniaco
1507 3329 1648 3401 irrogastis
1666 3345 1719 3400 ap-

65 3440 301 3500 possessorumre,
318 3438 373 3477 nen
390 3415 867 3491 potueritpraesentati,qt10dsear·
923 3423 1036 3495 pellanti
1050 3430 1170 3478 sanctam
1188 3423 1337 3478 itomanam
1362 3419 1453 3474 sedem
1479 3434 1528 3490 pro
1551 3433 1644 3473 amore
1666 3417 1717 3474 Dei

65 3518 120 3574 mia
135 3534 167 3573 ac
183 3517 306 3570 locorum
321 3510 484 3565 difficultate
498 3513 619 3573 tueatur,
633 3503 863 3575 judicesarmalae
922 3511 1131 3586 omnipotentis,
1155 3519 1181 3567 et
1214 3510 1334 3583 eiusdem
1362 3508 1549 3582 apestolorum
1582 3506 1718 3580 principis

65 3604 250 3680 apparitionis
266 3597 435 3670 praesidium,
451 3593 522 3650 datis
535 3593 569 3649 ad
586 3593 675 3649 virum
688 3593 865 3665 spectabilem
922 3602 994 3657 Petri
1010 3599 1187 3655 veneratione
1204 3616 1209 3652 :
1225 3599 1271 3671 qui
1288 3598 1381 3664 etiam,
1398 3598 1469 3653 sicut
1481 3596 1569 3664 scitis,
1581 3596 1719 3651 abeadem

65 3697 200 3754 comitem
218 3688 325 3754 litteris,
343 3685 454 3758 prelato
473 3683 539 3756 legis
555 3685 635 3740 istius
650 3690 746 3739 tenere
762 3684 867 3756 depos·
922 3707 981 3745 sum
997 3690 1060 3744 sede
1079 3695 1191 3744 vocatus
1203 3705 1207 3741 :
1221 3688 1294 3760 equod
1310 3694 1437 3746 neutrum
1458 3685 1527 3741 nribi
1543 3685 1657 3756 proluit,
1670 3700 1720 3742 nec

65 3792 141 3850 caut,
161 3788 191 3835 ut
208 3778 244 3834 rei
269 3776 364 3833 talium
389 3773 538 3830 criminum
555 3788 610 3829 non
626 3773 775 3829 evadant·
795 3774 866 3829 ltcm
922 3776 1153 3850 adbucprodest;
1171 3775 1218 3832 sed
1229 3775 1382 3832 debuissem
1394 3773 1459 3831 inde
1473 3791 1487 3830 a
1502 3775 1581 3831 robis
1598 3774 1719 3848 aliquam

66 3881 94 3931 01
107 3870 184 3928 istud
201 3865 330 3940 posuistis
346 3883 351 3919 ε
377 3861 867 3932 ι8111101011011010111111111111110·
922 3864 1279 3934 1110111001011111101011,
1303 3880 1358 3920 non
1379 3863 1514 3921 sustinere
1533 3862 1720 3936 oppugnatio-

68 3965 112 4035 gia
136 3959 298 4031 cujusquam
315 3955 419 4011 luerint
440 3955 482 4010 vel
499 3952 655 4008 temeritate
675 3952 793 4021 violata,
822 3952 866 4008 vel
922 3972 994 4011 uem.
1008 3956 1060 4010 Pro
1074 3970 1128 4027 qua
1143 3970 1172 4008 10
1188 3961 1264 4009 tanta
1279 3969 1373 4025 passus
1387 3970 1447 4011 sum
1465 3961 1492 4008 et
1507 3953 1606 4024 patior,
1618 3958 1721 4024 quanta

69 4050 291 4113 dissimulatione
305 4047 439 4118 neglecta,
454 4043 633 4100 commissum
649 4043 772 4115 quinque
786 4043 866 4099 libra·
921 4045 990 4099 meis
1004 4043 1141 4100 debentur
1155 4043 1283 4117 peccatis,
1294 4060 1350 4098 non
1361 4043 1622 4100 autemreverentia
1636 4051 1721 4100 tantae

70 4162 132 4201 rum
157 4140 226 4207 anri,
252 4138 324 4193 sicut
338 4135 422 4192 etiam
438 4133 515 4207 prius
528 4133 711 4189 constitutum
727 4140 778 4200 est,
793 4148 866 4188 cen·
921 4132 1002 4189 sedis.

69 4231 245 4293 demnatioue
256 4230 420 4302 plectatur.»
437 4222 645 4296 Nunquidnam,
657 4221 768 4278 demine
779 4231 864 4296 pater,
955 4222 1034 4293 Quod
1049 4219 1119 4278 111111
1133 4218 1591 4295 10111111111,11101111101111111οκ
1606 4233 1621 4271 a
1637 4217 1720 4274 tratre

69 4325 185 4395 diguam
200 4320 299 4385 lucrat,
317 4327 345 4372 ut
361 4311 599 4371 uocatusarobis
612 4311 646 4367 ad
663 4308 800 4383 synodum
816 4329 865 4384 pro
920 4329 969 4369 suo
997 4328 1122 4367 reversus
1152 4309 1248 4377 inerit,
1277 4315 1417 4381 apportem
1445 4306 1515 4362 illud
1539 4315 1717 4378 preceptum,

70 4409 247 4486 responsione
270 4406 373 4462 domne
397 4401 547 4474 apostolico
568 4399 706 4456 reddenda
729 4400 796 4456 loris
811 4417 864 4457 cx·
879 4438 904 4497 D
921 4419 968 4474 per
982 4403 1055 4476 qued
1069 4400 1193 4474 praelatas
1209 4417 1251 4456 res
1262 4397 1390 4456 Ecclesiae
1404 4396 1578 4452 laudunensi
1597 4395 1719 4452 restituit

69 4501 206 4566 eluderes,
229 4505 256 4553 et
277 4492 462 4551 residentibus
479 4489 558 4545 vobis
574 4504 628 4543 una
647 4505 709 4544 cum
724 4489 865 4560 archiepi-
919 4493 977 4549 sive
992 4489 1121 4560 contulit,
1137 4497 1164 4546 et
1179 4491 1251 4546 sicut
1273 4487 1380 4560 justum
1404 4488 1437 4544 de
1464 4486 1521 4542 illis
1546 4486 1627 4541 rebus
1650 4501 1718 4558 quas

69 4593 162 4663 scopis
176 4605 206 4645 ac
220 4583 388 4657 coepiscopis
411 4581 488 4647 nreis,
518 4580 569 4634 iste
592 4578 780 4633 Nortnranuus
801 4577 867 4634 talia

68 4698 154 4755 agens
168 4678 314 4750 taliterque
326 4674 476 4746 apostolica
493 4668 657 4726 auctoritate
669 4669 867 4724 excommuni-

68 4777 158 4836 catus,
180 4768 281 4840 quique
296 4780 343 4837 per
358 4763 413 4819 oris
436 4760 520 4816 uestri
535 4759 656 4815 officium
672 4758 761 4813 luerat
776 4757 868 4831 repel-

69 4859 181 4926 lendus,
197 4857 224 4912 in
242 4852 414 4928 presentiam
431 4858 549 4905 vestram
570 4864 612 4904 me
626 4857 804 4904 accusaturus
819 4863 868 4920 pro

69 4951 139 5025 ipsis
152 4949 235 5004 rebus
250 4945 366 5016 receptis
378 4942 496 5011 reniret,
511 4957 569 4998 aea
584 4940 664 4995 vebis
678 4938 831 5009 audiretur,
853 4954 869 4994 a

69 5058 126 5116 quo
150 5035 305 5111 specialiter
331 5050 362 5089 ae
376 5028 544 5087 orunimodis
562 5045 643 5100 super
659 5027 761 5115 haere,
779 5037 805 5083 et
820 5044 868 5100 ego

68 5139 97 5188 et
123 5144 220 5186 omnes
245 5124 298 5181 mei
322 5129 499 5179 uenientum
516 5119 641 5175 excusari
661 5124 792 5190 quantum
809 5134 869 5172 om·

69 5216 141 5272 nino
156 5215 338 5271 debueramus
353 5209 462 5265 delendi
475 5207 488 5262 1
505 5209 543 5262 lle
567 5205 611 5260 bis
624 5204 699 5258 enini
721 5202 772 5258 iste
787 5202 869 5260 uort-

72 5322 194 5363 maunus
209 5322 280 5360 unus
295 5310 346 5371 est,
368 5301 400 5356 de
415 5298 516 5373 quibus
529 5296 558 5352 in
583 5293 810 5369 quaternionibus
825 5311 869 5351 10·

70 5398 148 5463 11111,
161 5395 271 5469 quaudo
285 5392 363 5448 vobis
374 5390 487 5464 placuit,
504 5404 553 5459 pre
569 5402 622 5454 ure,
635 5400 737 5456 proque
748 5384 871 5439 Ecclesia

72 5504 134 5543 mea
159 5487 199 5542 ita
213 5482 362 5556 scripsistis
377 5480 410 5536 ad
427 5482 529 5535 lecum.
563 5476 692 5530 ‹l‘almrn
718 5473 819 5542 etiam,
841 5479 870 5529 ut

71 5579 174 5646 lertur,
202 5572 382 5647 quarumdam
407 5580 583 5641 personarum
612 5561 772 5635 prejudicio
796 5562 869 5620 istud

923 4583 1043 4655 requiro,
1059 4581 1202 4637 inuentum
1219 4578 1313 4646 luerit,
1325 4593 1402 4650 agere
1413 4573 1571 4649 procurabit
1583 4591 1589 4630 :
1602 4571 1634 4628 ad
1644 4573 1718 4646 quod

922 4688 1016 4727 rursus
1036 4670 1105 4726 illud
1130 4677 1295 4742 preceptum
1317 4676 1346 4723 ut
1368 4673 1509 4740 apportem
1534 4661 1718 4720 necessarium

922 4776 1049 4816 essenon
1064 4759 1200 4832 intelligo,
1215 4775 1277 4814 cum
1303 4757 1373 4813 illud
1399 4771 1446 4829 per
1469 4771 1567 4810 uranus
1587 4752 1720 4811 Hardnici

923 4848 1121 4922 archiepiscopi
1136 4847 1215 4904 vobis
1231 4844 1411 4919 presentibus
1427 4853 1453 4900 et
1470 4843 1578 4900 audivit
1592 4852 1619 4900 et
1634 4841 1717 4908 vidit,

924 4948 1005 5012 atque
1019 4941 1109 5012 ipsum
1128 4956 1155 4995 se
1170 4936 1344 5003 decussari
1360 4936 1429 4993 mibi
1444 4934 1604 4992 Bertharius
1620 4945 1718 4988 renun-

923 5029 1014 5097 tiavit,
1027 5028 1194 5100 recognovit.
1205 5027 1255 5084 Sed
1271 5027 1322 5084 boc
1337 5026 1432 5083 multis
1447 5034 1477 5080 ut
1491 5031 1517 5077 ct
1532 5021 1599 5076 mild
1617 5019 1719 5075 mirum

924 5128 974 5187 est,
986 5117 1050 5192 quia
1062 5118 1136 5190 quod
1152 5117 1225 5188 regia
1240 5116 1404 5174 liberalitate
1419 5113 1562 5184 plusquam
1579 5123 1627 5163 ses
1644 5120 1718 5160 meu·

924 5224 966 5263 ses
981 5207 1073 5280 quiete
1088 5207 1199 5274 retinui,
1217 5207 1282 5261 dum
1297 5203 1420 5277 synodus
1439 5206 1546 5274 peracta
1570 5196 1633 5264 luit,
1657 5201 1719 5249 sta-

924 5297 973 5352 tim
990 5295 1078 5351 amisi.
1103 5297 1142 5351 Dc
1159 5294 1318 5350 hominibus
1337 5293 1403 5347 meis
1419 5289 1491 5362 quod
1506 5284 1639 5346 scribitis,
1654 5281 1720 5356 quia

925 5402 1005 5441 causa
1020 5401 1114 5440 cerum
1130 5400 1183 5438 neu
1198 5382 1316 5439 diffinita
1330 5378 1377 5436 sed
1392 5375 1561 5448 implacitata
1576 5371 1719 5440 remansit,

926 5475 991 5530 satis
1004 5474 1084 5531 vebis
1098 5471 1223 5546 superius
1239 5469 1378 5543 respondi,
1401 5475 1428 5523 et
1444 5466 1504 5521 ideo
1519 5464 1593 5536 quod
1608 5478 1663 5518 nen
1678 5460 1718 5517 ir·

925 5564 1086 5633 regulariter
1099 5581 1130 5620 ac
1146 5560 1289 5633 illegaliter
1301 5566 1331 5614 ut
1345 5555 1439 5614 dicitis
1448 5553 1575 5610 abscessi.
1589 5551 1642 5608 Sed
1654 5565 1720 5622 quo·
