<?xml version="1.0" encoding="UTF-8"?>
<!DOCTYPE html PUBLIC "-//W3C//DTD XHTML 1.0 Transitional//EN"
    "http://www.w3.org/TR/xhtml1/DTD/xhtml1-transitional.dtd">
<html xmlns="http://www.w3.org/1999/xhtml" xml:lang="en" lang="en">
 <head>
  <title>
</title>
<meta http-equiv="Content-Type" content="text/html;charset=utf-8" />
  <meta name='ocr-system' content='tesseract 3.04.00' />
  <meta name='ocr-capabilities' content='ocr_page ocr_carea ocr_par ocr_line ocrx_word'/>
</head>
<body>
  <div class='ocr_page' id='page_1' title='image "./patrologiaecurs76unkngoog_0043.png"; bbox 0 0 3834 6136; ppageno 0'>
   <div class='ocr_carea' id='block_1_1' title="bbox 130 147 1791 248">
    <p class='ocr_par' dir='ltr' id='par_1_1' title="bbox 130 147 1791 248">
     <span class='ocr_line' id='line_1_1' title="bbox 130 147 1791 248; baseline -0.004 -1"><span class='ocrx_word' id='word_1_1' title='bbox 130 189 164 248; x_wconf 85' lang='lat' dir='ltr'>rs</span> <span class='ocrx_word' id='word_1_2' title='bbox 786 186 939 245; x_wconf 82' lang='lat' dir='ltr'>usuannr</span> <span class='ocrx_word' id='word_1_3' title='bbox 959 185 1129 244; x_wconf 81' lang='lat' dir='ltr'>nonnoni.</span> <span class='ocrx_word' id='word_1_4' title='bbox 1273 147 1277 152; x_wconf 46' lang='lat'><strong>⁴</strong></span> <span class='ocrx_word' id='word_1_5' title='bbox 1755 183 1791 240; x_wconf 86' lang='lat' dir='ltr'>rs</span> 
     </span>
    </p>
   </div>
   <div class='ocr_carea' id='block_1_2' title="bbox 128 306 1790 384">
    <p class='ocr_par' dir='ltr' id='par_1_2' title="bbox 128 306 1790 384">
     <span class='ocr_line' id='line_1_2' title="bbox 128 306 1790 384; baseline -0.002 -18"><span class='ocrx_word' id='word_1_6' title='bbox 128 310 195 367; x_wconf 84' lang='lat' dir='ltr'>dina</span> <span class='ocrx_word' id='word_1_7' title='bbox 207 307 261 364; x_wconf 88' lang='lat' dir='ltr'>sibi</span> <span class='ocrx_word' id='word_1_8' title='bbox 276 323 332 364; x_wconf 93' lang='lat' dir='ltr'>non</span> <span class='ocrx_word' id='word_1_9' title='bbox 346 317 482 365; x_wconf 74' lang='lat' dir='ltr'>constant.</span> <span class='ocrx_word' id='word_1_10' title='bbox 498 308 570 378; x_wconf 78' lang='lat' dir='ltr'>Ado,</span> <span class='ocrx_word' id='word_1_11' title='bbox 594 309 696 384; x_wconf 91' lang='lat' dir='ltr'>quique</span> <span class='ocrx_word' id='word_1_12' title='bbox 714 325 778 366; x_wconf 91' lang='lat' dir='ltr'>eum</span> <span class='ocrx_word' id='word_1_13' title='bbox 800 311 927 383; x_wconf 89' lang='lat' dir='ltr'>sequitur</span> <span class='ocrx_word' id='word_1_14' title='bbox 941 317 965 375; x_wconf 77' lang='grc' dir='ltr'>Α</span> <span class='ocrx_word' id='word_1_15' title='bbox 981 327 1055 379; x_wconf 89' lang='lat' dir='ltr'>nem,</span> <span class='ocrx_word' id='word_1_16' title='bbox 1069 308 1116 366; x_wconf 89' lang='lat' dir='ltr'>sed</span> <span class='ocrx_word' id='word_1_17' title='bbox 1129 308 1164 365; x_wconf 90' lang='lat' dir='ltr'>ad</span> <span class='ocrx_word' id='word_1_18' title='bbox 1180 309 1259 381; x_wconf 80' lang='lat' dir='ltr'>longe</span> <span class='ocrx_word' id='word_1_19' title='bbox 1273 307 1461 382; x_wconf 80' lang='lat' dir='ltr'>antiquiorem</span> <span class='ocrx_word' id='word_1_20' title='bbox 1474 306 1699 362; x_wconf 72' lang='lat' dir='ltr'>diocletianeam</span> <span class='ocrx_word' id='word_1_21' title='bbox 1740 307 1790 364; x_wconf 87' lang='lat' dir='ltr'>rti-</span> 
     </span>
    </p>
   </div>
   <div class='ocr_carea' id='block_1_3' title="bbox 125 378 926 959">
    <p class='ocr_par' dir='ltr' id='par_1_3' title="bbox 125 378 926 959">
     <span class='ocr_line' id='line_1_3' title="bbox 125 378 926 455; baseline -0.001 -16"><span class='ocrx_word' id='word_1_22' title='bbox 125 379 274 447; x_wconf 80' lang='lat' dir='ltr'>Notlrerus,</span> <span class='ocrx_word' id='word_1_23' title='bbox 291 378 399 448; x_wconf 85' lang='lat' dir='ltr'>melius,</span> <span class='ocrx_word' id='word_1_24' title='bbox 412 381 547 452; x_wconf 78' lang='lat' dir='ltr'>Polyeucti</span> <span class='ocrx_word' id='word_1_25' title='bbox 558 399 567 446; x_wconf 88' lang='lat'>,·</span> <span class='ocrx_word' id='word_1_26' title='bbox 582 398 663 455; x_wconf 86' lang='lat' dir='ltr'>quarn</span> <span class='ocrx_word' id='word_1_27' title='bbox 675 381 835 438; x_wconf 89' lang='lat' dir='ltr'>enuntiandi</span> <span class='ocrx_word' id='word_1_28' title='bbox 846 383 926 439; x_wconf 91' lang='lat' dir='ltr'>ratio·</span> 
     </span>
     <span class='ocr_line' id='line_1_4' title="bbox 126 450 923 525; baseline 0.003 -18"><span class='ocrx_word' id='word_1_29' title='bbox 126 468 188 507; x_wconf 90' lang='lat' dir='ltr'>nem</span> <span class='ocrx_word' id='word_1_30' title='bbox 203 450 230 506; x_wconf 89' lang='lat' dir='ltr'>iu</span> <span class='ocrx_word' id='word_1_31' title='bbox 242 465 273 506; x_wconf 86' lang='lat' dir='ltr'>ea</span> <span class='ocrx_word' id='word_1_32' title='bbox 286 453 412 509; x_wconf 88' lang='lat' dir='ltr'>codicum</span> <span class='ocrx_word' id='word_1_33' title='bbox 424 452 595 508; x_wconf 77' lang='lat' dir='ltr'>dissonantia</span> <span class='ocrx_word' id='word_1_34' title='bbox 608 454 699 525; x_wconf 87' lang='lat' dir='ltr'>putari</span> <span class='ocrx_word' id='word_1_35' title='bbox 718 454 923 525; x_wconf 74' lang='lat' dir='ltr'>preferendam.</span> 
     </span>
     <span class='ocr_line' id='line_1_5' title="bbox 125 525 925 598; baseline 0.004 -20"><span class='ocrx_word' id='word_1_36' title='bbox 125 525 165 579; x_wconf 89' lang='lat' dir='ltr'>De</span> <span class='ocrx_word' id='word_1_37' title='bbox 178 534 276 578; x_wconf 77' lang='lat' dir='ltr'>caetero</span> <span class='ocrx_word' id='word_1_38' title='bbox 291 531 383 578; x_wconf 79' lang='lat' dir='ltr'>textus</span> <span class='ocrx_word' id='word_1_39' title='bbox 397 532 489 579; x_wconf 88' lang='lat' dir='ltr'>noster</span> <span class='ocrx_word' id='word_1_40' title='bbox 505 526 583 580; x_wconf 75' lang='lat' dir='ltr'>Adon</span> <span class='ocrx_word' id='word_1_41' title='bbox 597 543 665 580; x_wconf 89' lang='lat' dir='ltr'>anos</span> <span class='ocrx_word' id='word_1_42' title='bbox 681 538 730 581; x_wconf 88' lang='lat' dir='ltr'>est.</span> <span class='ocrx_word' id='word_1_43' title='bbox 749 527 852 598; x_wconf 78' lang='lat' dir='ltr'>ttarryr</span> <span class='ocrx_word' id='word_1_44' title='bbox 863 526 925 581; x_wconf 91' lang='lat' dir='ltr'>ulti·</span> 
     </span>
     <span class='ocr_line' id='line_1_6' title="bbox 127 594 925 671; baseline 0.005 -21"><span class='ocrx_word' id='word_1_45' title='bbox 127 611 188 650; x_wconf 87' lang='lat' dir='ltr'>mus</span> <span class='ocrx_word' id='word_1_46' title='bbox 199 594 361 650; x_wconf 80' lang='lat' dir='ltr'>Secundiuus</span> <span class='ocrx_word' id='word_1_47' title='bbox 373 611 406 649; x_wconf 80' lang='lat' dir='ltr'>es</span> <span class='ocrx_word' id='word_1_48' title='bbox 417 612 522 663; x_wconf 88' lang='lat' dir='ltr'>eorum,</span> <span class='ocrx_word' id='word_1_49' title='bbox 534 598 641 667; x_wconf 79' lang='lat' dir='ltr'>opinor,</span> <span class='ocrx_word' id='word_1_50' title='bbox 659 607 698 653; x_wconf 87' lang='lat' dir='ltr'>est</span> <span class='ocrx_word' id='word_1_51' title='bbox 718 615 842 665; x_wconf 85' lang='lat' dir='ltr'>nurnero,</span> <span class='ocrx_word' id='word_1_52' title='bbox 858 614 925 671; x_wconf 89' lang='lat' dir='ltr'>quos</span> 
     </span>
     <span class='ocr_line' id='line_1_7' title="bbox 127 665 924 737; baseline 0.004 -15"><span class='ocrx_word' id='word_1_53' title='bbox 127 683 162 722; x_wconf 85' lang='lat' dir='ltr'>ex</span> <span class='ocrx_word' id='word_1_54' title='bbox 181 665 308 736; x_wconf 89' lang='lat' dir='ltr'>llispania</span> <span class='ocrx_word' id='word_1_55' title='bbox 321 665 349 720; x_wconf 91' lang='lat' dir='ltr'>in</span> <span class='ocrx_word' id='word_1_56' title='bbox 360 665 475 722; x_wconf 76' lang='lat' dir='ltr'>Galliam</span> <span class='ocrx_word' id='word_1_57' title='bbox 488 670 582 723; x_wconf 79' lang='lat' dir='ltr'>attulit</span> <span class='ocrx_word' id='word_1_58' title='bbox 594 670 742 737; x_wconf 86' lang='lat' dir='ltr'>Usuardus‚</span> <span class='ocrx_word' id='word_1_59' title='bbox 753 671 867 725; x_wconf 81' lang='lat' dir='ltr'>contuso</span> <span class='ocrx_word' id='word_1_60' title='bbox 878 688 924 725; x_wconf 88' lang='lat' dir='ltr'>nu·</span> 
     </span>
     <span class='ocr_line' id='line_1_8' title="bbox 126 736 924 822; baseline 0.001 -28"><span class='ocrx_word' id='word_1_61' title='bbox 126 738 189 794; x_wconf 90' lang='lat' dir='ltr'>titra</span> <span class='ocrx_word' id='word_1_62' title='bbox 203 736 261 793; x_wconf 88' lang='lat' dir='ltr'>illic</span> <span class='ocrx_word' id='word_1_63' title='bbox 275 745 394 808; x_wconf 87' lang='lat' dir='ltr'>accepta.</span> <span class='ocrx_word' id='word_1_64' title='bbox 413 739 466 793; x_wconf 77' lang='lat' dir='ltr'>Nec</span> <span class='ocrx_word' id='word_1_65' title='bbox 480 755 544 794; x_wconf 84' lang='lat' dir='ltr'>sane</span> <span class='ocrx_word' id='word_1_66' title='bbox 557 739 705 822; x_wconf 89' lang='lat' dir='ltr'>quidquam</span> <span class='ocrx_word' id='word_1_67' title='bbox 729 741 839 814; x_wconf 82' lang='lat' dir='ltr'>Hispani</span> <span class='ocrx_word' id='word_1_68' title='bbox 856 757 924 812; x_wconf 77' lang='lat' dir='ltr'>sug-</span> 
     </span>
     <span class='ocr_line' id='line_1_9' title="bbox 127 809 923 883; baseline 0.005 -19"><span class='ocrx_word' id='word_1_69' title='bbox 127 816 235 881; x_wconf 81' lang='lat' dir='ltr'>gerunt,</span> <span class='ocrx_word' id='word_1_70' title='bbox 253 809 325 863; x_wconf 69' lang='lat' dir='ltr'>irride</span> <span class='ocrx_word' id='word_1_71' title='bbox 339 811 373 864; x_wconf 92' lang='lat' dir='ltr'>de</span> <span class='ocrx_word' id='word_1_72' title='bbox 388 812 642 883; x_wconf 84' lang='lat' dir='ltr'>temporemartyrir</span> <span class='ocrx_word' id='word_1_73' title='bbox 654 813 814 869; x_wconf 78' lang='lat' dir='ltr'>distinctius</span> <span class='ocrx_word' id='word_1_74' title='bbox 825 821 923 869; x_wconf 89' lang='lat' dir='ltr'>statua·</span> 
     </span>
     <span class='ocr_line' id='line_1_10' title="bbox 126 880 924 959; baseline 0.006 -23"><span class='ocrx_word' id='word_1_75' title='bbox 126 888 182 937; x_wconf 93' lang='lat' dir='ltr'>tur.</span> <span class='ocrx_word' id='word_1_76' title='bbox 197 880 253 937; x_wconf 85' lang='lat' dir='ltr'>Nec</span> <span class='ocrx_word' id='word_1_77' title='bbox 266 880 301 937; x_wconf 89' lang='lat' dir='ltr'>ad</span> <span class='ocrx_word' id='word_1_78' title='bbox 315 880 473 938; x_wconf 83' lang='lat' dir='ltr'>Maurorum</span> <span class='ocrx_word' id='word_1_79' title='bbox 497 883 629 940; x_wconf 76' lang='lat' dir='ltr'>[annosam</span> <span class='ocrx_word' id='word_1_80' title='bbox 651 884 728 940; x_wconf 89' lang='lat' dir='ltr'>illam</span> <span class='ocrx_word' id='word_1_81' title='bbox 750 888 924 959; x_wconf 90' lang='lat' dir='ltr'>persecutio-</span> 
     </span>
    </p>
   </div>
   <div class='ocr_carea' id='block_1_4' title="bbox 978 376 1791 884">
    <p class='ocr_par' dir='ltr' id='par_1_4' title="bbox 978 376 1791 884">
     <span class='ocr_line' id='line_1_11' title="bbox 983 376 1789 458; baseline -0.002 -20"><span class='ocrx_word' id='word_1_82' title='bbox 983 399 1057 450; x_wconf 84' lang='lat' dir='ltr'>nere‚</span> <span class='ocrx_word' id='word_1_83' title='bbox 1088 380 1299 436; x_wconf 88' lang='lat' dir='ltr'>verosimillime</span> <span class='ocrx_word' id='word_1_84' title='bbox 1327 378 1442 451; x_wconf 85' lang='lat' dir='ltr'>conjicit</span> <span class='ocrx_word' id='word_1_85' title='bbox 1470 376 1671 458; x_wconf 81' lang='lat' dir='ltr'>Henscbenius,</span> <span class='ocrx_word' id='word_1_86' title='bbox 1724 378 1789 449; x_wconf 78' lang='lat' dir='ltr'>ctis,</span> 
     </span>
     <span class='ocr_line' id='line_1_12' title="bbox 981 449 1791 522; baseline -0.004 -12"><span class='ocrx_word' id='word_1_87' title='bbox 981 455 1078 510; x_wconf 74' lang='lat' dir='ltr'>aliove</span> <span class='ocrx_word' id='word_1_88' title='bbox 1095 453 1281 508; x_wconf 69' lang='lat' dir='ltr'>monumentis</span> <span class='ocrx_word' id='word_1_89' title='bbox 1297 449 1464 507; x_wconf 79' lang='lat' dir='ltr'>certioribus</span> <span class='ocrx_word' id='word_1_90' title='bbox 1477 449 1636 505; x_wconf 82' lang='lat' dir='ltr'>destitutus.</span> <span class='ocrx_word' id='word_1_91' title='bbox 1649 449 1712 507; x_wconf 88' lang='lat' dir='ltr'>Sola</span> <span class='ocrx_word' id='word_1_92' title='bbox 1728 466 1791 522; x_wconf 88' lang='lat' dir='ltr'>pro·</span> 
     </span>
     <span class='ocr_line' id='line_1_13' title="bbox 981 521 1790 581; baseline -0.002 0"><span class='ocrx_word' id='word_1_93' title='bbox 981 525 1045 581; x_wconf 89' lang='lat' dir='ltr'>inde</span> <span class='ocrx_word' id='word_1_94' title='bbox 1062 525 1176 581; x_wconf 89' lang='lat' dir='ltr'>Usuardi</span> <span class='ocrx_word' id='word_1_95' title='bbox 1191 523 1355 580; x_wconf 77' lang='lat' dir='ltr'>airctoritate</span> <span class='ocrx_word' id='word_1_96' title='bbox 1371 521 1422 577; x_wconf 87' lang='lat' dir='ltr'>niti</span> <span class='ocrx_word' id='word_1_97' title='bbox 1435 521 1545 576; x_wconf 81' lang='lat' dir='ltr'>ridetur</span> <span class='ocrx_word' id='word_1_98' title='bbox 1561 522 1704 577; x_wconf 74' lang='lat' dir='ltr'>Semndioi</span> <span class='ocrx_word' id='word_1_99' title='bbox 1715 539 1790 579; x_wconf 90' lang='lat' dir='ltr'>cum·</span> 
     </span>
     <span class='ocr_line' id='line_1_14' title="bbox 982 591 1791 665; baseline -0.002 -13"><span class='ocrx_word' id='word_1_100' title='bbox 982 597 1153 652; x_wconf 77' lang='lat' dir='ltr'>merrroratio.</span> <span class='ocrx_word' id='word_1_101' title='bbox 1175 597 1225 651; x_wconf 87' lang='lat' dir='ltr'>llic</span> <span class='ocrx_word' id='word_1_102' title='bbox 1245 610 1311 649; x_wconf 84' lang='lat' dir='ltr'>veru</span> <span class='ocrx_word' id='word_1_103' title='bbox 1328 593 1510 665; x_wconf 78' lang='lat' dir='ltr'>undocunque</span> <span class='ocrx_word' id='word_1_104' title='bbox 1525 609 1587 649; x_wconf 89' lang='lat' dir='ltr'>eum</span> <span class='ocrx_word' id='word_1_105' title='bbox 1603 591 1715 660; x_wconf 87' lang='lat' dir='ltr'>eruerit,</span> <span class='ocrx_word' id='word_1_106' title='bbox 1734 593 1791 665; x_wconf 91' lang='lat' dir='ltr'>pri-</span> 
     </span>
     <span class='ocr_line' id='line_1_15' title="bbox 981 663 1791 738; baseline -0.001 -15"><span class='ocrx_word' id='word_1_107' title='bbox 981 686 1041 725; x_wconf 90' lang='lat' dir='ltr'>mus</span> <span class='ocrx_word' id='word_1_108' title='bbox 1062 675 1103 722; x_wconf 83' lang='lat' dir='ltr'>est</span> <span class='ocrx_word' id='word_1_109' title='bbox 1124 666 1218 738; x_wconf 90' lang='lat' dir='ltr'>quiin</span> <span class='ocrx_word' id='word_1_110' title='bbox 1244 666 1328 722; x_wconf 90' lang='lat' dir='ltr'>sacris</span> <span class='ocrx_word' id='word_1_111' title='bbox 1357 663 1444 720; x_wconf 86' lang='lat' dir='ltr'>Fastis</span> <span class='ocrx_word' id='word_1_112' title='bbox 1468 664 1652 737; x_wconf 79' lang='lat' dir='ltr'>consignarit,</span> <span class='ocrx_word' id='word_1_113' title='bbox 1676 671 1791 738; x_wconf 85' lang='lat' dir='ltr'>taruquc</span> 
     </span>
     <span class='ocr_line' id='line_1_16' title="bbox 979 734 1790 809; baseline -0.004 -13"><span class='ocrx_word' id='word_1_114' title='bbox 979 749 1053 796; x_wconf 90' lang='lat' dir='ltr'>certo</span> <span class='ocrx_word' id='word_1_115' title='bbox 1070 740 1097 794; x_wconf 92' lang='lat' dir='ltr'>in</span> <span class='ocrx_word' id='word_1_116' title='bbox 1114 739 1165 795; x_wconf 86' lang='lat' dir='ltr'>bac</span> <span class='ocrx_word' id='word_1_117' title='bbox 1185 747 1260 809; x_wconf 89' lang='lat' dir='ltr'>parte</span> <span class='ocrx_word' id='word_1_118' title='bbox 1279 737 1311 792; x_wconf 76' lang='lat' dir='ltr'>de</span> <span class='ocrx_word' id='word_1_119' title='bbox 1333 734 1395 808; x_wconf 91' lang='lat' dir='ltr'>ejus</span> <span class='ocrx_word' id='word_1_120' title='bbox 1420 737 1472 792; x_wconf 93' lang='lat' dir='ltr'>lect</span> <span class='ocrx_word' id='word_1_121' title='bbox 1486 753 1537 792; x_wconf 90' lang='lat' dir='ltr'>oue</span> <span class='ocrx_word' id='word_1_122' title='bbox 1561 744 1678 802; x_wconf 82' lang='lat' dir='ltr'>constat,</span> <span class='ocrx_word' id='word_1_123' title='bbox 1704 752 1790 809; x_wconf 89' lang='lat' dir='ltr'>quam</span> 
     </span>
     <span class='ocr_line' id='line_1_17' title="bbox 978 807 1716 884; baseline -0.005 -16"><span class='ocrx_word' id='word_1_124' title='bbox 978 820 1083 868; x_wconf 91' lang='lat' dir='ltr'>certum</span> <span class='ocrx_word' id='word_1_125' title='bbox 1099 819 1150 880; x_wconf 89' lang='lat' dir='ltr'>est,</span> <span class='ocrx_word' id='word_1_126' title='bbox 1167 811 1273 884; x_wconf 90' lang='lat' dir='ltr'>reliqua</span> <span class='ocrx_word' id='word_1_127' title='bbox 1287 824 1384 866; x_wconf 82' lang='lat' dir='ltr'>omnia</span> <span class='ocrx_word' id='word_1_128' title='bbox 1401 824 1437 864; x_wconf 85' lang='lat' dir='ltr'>ex</span> <span class='ocrx_word' id='word_1_129' title='bbox 1450 808 1546 865; x_wconf 83' lang='lat' dir='ltr'>Adone</span> <span class='ocrx_word' id='word_1_130' title='bbox 1561 807 1716 882; x_wconf 87' lang='lat' dir='ltr'>desumpta.</span> 
     </span>
    </p>
   </div>
   <div class='ocr_carea' id='block_1_5' title="bbox 854 1027 1045 1087">
    <p class='ocr_par' dir='ltr' id='par_1_5' title="bbox 854 1027 1045 1087">
     <span class='ocr_line' id='line_1_18' title="bbox 854 1027 1045 1087; baseline 0.005 -1"><span class='ocrx_word' id='word_1_131' title='bbox 854 1027 1045 1087; x_wconf 77' lang='lat' dir='ltr'>adernam.</span> 
     </span>
    </p>
   </div>
   <div class='ocr_carea' id='block_1_6' title="bbox 127 1146 935 3296">
    <p class='ocr_par' dir='ltr' id='par_1_6' title="bbox 127 1146 928 1565">
     <span class='ocr_line' id='line_1_19' title="bbox 163 1146 926 1223; baseline 0.005 -18"><span class='ocrx_word' id='word_1_132' title='bbox 163 1146 312 1205; x_wconf 79' lang='lat' dir='ltr'>Hanrursu.</span> <span class='ocrx_word' id='word_1_133' title='bbox 323 1147 472 1221; x_wconf 91' lang='lat' dir='ltr'>purissimo</span> <span class='ocrx_word' id='word_1_134' title='bbox 483 1150 570 1206; x_wconf 82' lang='lat' dir='ltr'>textui</span> <span class='ocrx_word' id='word_1_135' title='bbox 583 1149 695 1223; x_wconf 85' lang='lat' dir='ltr'>subjicit</span> <span class='ocrx_word' id='word_1_136' title='bbox 709 1168 715 1209; x_wconf 91' lang='lat'>:</span> <span class='ocrx_word' id='word_1_137' title='bbox 734 1175 743 1199; x_wconf 80' lang='grc' dir='ltr'><strong>ι</strong></span> <span class='ocrx_word' id='word_1_138' title='bbox 757 1151 823 1210; x_wconf 90' lang='lat' dir='ltr'>item</span> <span class='ocrx_word' id='word_1_139' title='bbox 837 1153 926 1211; x_wconf 89' lang='lat' dir='ltr'>sancti</span> 
     </span>
     <span class='ocr_line' id='line_1_20' title="bbox 127 1221 926 1294; baseline 0.001 -15"><span class='ocrx_word' id='word_1_140' title='bbox 127 1222 244 1279; x_wconf 84' lang='lat' dir='ltr'>Romani</span> <span class='ocrx_word' id='word_1_141' title='bbox 255 1221 414 1277; x_wconf 79' lang='lat' dir='ltr'>monachi.»</span> <span class='ocrx_word' id='word_1_142' title='bbox 430 1221 503 1293; x_wconf 74' lang='lat' dir='ltr'>ujus,</span> <span class='ocrx_word' id='word_1_143' title='bbox 515 1224 624 1294; x_wconf 87' lang='lat' dir='ltr'>opinor,</span> <span class='ocrx_word' id='word_1_144' title='bbox 636 1224 680 1294; x_wconf 86' lang='lat' dir='ltr'>qui</span> <span class='ocrx_word' id='word_1_145' title='bbox 697 1224 742 1280; x_wconf 88' lang='lat' dir='ltr'>die</span> <span class='ocrx_word' id='word_1_146' title='bbox 756 1241 785 1279; x_wconf 87' lang='lat' dir='ltr'>se</span> <span class='ocrx_word' id='word_1_147' title='bbox 806 1227 879 1281; x_wconf 90' lang='lat' dir='ltr'>uenti</span> <span class='ocrx_word' id='word_1_148' title='bbox 896 1225 926 1280; x_wconf 94' lang='lat' dir='ltr'>in</span> 
     </span>
     <span class='ocr_line' id='line_1_21' title="bbox 127 1241 926 1364; baseline 0.001 -14"><span class='ocrx_word' id='word_1_149' title='bbox 127 1293 206 1350; x_wconf 80' lang='lat' dir='ltr'>Actis</span> <span class='ocrx_word' id='word_1_150' title='bbox 221 1292 342 1364; x_wconf 88' lang='lat' dir='ltr'>ponitur,</span> <span class='ocrx_word' id='word_1_151' title='bbox 357 1300 384 1348; x_wconf 90' lang='lat' dir='ltr'>et</span> <span class='ocrx_word' id='word_1_152' title='bbox 398 1293 427 1348; x_wconf 91' lang='lat' dir='ltr'>iu</span> <span class='ocrx_word' id='word_1_153' title='bbox 443 1294 536 1350; x_wconf 88' lang='lat' dir='ltr'>codice</span> <span class='ocrx_word' id='word_1_154' title='bbox 550 1295 670 1351; x_wconf 84' lang='lat' dir='ltr'>Pratensi</span> <span class='ocrx_word' id='word_1_155' title='bbox 683 1241 834 1352; x_wconf 59' lang='lat' dir='ltr'>eodemiie</span> <span class='ocrx_word' id='word_1_156' title='bbox 849 1298 926 1353; x_wconf 86' lang='lat' dir='ltr'>Seno·</span> 
     </span>
     <span class='ocr_line' id='line_1_22' title="bbox 127 1364 927 1438; baseline 0.004 -18"><span class='ocrx_word' id='word_1_157' title='bbox 127 1366 205 1420; x_wconf 75' lang='lat' dir='ltr'>nitria</span> <span class='ocrx_word' id='word_1_158' title='bbox 233 1364 376 1419; x_wconf 89' lang='lat' dir='ltr'>tribuitur.</span> <span class='ocrx_word' id='word_1_159' title='bbox 396 1365 467 1420; x_wconf 88' lang='lat' dir='ltr'>Hinc</span> <span class='ocrx_word' id='word_1_160' title='bbox 487 1365 645 1437; x_wconf 85' lang='lat' dir='ltr'>conjectura</span> <span class='ocrx_word' id='word_1_161' title='bbox 670 1375 721 1432; x_wconf 88' lang='lat' dir='ltr'>est,</span> <span class='ocrx_word' id='word_1_162' title='bbox 751 1367 927 1438; x_wconf 81' lang='lat' dir='ltr'>peculiariter</span> 
     </span>
     <span class='ocr_line' id='line_1_23' title="bbox 127 1435 928 1512; baseline 0.001 -19"><span class='ocrx_word' id='word_1_163' title='bbox 127 1437 233 1493; x_wconf 89' lang='lat' dir='ltr'>cultum</span> <span class='ocrx_word' id='word_1_164' title='bbox 250 1436 402 1491; x_wconf 85' lang='lat' dir='ltr'>Romanum</span> <span class='ocrx_word' id='word_1_165' title='bbox 419 1435 449 1492; x_wconf 93' lang='lat' dir='ltr'>in</span> <span class='ocrx_word' id='word_1_166' title='bbox 464 1453 495 1494; x_wconf 88' lang='lat' dir='ltr'>ea</span> <span class='ocrx_word' id='word_1_167' title='bbox 509 1439 624 1494; x_wconf 85' lang='lat' dir='ltr'>ecclesia</span> <span class='ocrx_word' id='word_1_168' title='bbox 637 1440 681 1494; x_wconf 92' lang='lat' dir='ltr'>vel</span> <span class='ocrx_word' id='word_1_169' title='bbox 695 1439 832 1508; x_wconf 86' lang='lat' dir='ltr'>coenobio,</span> <span class='ocrx_word' id='word_1_170' title='bbox 848 1437 928 1512; x_wconf 84' lang='lat' dir='ltr'>cujus</span> 
     </span>
     <span class='ocr_line' id='line_1_24' title="bbox 127 1507 562 1565; baseline 0.002 -2"><span class='ocrx_word' id='word_1_171' title='bbox 127 1508 194 1563; x_wconf 91' lang='lat' dir='ltr'>oliur</span> <span class='ocrx_word' id='word_1_172' title='bbox 210 1507 263 1561; x_wconf 86' lang='lat' dir='ltr'>luit</span> <span class='ocrx_word' id='word_1_173' title='bbox 280 1507 450 1563; x_wconf 86' lang='lat' dir='ltr'>llerinieusis</span> <span class='ocrx_word' id='word_1_174' title='bbox 464 1508 562 1565; x_wconf 82' lang='lat' dir='ltr'>codex.</span> 
     </span>
    </p>

    <p class='ocr_par' dir='ltr' id='par_1_7' title="bbox 127 1578 928 1936">
     <span class='ocr_line' id='line_1_25' title="bbox 164 1578 926 1662; baseline 0.004 -28"><span class='ocrx_word' id='word_1_175' title='bbox 164 1579 312 1634; x_wconf 83' lang='lat' dir='ltr'>lloswarn.</span> <span class='ocrx_word' id='word_1_176' title='bbox 332 1578 360 1633; x_wconf 89' lang='lat' dir='ltr'>in</span> <span class='ocrx_word' id='word_1_177' title='bbox 375 1578 448 1634; x_wconf 85' lang='lat' dir='ltr'>sins:</span> <span class='ocrx_word' id='word_1_178' title='bbox 472 1582 526 1634; x_wconf 76' lang='lat' dir='ltr'>«ln</span> <span class='ocrx_word' id='word_1_179' title='bbox 544 1580 641 1662; x_wconf 74' lang='lat' dir='ltr'>Angla,</span> <span class='ocrx_word' id='word_1_180' title='bbox 661 1580 786 1638; x_wconf 90' lang='lat' dir='ltr'>Valentis</span> <span class='ocrx_word' id='word_1_181' title='bbox 805 1580 926 1653; x_wconf 87' lang='lat' dir='ltr'>episcopi</span> 
     </span>
     <span class='ocr_line' id='line_1_26' title="bbox 128 1648 926 1723; baseline 0.003 -17"><span class='ocrx_word' id='word_1_182' title='bbox 128 1657 154 1706; x_wconf 88' lang='lat' dir='ltr'>et</span> <span class='ocrx_word' id='word_1_183' title='bbox 176 1649 316 1721; x_wconf 83' lang='lat' dir='ltr'>martyris,</span> <span class='ocrx_word' id='word_1_184' title='bbox 337 1648 459 1705; x_wconf 80' lang='lat' dir='ltr'>ianuarii</span> <span class='ocrx_word' id='word_1_185' title='bbox 479 1658 618 1723; x_wconf 83' lang='lat' dir='ltr'>martyrrs</span> <span class='ocrx_word' id='word_1_186' title='bbox 643 1676 652 1700; x_wconf 84' lang='lat'><em>·</em></span> <span class='ocrx_word' id='word_1_187' title='bbox 686 1652 756 1707; x_wconf 84' lang='lat' dir='ltr'>Vide</span> <span class='ocrx_word' id='word_1_188' title='bbox 780 1652 926 1709; x_wconf 88' lang='lat' dir='ltr'>elenchum</span> 
     </span>
     <span class='ocr_line' id='line_1_27' title="bbox 127 1721 927 1796; baseline 0.005 -19"><span class='ocrx_word' id='word_1_189' title='bbox 127 1721 377 1777; x_wconf 87' lang='lat' dir='ltr'>Praetermissorum</span> <span class='ocrx_word' id='word_1_190' title='bbox 386 1730 413 1777; x_wconf 91' lang='lat' dir='ltr'>et</span> <span class='ocrx_word' id='word_1_191' title='bbox 424 1721 496 1777; x_wconf 88' lang='lat' dir='ltr'>diem</span> <span class='ocrx_word' id='word_1_192' title='bbox 509 1731 677 1793; x_wconf 77' lang='lat' dir='ltr'>sequentem,</span> <span class='ocrx_word' id='word_1_193' title='bbox 690 1723 760 1780; x_wconf 84' lang='lat' dir='ltr'>Vide</span> <span class='ocrx_word' id='word_1_194' title='bbox 770 1723 854 1778; x_wconf 90' lang='lat' dir='ltr'>etiarn</span> <span class='ocrx_word' id='word_1_195' title='bbox 867 1741 927 1796; x_wconf 79' lang='lat' dir='ltr'>quas</span> 
     </span>
     <span class='ocr_line' id='line_1_28' title="bbox 127 1791 928 1868; baseline 0.004 -19"><span class='ocrx_word' id='word_1_196' title='bbox 127 1793 162 1850; x_wconf 90' lang='lat' dir='ltr'>de</span> <span class='ocrx_word' id='word_1_197' title='bbox 177 1793 291 1847; x_wconf 83' lang='lat' dir='ltr'>Valente</span> <span class='ocrx_word' id='word_1_198' title='bbox 311 1791 420 1848; x_wconf 86' lang='lat' dir='ltr'>hoodie</span> <span class='ocrx_word' id='word_1_199' title='bbox 434 1793 542 1849; x_wconf 89' lang='lat' dir='ltr'>notavit</span> <span class='ocrx_word' id='word_1_200' title='bbox 556 1794 728 1852; x_wconf 87' lang='lat' dir='ltr'>Castellanus</span> <span class='ocrx_word' id='word_1_201' title='bbox 742 1796 770 1850; x_wconf 93' lang='lat' dir='ltr'>in</span> <span class='ocrx_word' id='word_1_202' title='bbox 785 1795 928 1868; x_wconf 87' lang='lat' dir='ltr'>Martyro-</span> 
     </span>
     <span class='ocr_line' id='line_1_29' title="bbox 129 1863 377 1936; baseline 0.004 -17"><span class='ocrx_word' id='word_1_203' title='bbox 129 1863 202 1936; x_wconf 72' lang='lat' dir='ltr'>loqio</span> <span class='ocrx_word' id='word_1_204' title='bbox 216 1864 377 1921; x_wconf 89' lang='lat' dir='ltr'>universali.</span> 
     </span>
    </p>

    <p class='ocr_par' dir='ltr' id='par_1_8' title="bbox 128 1935 935 2366">
     <span class='ocr_line' id='line_1_30' title="bbox 164 1935 927 2007; baseline 0.003 -14"><span class='ocrx_word' id='word_1_205' title='bbox 164 1935 333 1993; x_wconf 77' lang='lat' dir='ltr'>Cumaeam:</span> <span class='ocrx_word' id='word_1_206' title='bbox 345 1936 392 1993; x_wconf 86' lang='lat' dir='ltr'>·lu</span> <span class='ocrx_word' id='word_1_207' title='bbox 406 1936 569 1994; x_wconf 85' lang='lat' dir='ltr'>Mauritania</span> <span class='ocrx_word' id='word_1_208' title='bbox 582 1936 754 2007; x_wconf 69' lang='lat' dir='ltr'>Caesariensi,</span> <span class='ocrx_word' id='word_1_209' title='bbox 769 1945 927 1996; x_wconf 88' lang='lat' dir='ltr'>sanctorum</span> 
     </span>
     <span class='ocr_line' id='line_1_31' title="bbox 128 2006 931 2084; baseline 0.002 -20"><span class='ocrx_word' id='word_1_210' title='bbox 128 2006 258 2077; x_wconf 75' lang='lat' dir='ltr'>Timolai,</span> <span class='ocrx_word' id='word_1_211' title='bbox 273 2007 344 2065; x_wconf 91' lang='lat' dir='ltr'>Polii</span> <span class='ocrx_word' id='word_1_212' title='bbox 359 2016 387 2064; x_wconf 90' lang='lat' dir='ltr'>et</span> <span class='ocrx_word' id='word_1_213' title='bbox 400 2009 503 2065; x_wconf 82' lang='lat' dir='ltr'>Euticri</span> <span class='ocrx_word' id='word_1_214' title='bbox 523 2009 643 2067; x_wconf 90' lang='lat' dir='ltr'>diaconi.</span> <span class='ocrx_word' id='word_1_215' title='bbox 655 2010 776 2068; x_wconf 75' lang='lat' dir='ltr'>Cesarea</span> <span class='ocrx_word' id='word_1_216' title='bbox 793 2011 931 2084; x_wconf 86' lang='lat' dir='ltr'>Cappado-</span> 
     </span>
     <span class='ocr_line' id='line_1_32' title="bbox 129 2079 933 2148; baseline 0.004 -13"><span class='ocrx_word' id='word_1_217' title='bbox 129 2079 189 2148; x_wconf 84' lang='lat' dir='ltr'>oiae,</span> <span class='ocrx_word' id='word_1_218' title='bbox 205 2086 361 2136; x_wconf 90' lang='lat' dir='ltr'>sanctorum</span> <span class='ocrx_word' id='word_1_219' title='bbox 384 2079 511 2148; x_wconf 88' lang='lat' dir='ltr'>Poliucti,</span> <span class='ocrx_word' id='word_1_220' title='bbox 531 2081 652 2139; x_wconf 88' lang='lat' dir='ltr'>Victoris</span> <span class='ocrx_word' id='word_1_221' title='bbox 674 2092 701 2139; x_wconf 89' lang='lat' dir='ltr'>et</span> <span class='ocrx_word' id='word_1_222' title='bbox 724 2084 834 2139; x_wconf 87' lang='lat' dir='ltr'>Donati.</span> <span class='ocrx_word' id='word_1_223' title='bbox 852 2082 933 2139; x_wconf 81' lang='lat' dir='ltr'>Anti·</span> 
     </span>
     <span class='ocr_line' id='line_1_33' title="bbox 129 2150 935 2226; baseline 0.002 -19"><span class='ocrx_word' id='word_1_224' title='bbox 129 2150 244 2219; x_wconf 89' lang='lat' dir='ltr'>siodori,</span> <span class='ocrx_word' id='word_1_225' title='bbox 259 2151 347 2207; x_wconf 88' lang='lat' dir='ltr'>sancti</span> <span class='ocrx_word' id='word_1_226' title='bbox 372 2151 449 2208; x_wconf 87' lang='lat' dir='ltr'>Valis</span> <span class='ocrx_word' id='word_1_227' title='bbox 465 2153 616 2226; x_wconf 84' lang='lat' dir='ltr'>presbyteri</span> <span class='ocrx_word' id='word_1_228' title='bbox 633 2164 660 2212; x_wconf 92' lang='lat' dir='ltr'>et</span> <span class='ocrx_word' id='word_1_229' title='bbox 675 2155 853 2211; x_wconf 87' lang='lat' dir='ltr'>contessoris.</span> <span class='ocrx_word' id='word_1_230' title='bbox 870 2155 935 2212; x_wconf 92' lang='lat' dir='ltr'>Cor·</span> 
     </span>
     <span class='ocr_line' id='line_1_34' title="bbox 129 2222 934 2299; baseline 0.006 -22"><span class='ocrx_word' id='word_1_231' title='bbox 129 2222 220 2290; x_wconf 83' lang='lat' dir='ltr'>dubae,</span> <span class='ocrx_word' id='word_1_232' title='bbox 244 2222 330 2278; x_wconf 90' lang='lat' dir='ltr'>sancti</span> <span class='ocrx_word' id='word_1_233' title='bbox 358 2223 509 2281; x_wconf 87' lang='lat' dir='ltr'>Secundini</span> <span class='ocrx_word' id='word_1_234' title='bbox 534 2225 674 2299; x_wconf 87' lang='lat' dir='ltr'>martyris.</span> <span class='ocrx_word' id='word_1_235' title='bbox 692 2245 704 2275; x_wconf 74' lang='grc' dir='ltr'>ι·</span> <span class='ocrx_word' id='word_1_236' title='bbox 727 2228 767 2282; x_wconf 81' lang='lat' dir='ltr'>ns</span> <span class='ocrx_word' id='word_1_237' title='bbox 786 2228 865 2295; x_wconf 90' lang='lat' dir='ltr'>Vale,</span> <span class='ocrx_word' id='word_1_238' title='bbox 886 2242 934 2283; x_wconf 86' lang='lat' dir='ltr'>seu</span> 
     </span>
     <span class='ocr_line' id='line_1_35' title="bbox 129 2293 548 2366; baseline 0.005 -15"><span class='ocrx_word' id='word_1_239' title='bbox 129 2293 256 2357; x_wconf 81' lang='lat' dir='ltr'>Valente,</span> <span class='ocrx_word' id='word_1_240' title='bbox 273 2295 399 2366; x_wconf 89' lang='lat' dir='ltr'>proxime</span> <span class='ocrx_word' id='word_1_241' title='bbox 413 2296 548 2353; x_wconf 80' lang='lat' dir='ltr'>dinirnus.</span> 
     </span>
    </p>

    <p class='ocr_par' dir='ltr' id='par_1_9' title="bbox 129 2365 934 3223">
     <span class='ocr_line' id='line_1_36' title="bbox 165 2365 932 2442; baseline 0.007 -22"><span class='ocrx_word' id='word_1_242' title='bbox 165 2365 358 2436; x_wconf 72' lang='lat' dir='ltr'>Bnuxsmnn,</span> <span class='ocrx_word' id='word_1_243' title='bbox 376 2367 403 2422; x_wconf 94' lang='lat' dir='ltr'>in</span> <span class='ocrx_word' id='word_1_244' title='bbox 425 2369 511 2440; x_wconf 91' lang='lat' dir='ltr'>prima</span> <span class='ocrx_word' id='word_1_245' title='bbox 527 2369 738 2426; x_wconf 87' lang='lat' dir='ltr'>annuntiatione</span> <span class='ocrx_word' id='word_1_246' title='bbox 753 2369 821 2427; x_wconf 89' lang='lat' dir='ltr'>satis</span> <span class='ocrx_word' id='word_1_247' title='bbox 837 2384 932 2442; x_wconf 89' lang='lat' dir='ltr'>purus,</span> 
     </span>
     <span class='ocr_line' id='line_1_37' title="bbox 129 2435 932 2526; baseline 0.004 -32"><span class='ocrx_word' id='word_1_248' title='bbox 129 2435 170 2494; x_wconf 83' lang='lat' dir='ltr'>sic</span> <span class='ocrx_word' id='word_1_249' title='bbox 185 2439 290 2526; x_wconf 68' lang='lat' dir='ltr'>pergit:</span> <span class='ocrx_word' id='word_1_250' title='bbox 315 2439 369 2494; x_wconf 88' lang='lat' dir='ltr'>·Et</span> <span class='ocrx_word' id='word_1_251' title='bbox 379 2443 465 2497; x_wconf 87' lang='lat' dir='ltr'>sancti</span> <span class='ocrx_word' id='word_1_252' title='bbox 482 2441 607 2497; x_wconf 88' lang='lat' dir='ltr'>Valentis</span> <span class='ocrx_word' id='word_1_253' title='bbox 621 2441 741 2515; x_wconf 72' lang='lat' dir='ltr'>episcopi</span> <span class='ocrx_word' id='word_1_254' title='bbox 753 2451 780 2498; x_wconf 88' lang='lat' dir='ltr'>et</span> <span class='ocrx_word' id='word_1_255' title='bbox 791 2441 932 2513; x_wconf 83' lang='lat' dir='ltr'>martyris.</span> 
     </span>
     <span class='ocr_line' id='line_1_38' title="bbox 130 2508 933 2584; baseline 0.004 -19"><span class='ocrx_word' id='word_1_256' title='bbox 130 2510 212 2581; x_wconf 77' lang='lat' dir='ltr'>Apud</span> <span class='ocrx_word' id='word_1_257' title='bbox 227 2508 377 2566; x_wconf 78' lang='lat' dir='ltr'>Casaroanr</span> <span class='ocrx_word' id='word_1_258' title='bbox 393 2512 582 2584; x_wconf 76' lang='lat' dir='ltr'>Cappadocia,</span> <span class='ocrx_word' id='word_1_259' title='bbox 599 2515 689 2570; x_wconf 89' lang='lat' dir='ltr'>natale</span> <span class='ocrx_word' id='word_1_260' title='bbox 708 2522 864 2571; x_wconf 83' lang='lat' dir='ltr'>sanctoruni</span> <span class='ocrx_word' id='word_1_261' title='bbox 884 2513 933 2568; x_wconf 92' lang='lat' dir='ltr'>Po·</span> 
     </span>
     <span class='ocr_line' id='line_1_39' title="bbox 130 2580 933 2653; baseline 0.002 -17"><span class='ocrx_word' id='word_1_262' title='bbox 130 2580 237 2648; x_wconf 89' lang='lat' dir='ltr'>lieucti,</span> <span class='ocrx_word' id='word_1_263' title='bbox 256 2581 378 2636; x_wconf 81' lang='lat' dir='ltr'>Victoris</span> <span class='ocrx_word' id='word_1_264' title='bbox 391 2592 415 2637; x_wconf 90' lang='lat' dir='ltr'>et</span> <span class='ocrx_word' id='word_1_265' title='bbox 425 2584 536 2640; x_wconf 85' lang='lat' dir='ltr'>ltonati.</span> <span class='ocrx_word' id='word_1_266' title='bbox 547 2584 651 2640; x_wconf 88' lang='lat' dir='ltr'>Eodem</span> <span class='ocrx_word' id='word_1_267' title='bbox 663 2584 707 2640; x_wconf 90' lang='lat' dir='ltr'>die</span> <span class='ocrx_word' id='word_1_268' title='bbox 717 2587 750 2641; x_wconf 84' lang='lat' dir='ltr'>de</span> <span class='ocrx_word' id='word_1_269' title='bbox 771 2585 853 2653; x_wconf 87' lang='lat' dir='ltr'>ositio</span> <span class='ocrx_word' id='word_1_270' title='bbox 863 2584 933 2641; x_wconf 89' lang='lat' dir='ltr'>Con·</span> 
     </span>
     <span class='ocr_line' id='line_1_40' title="bbox 130 2603 933 2724; baseline 0.006 -20"><span class='ocrx_word' id='word_1_271' title='bbox 130 2649 245 2708; x_wconf 89' lang='lat' dir='ltr'>stantini</span> <span class='ocrx_word' id='word_1_272' title='bbox 260 2650 352 2720; x_wconf 74' lang='lat' dir='ltr'>ldaqmi</span> <span class='ocrx_word' id='word_1_273' title='bbox 375 2652 559 2723; x_wconf 87' lang='lat' dir='ltr'>imperatoris,</span> <span class='ocrx_word' id='word_1_274' title='bbox 575 2656 622 2724; x_wconf 92' lang='lat' dir='ltr'>qui</span> <span class='ocrx_word' id='word_1_275' title='bbox 639 2656 710 2709; x_wconf 82' lang='lat' dir='ltr'>riam</span> <span class='ocrx_word' id='word_1_276' title='bbox 732 2603 793 2717; x_wconf 67' lang='lat' dir='ltr'>ttici</span> <span class='ocrx_word' id='word_1_277' title='bbox 810 2664 837 2710; x_wconf 91' lang='lat' dir='ltr'>et</span> <span class='ocrx_word' id='word_1_278' title='bbox 851 2655 933 2710; x_wconf 82' lang='lat' dir='ltr'>devo·</span> 
     </span>
     <span class='ocr_line' id='line_1_41' title="bbox 130 2720 933 2798; baseline 0.005 -21"><span class='ocrx_word' id='word_1_279' title='bbox 130 2721 217 2777; x_wconf 90' lang='lat' dir='ltr'>tionis</span> <span class='ocrx_word' id='word_1_280' title='bbox 238 2720 410 2794; x_wconf 89' lang='lat' dir='ltr'>principibus</span> <span class='ocrx_word' id='word_1_281' title='bbox 431 2724 555 2795; x_wconf 88' lang='lat' dir='ltr'>reliquit,</span> <span class='ocrx_word' id='word_1_282' title='bbox 577 2731 604 2779; x_wconf 91' lang='lat' dir='ltr'>et</span> <span class='ocrx_word' id='word_1_283' title='bbox 627 2741 707 2797; x_wconf 90' lang='lat' dir='ltr'>quem</span> <span class='ocrx_word' id='word_1_284' title='bbox 733 2725 881 2798; x_wconf 65' lang='lat' dir='ltr'>Gregorius</span> <span class='ocrx_word' id='word_1_285' title='bbox 903 2726 933 2782; x_wconf 93' lang='lat' dir='ltr'>in</span> 
     </span>
     <span class='ocr_line' id='line_1_42' title="bbox 130 2791 931 2922; baseline 0.004 -73"><span class='ocrx_word' id='word_1_286' title='bbox 130 2791 266 2863; x_wconf 76' lang='lat' dir='ltr'>Registro,</span> <span class='ocrx_word' id='word_1_287' title='bbox 296 2798 323 2847; x_wconf 91' lang='lat' dir='ltr'>et</span> <span class='ocrx_word' id='word_1_288' title='bbox 343 2792 507 2850; x_wconf 78' lang='lat' dir='ltr'>Ambrosius</span> <span class='ocrx_word' id='word_1_289' title='bbox 531 2811 612 2922; x_wconf 72' lang='lat' dir='ltr'>suqer</span> <span class='ocrx_word' id='word_1_290' title='bbox 636 2796 768 2867; x_wconf 82' lang='lat' dir='ltr'>qsalmum</span> <span class='ocrx_word' id='word_1_291' title='bbox 794 2797 931 2853; x_wconf 87' lang='lat' dir='ltr'>decinrum</span> 
     </span>
     <span class='ocr_line' id='line_1_43' title="bbox 131 2864 933 2940; baseline 0.009 -23"><span class='ocrx_word' id='word_1_292' title='bbox 131 2876 271 2935; x_wconf 84' lang='lat' dir='ltr'>quartum,</span> <span class='ocrx_word' id='word_1_293' title='bbox 293 2879 326 2919; x_wconf 90' lang='lat' dir='ltr'>ac</span> <span class='ocrx_word' id='word_1_294' title='bbox 351 2864 472 2922; x_wconf 90' lang='lat' dir='ltr'>isidorus</span> <span class='ocrx_word' id='word_1_295' title='bbox 492 2866 521 2922; x_wconf 92' lang='lat' dir='ltr'>in</span> <span class='ocrx_word' id='word_1_296' title='bbox 545 2867 565 2925; x_wconf 90' lang='lat' dir='ltr'>C</span> <span class='ocrx_word' id='word_1_297' title='bbox 589 2868 701 2936; x_wconf 91' lang='lat' dir='ltr'>ronicis,</span> <span class='ocrx_word' id='word_1_298' title='bbox 725 2869 815 2940; x_wconf 71' lang='lat' dir='ltr'>nrapni</span> <span class='ocrx_word' id='word_1_299' title='bbox 841 2868 933 2924; x_wconf 82' lang='lat' dir='ltr'>ureriti</span> 
     </span>
     <span class='ocr_line' id='line_1_44' title="bbox 130 2934 932 3006; baseline 0.005 -14"><span class='ocrx_word' id='word_1_300' title='bbox 130 2934 204 3006; x_wconf 88' lang='lat' dir='ltr'>apud</span> <span class='ocrx_word' id='word_1_301' title='bbox 218 2934 306 2991; x_wconf 87' lang='lat' dir='ltr'>Deum</span> <span class='ocrx_word' id='word_1_302' title='bbox 318 2935 413 3004; x_wconf 87' lang='lat' dir='ltr'>luisse,</span> <span class='ocrx_word' id='word_1_303' title='bbox 425 2953 456 2993; x_wconf 90' lang='lat' dir='ltr'>ac</span> <span class='ocrx_word' id='word_1_304' title='bbox 464 2938 550 2993; x_wconf 85' lang='lat' dir='ltr'>vitam</span> <span class='ocrx_word' id='word_1_305' title='bbox 561 2939 679 2995; x_wconf 80' lang='lat' dir='ltr'>feliciter</span> <span class='ocrx_word' id='word_1_306' title='bbox 689 2940 849 2995; x_wconf 87' lang='lat' dir='ltr'>terminasse</span> <span class='ocrx_word' id='word_1_307' title='bbox 860 2957 932 2997; x_wconf 90' lang='lat' dir='ltr'>com·</span> 
     </span>
     <span class='ocr_line' id='line_1_45' title="bbox 130 3005 933 3079; baseline 0.006 -18"><span class='ocrx_word' id='word_1_308' title='bbox 130 3015 275 3062; x_wconf 88' lang='lat' dir='ltr'>memorat.</span> <span class='ocrx_word' id='word_1_309' title='bbox 293 3005 412 3064; x_wconf 76' lang='lat' dir='ltr'>Ciuitate</span> <span class='ocrx_word' id='word_1_310' title='bbox 432 3009 570 3079; x_wconf 80' lang='lat' dir='ltr'>Corduba,</span> <span class='ocrx_word' id='word_1_311' title='bbox 595 3010 681 3067; x_wconf 87' lang='lat' dir='ltr'>sancti</span> <span class='ocrx_word' id='word_1_312' title='bbox 697 3011 846 3068; x_wconf 88' lang='lat' dir='ltr'>Secundini</span> <span class='ocrx_word' id='word_1_313' title='bbox 864 3029 933 3067; x_wconf 78' lang='lat' dir='ltr'>niar-</span> 
     </span>
     <span class='ocr_line' id='line_1_46' title="bbox 131 3077 934 3157; baseline 0.009 -24"><span class='ocrx_word' id='word_1_314' title='bbox 131 3078 211 3150; x_wconf 88' lang='lat' dir='ltr'>tyris.</span> <span class='ocrx_word' id='word_1_315' title='bbox 227 3077 431 3147; x_wconf 82' lang='lat' dir='ltr'>Antlrisiodori,</span> <span class='ocrx_word' id='word_1_316' title='bbox 449 3081 585 3152; x_wconf 86' lang='lat' dir='ltr'>depositio</span> <span class='ocrx_word' id='word_1_317' title='bbox 601 3082 690 3140; x_wconf 89' lang='lat' dir='ltr'>sancti</span> <span class='ocrx_word' id='word_1_318' title='bbox 704 3084 806 3139; x_wconf 88' lang='lat' dir='ltr'>Vitatis</span> <span class='ocrx_word' id='word_1_319' title='bbox 823 3083 934 3157; x_wconf 89' lang='lat' dir='ltr'>presby-</span> 
     </span>
     <span class='ocr_line' id='line_1_47' title="bbox 129 3147 610 3223; baseline 0.015 -20"><span class='ocrx_word' id='word_1_320' title='bbox 129 3149 193 3204; x_wconf 90' lang='lat' dir='ltr'>teri.</span> <span class='ocrx_word' id='word_1_321' title='bbox 209 3172 218 3196; x_wconf 74' lang='grc' dir='ltr'><strong>ι</strong></span> <span class='ocrx_word' id='word_1_322' title='bbox 240 3147 294 3216; x_wconf 85' lang='lat' dir='ltr'>Qui</span> <span class='ocrx_word' id='word_1_323' title='bbox 308 3166 390 3223; x_wconf 87' lang='lat' dir='ltr'>supra</span> <span class='ocrx_word' id='word_1_324' title='bbox 414 3153 483 3207; x_wconf 83' lang='lat' dir='ltr'>lulis</span> <span class='ocrx_word' id='word_1_325' title='bbox 498 3152 610 3210; x_wconf 90' lang='lat' dir='ltr'>dicitur.</span> 
     </span>
    </p>

    <p class='ocr_par' dir='ltr' id='par_1_10' title="bbox 167 3220 933 3296">
     <span class='ocr_line' id='line_1_48' title="bbox 167 3220 933 3296; baseline 0.009 -21"><span class='ocrx_word' id='word_1_326' title='bbox 167 3220 348 3277; x_wconf 79' lang='lat' dir='ltr'>Hacsnossu.</span> <span class='ocrx_word' id='word_1_327' title='bbox 373 3221 454 3279; x_wconf 90' lang='lat' dir='ltr'>initio</span> <span class='ocrx_word' id='word_1_328' title='bbox 469 3241 563 3296; x_wconf 87' lang='lat' dir='ltr'>purus,</span> <span class='ocrx_word' id='word_1_329' title='bbox 580 3225 701 3284; x_wconf 88' lang='lat' dir='ltr'>secundo</span> <span class='ocrx_word' id='word_1_330' title='bbox 719 3224 780 3282; x_wconf 88' lang='lat' dir='ltr'>loco</span> <span class='ocrx_word' id='word_1_331' title='bbox 799 3226 881 3282; x_wconf 90' lang='lat' dir='ltr'>habet</span> <span class='ocrx_word' id='word_1_332' title='bbox 899 3226 933 3282; x_wconf 86' lang='lat' dir='ltr'>de</span> 
     </span>
    </p>
   </div>
   <div class='ocr_carea' id='block_1_7' title="bbox 980 1142 1792 3304">
    <p class='ocr_par' dir='ltr' id='par_1_11' title="bbox 980 1142 1792 1345">
     <span class='ocr_line' id='line_1_49' title="bbox 980 1142 1787 1205; baseline 0 -3"><span class='ocrx_word' id='word_1_333' title='bbox 980 1163 1024 1202; x_wconf 89' lang='lat' dir='ltr'>ras</span> <span class='ocrx_word' id='word_1_334' title='bbox 1038 1144 1093 1202; x_wconf 91' lang='lat' dir='ltr'>duo</span> <span class='ocrx_word' id='word_1_335' title='bbox 1105 1143 1414 1202; x_wconf 86' lang='lat' dir='ltr'>verissuisnominibus</span> <span class='ocrx_word' id='word_1_336' title='bbox 1429 1143 1592 1202; x_wconf 83' lang='lat' dir='ltr'>referuntur</span> <span class='ocrx_word' id='word_1_337' title='bbox 1602 1158 1634 1202; x_wconf 82' lang='grc' dir='ltr'>ιιι</span> <span class='ocrx_word' id='word_1_338' title='bbox 1644 1142 1787 1205; x_wconf 79' lang='lat' dir='ltr'>ianuarii:</span> 
     </span>
     <span class='ocr_line' id='line_1_50' title="bbox 982 1213 1792 1290; baseline 0.001 -17"><span class='ocrx_word' id='word_1_339' title='bbox 982 1218 1084 1273; x_wconf 89' lang='lat' dir='ltr'>lleleoa</span> <span class='ocrx_word' id='word_1_340' title='bbox 1097 1217 1207 1290; x_wconf 90' lang='lat' dir='ltr'>proprio</span> <span class='ocrx_word' id='word_1_341' title='bbox 1219 1217 1264 1273; x_wconf 92' lang='lat' dir='ltr'>die</span> <span class='ocrx_word' id='word_1_342' title='bbox 1277 1215 1380 1272; x_wconf 89' lang='lat' dir='ltr'>colitur</span> <span class='ocrx_word' id='word_1_343' title='bbox 1390 1233 1463 1274; x_wconf 85' lang='lat' dir='ltr'>xvru</span> <span class='ocrx_word' id='word_1_344' title='bbox 1476 1216 1605 1289; x_wconf 77' lang='lat' dir='ltr'>Augusti,</span> <span class='ocrx_word' id='word_1_345' title='bbox 1616 1213 1649 1272; x_wconf 89' lang='lat' dir='ltr'>de</span> <span class='ocrx_word' id='word_1_346' title='bbox 1660 1232 1715 1290; x_wconf 91' lang='lat' dir='ltr'>qua</span> <span class='ocrx_word' id='word_1_347' title='bbox 1724 1216 1792 1274; x_wconf 85' lang='lat' dir='ltr'>side</span> 
     </span>
     <span class='ocr_line' id='line_1_51' title="bbox 981 1288 1251 1345; baseline -0.004 0"><span class='ocrx_word' id='word_1_348' title='bbox 981 1288 1019 1345; x_wconf 71' lang='lat' dir='ltr'>ibi</span> <span class='ocrx_word' id='word_1_349' title='bbox 1037 1290 1251 1345; x_wconf 84' lang='lat' dir='ltr'>observationes.</span> 
     </span>
    </p>

    <p class='ocr_par' dir='ltr' id='par_1_12' title="bbox 981 1357 1792 1504">
     <span class='ocr_line' id='line_1_52' title="bbox 1017 1357 1792 1429; baseline 0.001 -12"><span class='ocrx_word' id='word_1_350' title='bbox 1017 1361 1139 1417; x_wconf 83' lang='lat' dir='ltr'>Rsunus.</span> <span class='ocrx_word' id='word_1_351' title='bbox 1151 1361 1198 1416; x_wconf 90' lang='lat' dir='ltr'>SS.</span> <span class='ocrx_word' id='word_1_352' title='bbox 1208 1357 1331 1416; x_wconf 88' lang='lat' dir='ltr'>Timoth.</span> <span class='ocrx_word' id='word_1_353' title='bbox 1354 1365 1381 1415; x_wconf 88' lang='lat' dir='ltr'>et</span> <span class='ocrx_word' id='word_1_354' title='bbox 1395 1358 1500 1429; x_wconf 82' lang='lat' dir='ltr'>Apoll:</span> <span class='ocrx_word' id='word_1_355' title='bbox 1510 1379 1519 1404; x_wconf 84' lang='lat'>‹</span> <span class='ocrx_word' id='word_1_356' title='bbox 1530 1357 1727 1429; x_wconf 77' lang='lat' dir='ltr'>Autissiodori,</span> <span class='ocrx_word' id='word_1_357' title='bbox 1739 1359 1792 1418; x_wconf 83' lang='lat' dir='ltr'>da·</span> 
     </span>
     <span class='ocr_line' id='line_1_53' title="bbox 981 1429 1707 1504; baseline -0.01 -16"><span class='ocrx_word' id='word_1_358' title='bbox 981 1433 1083 1504; x_wconf 87' lang='lat' dir='ltr'>positio</span> <span class='ocrx_word' id='word_1_359' title='bbox 1097 1432 1184 1488; x_wconf 90' lang='lat' dir='ltr'>sancti</span> <span class='ocrx_word' id='word_1_360' title='bbox 1204 1430 1278 1487; x_wconf 90' lang='lat' dir='ltr'>Valis</span> <span class='ocrx_word' id='word_1_361' title='bbox 1294 1429 1443 1503; x_wconf 87' lang='lat' dir='ltr'>presbyteri</span> <span class='ocrx_word' id='word_1_362' title='bbox 1462 1431 1707 1487; x_wconf 71' lang='lat' dir='ltr'>accenseamus..</span> 
     </span>
    </p>

    <p class='ocr_par' dir='ltr' id='par_1_13' title="bbox 981 1501 1791 2077">
     <span class='ocr_line' id='line_1_54' title="bbox 1018 1501 1788 1573; baseline 0.003 -15"><span class='ocrx_word' id='word_1_363' title='bbox 1018 1505 1117 1559; x_wconf 78' lang='lat' dir='ltr'>Eorrro</span> <span class='ocrx_word' id='word_1_364' title='bbox 1142 1501 1327 1559; x_wconf 82' lang='lat' dir='ltr'>busaeo-Con.</span> <span class='ocrx_word' id='word_1_365' title='bbox 1347 1502 1375 1555; x_wconf 91' lang='lat' dir='ltr'>in</span> <span class='ocrx_word' id='word_1_366' title='bbox 1400 1509 1478 1556; x_wconf 84' lang='lat' dir='ltr'>textu</span> <span class='ocrx_word' id='word_1_367' title='bbox 1495 1502 1562 1557; x_wconf 87' lang='lat' dir='ltr'>satis</span> <span class='ocrx_word' id='word_1_368' title='bbox 1575 1518 1653 1573; x_wconf 87' lang='lat' dir='ltr'>pura,</span> <span class='ocrx_word' id='word_1_369' title='bbox 1671 1501 1788 1560; x_wconf 88' lang='lat' dir='ltr'>subdit:</span> 
     </span>
     <span class='ocr_line' id='line_1_55' title="bbox 988 1572 1789 1647; baseline 0 -16"><span class='ocrx_word' id='word_1_370' title='bbox 988 1574 1062 1647; x_wconf 74' lang='lat' dir='ltr'>«lpse</span> <span class='ocrx_word' id='word_1_371' title='bbox 1074 1573 1129 1639; x_wconf 90' lang='lat' dir='ltr'>dre,</span> <span class='ocrx_word' id='word_1_372' title='bbox 1143 1573 1217 1630; x_wconf 90' lang='lat' dir='ltr'>beati</span> <span class='ocrx_word' id='word_1_373' title='bbox 1232 1572 1358 1629; x_wconf 88' lang='lat' dir='ltr'>Valentis</span> <span class='ocrx_word' id='word_1_374' title='bbox 1368 1572 1488 1643; x_wconf 83' lang='lat' dir='ltr'>episcopi</span> <span class='ocrx_word' id='word_1_375' title='bbox 1503 1581 1529 1627; x_wconf 92' lang='lat' dir='ltr'>et</span> <span class='ocrx_word' id='word_1_376' title='bbox 1541 1574 1625 1630; x_wconf 87' lang='lat' dir='ltr'>trium</span> <span class='ocrx_word' id='word_1_377' title='bbox 1638 1589 1789 1645; x_wconf 88' lang='lat' dir='ltr'>puerorum</span> 
     </span>
     <span class='ocr_line' id='line_1_56' title="bbox 981 1643 1791 1718; baseline 0.004 -18"><span class='ocrx_word' id='word_1_378' title='bbox 981 1662 1043 1701; x_wconf 92' lang='lat' dir='ltr'>cum</span> <span class='ocrx_word' id='word_1_379' title='bbox 1062 1662 1094 1701; x_wconf 90' lang='lat' dir='ltr'>eo</span> <span class='ocrx_word' id='word_1_380' title='bbox 1124 1655 1294 1718; x_wconf 87' lang='lat' dir='ltr'>martyrum:</span> <span class='ocrx_word' id='word_1_381' title='bbox 1310 1643 1358 1717; x_wconf 92' lang='lat' dir='ltr'>qui</span> <span class='ocrx_word' id='word_1_382' title='bbox 1375 1643 1465 1716; x_wconf 87' lang='lat' dir='ltr'>primu</span> <span class='ocrx_word' id='word_1_383' title='bbox 1480 1659 1530 1716; x_wconf 90' lang='lat' dir='ltr'>pro</span> <span class='ocrx_word' id='word_1_384' title='bbox 1544 1644 1655 1702; x_wconf 88' lang='lat' dir='ltr'>Christo</span> <span class='ocrx_word' id='word_1_385' title='bbox 1671 1645 1791 1717; x_wconf 80' lang='lat' dir='ltr'>pedibus</span> 
     </span>
     <span class='ocr_line' id='line_1_57' title="bbox 981 1715 1790 1789; baseline 0.002 -16"><span class='ocrx_word' id='word_1_386' title='bbox 981 1723 1047 1774; x_wconf 89' lang='lat' dir='ltr'>aunt</span> <span class='ocrx_word' id='word_1_387' title='bbox 1076 1717 1177 1782; x_wconf 85' lang='lat' dir='ltr'>vincti,</span> <span class='ocrx_word' id='word_1_388' title='bbox 1208 1716 1308 1772; x_wconf 88' lang='lat' dir='ltr'>deinde</span> <span class='ocrx_word' id='word_1_389' title='bbox 1338 1715 1366 1770; x_wconf 92' lang='lat' dir='ltr'>iu</span> <span class='ocrx_word' id='word_1_390' title='bbox 1394 1717 1510 1788; x_wconf 88' lang='lat' dir='ltr'>equuleo</span> <span class='ocrx_word' id='word_1_391' title='bbox 1534 1716 1790 1789; x_wconf 77' lang='lat' dir='ltr'>larati,acsaepiua</span> 
     </span>
     <span class='ocr_line' id='line_1_58' title="bbox 983 1786 1791 1863; baseline 0.002 -19"><span class='ocrx_word' id='word_1_392' title='bbox 983 1787 1086 1863; x_wconf 85' lang='lat' dir='ltr'>[torti,]</span> <span class='ocrx_word' id='word_1_393' title='bbox 1111 1787 1233 1845; x_wconf 85' lang='lat' dir='ltr'>finaliter</span> <span class='ocrx_word' id='word_1_394' title='bbox 1252 1786 1343 1860; x_wconf 79' lang='lat' dir='ltr'>gladio</span> <span class='ocrx_word' id='word_1_395' title='bbox 1364 1787 1496 1858; x_wconf 87' lang='lat' dir='ltr'>percussi,</span> <span class='ocrx_word' id='word_1_396' title='bbox 1511 1804 1640 1845; x_wconf 90' lang='lat' dir='ltr'>coronam</span> <span class='ocrx_word' id='word_1_397' title='bbox 1658 1788 1791 1862; x_wconf 79' lang='lat' dir='ltr'>martyrii</span> 
     </span>
     <span class='ocr_line' id='line_1_59' title="bbox 981 1858 1789 1932; baseline 0.002 -17"><span class='ocrx_word' id='word_1_398' title='bbox 981 1859 1071 1932; x_wconf 88' lang='lat' dir='ltr'>adepti</span> <span class='ocrx_word' id='word_1_399' title='bbox 1086 1868 1159 1917; x_wconf 88' lang='lat' dir='ltr'>sunt.</span> <span class='ocrx_word' id='word_1_400' title='bbox 1178 1861 1286 1924; x_wconf 74' lang='lat' dir='ltr'>trecas,</span> <span class='ocrx_word' id='word_1_401' title='bbox 1303 1860 1390 1914; x_wconf 87' lang='lat' dir='ltr'>sancti</span> <span class='ocrx_word' id='word_1_402' title='bbox 1410 1858 1528 1914; x_wconf 85' lang='lat' dir='ltr'>blaurilii</span> <span class='ocrx_word' id='word_1_403' title='bbox 1544 1860 1719 1917; x_wconf 88' lang='lat' dir='ltr'>contessoris.</span> <span class='ocrx_word' id='word_1_404' title='bbox 1732 1866 1789 1918; x_wconf 80' lang='lat' dir='ltr'>An·</span> 
     </span>
     <span class='ocr_line' id='line_1_60' title="bbox 984 1930 1788 2012; baseline 0.007 -26"><span class='ocrx_word' id='word_1_405' title='bbox 984 1932 1125 1999; x_wconf 87' lang='lat' dir='ltr'>tisiodori,</span> <span class='ocrx_word' id='word_1_406' title='bbox 1136 1932 1206 1987; x_wconf 91' lang='lat' dir='ltr'>beati</span> <span class='ocrx_word' id='word_1_407' title='bbox 1220 1930 1473 2012; x_wconf 22' lang='lat' dir='ltr'>Vallisnpresbyteri</span> <span class='ocrx_word' id='word_1_408' title='bbox 1483 1931 1709 1990; x_wconf 81' lang='lat' dir='ltr'>etcoulessoris.·</span> <span class='ocrx_word' id='word_1_409' title='bbox 1723 1933 1788 1992; x_wconf 81' lang='lat' dir='ltr'>Fra·</span> 
     </span>
     <span class='ocr_line' id='line_1_61' title="bbox 985 2002 1348 2077; baseline -0.006 -19"><span class='ocrx_word' id='word_1_410' title='bbox 985 2021 1071 2077; x_wconf 81' lang='lat' dir='ltr'>quem</span> <span class='ocrx_word' id='word_1_411' title='bbox 1086 2002 1207 2059; x_wconf 89' lang='lat' dir='ltr'>nominis</span> <span class='ocrx_word' id='word_1_412' title='bbox 1222 2011 1348 2058; x_wconf 54' lang='lat' dir='ltr'>r‘arratro.</span> 
     </span>
    </p>

    <p class='ocr_par' dir='ltr' id='par_1_14' title="bbox 988 2072 1790 2504">
     <span class='ocr_line' id='line_1_62' title="bbox 1024 2072 1788 2148; baseline 0.004 -17"><span class='ocrx_word' id='word_1_413' title='bbox 1024 2075 1120 2132; x_wconf 78' lang='lat' dir='ltr'>Breuru.</span> <span class='ocrx_word' id='word_1_414' title='bbox 1137 2075 1165 2130; x_wconf 92' lang='lat' dir='ltr'>iu</span> <span class='ocrx_word' id='word_1_415' title='bbox 1181 2082 1270 2142; x_wconf 81' lang='lat' dir='ltr'>textu,</span> <span class='ocrx_word' id='word_1_416' title='bbox 1296 2089 1344 2146; x_wconf 95' lang='lat' dir='ltr'>pro</span> <span class='ocrx_word' id='word_1_417' title='bbox 1363 2072 1444 2141; x_wconf 85' lang='lat' dir='ltr'>Polli,</span> <span class='ocrx_word' id='word_1_418' title='bbox 1467 2073 1492 2129; x_wconf 83' lang='lat' dir='ltr'>le</span> <span class='ocrx_word' id='word_1_419' title='bbox 1512 2074 1533 2131; x_wconf 94' lang='lat' dir='ltr'>it</span> <span class='ocrx_word' id='word_1_420' title='bbox 1551 2075 1701 2148; x_wconf 77' lang='lat' dir='ltr'>Hippolyti.</span> <span class='ocrx_word' id='word_1_421' title='bbox 1716 2075 1788 2134; x_wconf 67' lang='lat' dir='ltr'>Vbnt</span> 
     </span>
     <span class='ocr_line' id='line_1_63' title="bbox 988 2145 1790 2221; baseline 0.002 -18"><span class='ocrx_word' id='word_1_422' title='bbox 988 2147 1103 2203; x_wconf 85' lang='lat' dir='ltr'>subdit:</span> <span class='ocrx_word' id='word_1_423' title='bbox 1127 2169 1136 2193; x_wconf 75' lang='grc' dir='ltr'><strong>ι</strong></span> <span class='ocrx_word' id='word_1_424' title='bbox 1163 2147 1229 2202; x_wconf 86' lang='lat' dir='ltr'>ltem</span> <span class='ocrx_word' id='word_1_425' title='bbox 1251 2145 1395 2202; x_wconf 88' lang='lat' dir='ltr'>translatio</span> <span class='ocrx_word' id='word_1_426' title='bbox 1417 2145 1489 2201; x_wconf 90' lang='lat' dir='ltr'>beati</span> <span class='ocrx_word' id='word_1_427' title='bbox 1525 2148 1580 2202; x_wconf 77' lang='lat' dir='ltr'>auli</span> <span class='ocrx_word' id='word_1_428' title='bbox 1604 2147 1736 2221; x_wconf 84' lang='lat' dir='ltr'>martyris</span> <span class='ocrx_word' id='word_1_429' title='bbox 1754 2147 1790 2206; x_wconf 87' lang='lat' dir='ltr'>de</span> 
     </span>
     <span class='ocr_line' id='line_1_64' title="bbox 989 2216 1789 2290; baseline 0 -14"><span class='ocrx_word' id='word_1_430' title='bbox 989 2218 1226 2290; x_wconf 84' lang='lat' dir='ltr'>Constantinopoli</span> <span class='ocrx_word' id='word_1_431' title='bbox 1247 2216 1276 2273; x_wconf 91' lang='lat' dir='ltr'>in</span> <span class='ocrx_word' id='word_1_432' title='bbox 1301 2217 1432 2273; x_wconf 80' lang='lat' dir='ltr'>Venutius</span> <span class='ocrx_word' id='word_1_433' title='bbox 1449 2217 1482 2273; x_wconf 91' lang='lat' dir='ltr'>ad</span> <span class='ocrx_word' id='word_1_434' title='bbox 1506 2220 1703 2277; x_wconf 78' lang='lat' dir='ltr'>monasterium</span> <span class='ocrx_word' id='word_1_435' title='bbox 1719 2236 1789 2276; x_wconf 86' lang='lat' dir='ltr'>san-</span> 
     </span>
     <span class='ocr_line' id='line_1_65' title="bbox 988 2288 1789 2361; baseline 0.002 -14"><span class='ocrx_word' id='word_1_436' title='bbox 988 2290 1026 2347; x_wconf 92' lang='lat' dir='ltr'>cti</span> <span class='ocrx_word' id='word_1_437' title='bbox 1043 2290 1114 2347; x_wconf 84' lang='lat' dir='ltr'>Geor</span> <span class='ocrx_word' id='word_1_438' title='bbox 1134 2290 1151 2345; x_wconf 95' lang='lat' dir='ltr'>ii</span> <span class='ocrx_word' id='word_1_439' title='bbox 1168 2288 1789 2361; x_wconf 78' lang='lat' dir='ltr'>majoris,annoDonriuiuccnxrr,indictione</span> 
     </span>
     <span class='ocr_line' id='line_1_66' title="bbox 988 2308 1788 2436; baseline 0.001 -17"><span class='ocrx_word' id='word_1_440' title='bbox 988 2363 1105 2419; x_wconf 88' lang='lat' dir='ltr'>decima.</span> <span class='ocrx_word' id='word_1_441' title='bbox 1116 2308 1223 2417; x_wconf 75' lang='lat' dir='ltr'>idodem</span> <span class='ocrx_word' id='word_1_442' title='bbox 1235 2361 1290 2426; x_wconf 85' lang='lat' dir='ltr'>die,</span> <span class='ocrx_word' id='word_1_443' title='bbox 1305 2369 1461 2417; x_wconf 88' lang='lat' dir='ltr'>sanctorum</span> <span class='ocrx_word' id='word_1_444' title='bbox 1473 2359 1582 2432; x_wconf 88' lang='lat' dir='ltr'>Genesi,</span> <span class='ocrx_word' id='word_1_445' title='bbox 1598 2362 1751 2436; x_wconf 80' lang='lat' dir='ltr'>Vbopontii</span> <span class='ocrx_word' id='word_1_446' title='bbox 1760 2370 1788 2420; x_wconf 88' lang='lat' dir='ltr'>st</span> 
     </span>
     <span class='ocr_line' id='line_1_67' title="bbox 988 2432 1446 2504; baseline -0.009 -12"><span class='ocrx_word' id='word_1_447' title='bbox 988 2442 1088 2492; x_wconf 80' lang='lat' dir='ltr'>sanctae</span> <span class='ocrx_word' id='word_1_448' title='bbox 1104 2434 1222 2489; x_wconf 82' lang='lat' dir='ltr'>lielenae.</span> <span class='ocrx_word' id='word_1_449' title='bbox 1240 2456 1250 2480; x_wconf 65' lang='grc' dir='ltr'>υ</span> <span class='ocrx_word' id='word_1_450' title='bbox 1270 2432 1341 2489; x_wconf 89' lang='lat' dir='ltr'>Vide</span> <span class='ocrx_word' id='word_1_451' title='bbox 1355 2449 1446 2504; x_wconf 88' lang='lat' dir='ltr'>supra.</span> 
     </span>
    </p>

    <p class='ocr_par' dir='ltr' id='par_1_15' title="bbox 987 2504 1789 3304">
     <span class='ocr_line' id='line_1_68' title="bbox 1024 2504 1789 2579; baseline 0.003 -17"><span class='ocrx_word' id='word_1_452' title='bbox 1024 2506 1150 2563; x_wconf 79' lang='lat' dir='ltr'>Gnsvuu.</span> <span class='ocrx_word' id='word_1_453' title='bbox 1160 2523 1165 2562; x_wconf 94' lang='lat'>:</span> <span class='ocrx_word' id='word_1_454' title='bbox 1176 2530 1184 2552; x_wconf 81' lang='grc' dir='ltr'><strong>ι</strong></span> <span class='ocrx_word' id='word_1_455' title='bbox 1197 2505 1348 2562; x_wconf 86' lang='lat' dir='ltr'>Valentise</span> <span class='ocrx_word' id='word_1_456' title='bbox 1367 2504 1452 2577; x_wconf 72' lang='lat' dir='ltr'>isc-opi</span> <span class='ocrx_word' id='word_1_457' title='bbox 1468 2511 1494 2560; x_wconf 90' lang='lat' dir='ltr'>et</span> <span class='ocrx_word' id='word_1_458' title='bbox 1507 2521 1569 2561; x_wconf 91' lang='lat' dir='ltr'>curn</span> <span class='ocrx_word' id='word_1_459' title='bbox 1583 2520 1616 2560; x_wconf 91' lang='lat' dir='ltr'>eo</span> <span class='ocrx_word' id='word_1_460' title='bbox 1627 2504 1710 2562; x_wconf 91' lang='lat' dir='ltr'>trium</span> <span class='ocrx_word' id='word_1_461' title='bbox 1723 2522 1789 2579; x_wconf 86' lang='lat' dir='ltr'>pue·</span> 
     </span>
     <span class='ocr_line' id='line_1_69' title="bbox 988 2522 1788 2650; baseline 0.003 -17"><span class='ocrx_word' id='word_1_462' title='bbox 988 2594 1096 2644; x_wconf 88' lang='lat' dir='ltr'>roruru;</span> <span class='ocrx_word' id='word_1_463' title='bbox 1112 2578 1158 2650; x_wconf 92' lang='lat' dir='ltr'>qui</span> <span class='ocrx_word' id='word_1_464' title='bbox 1176 2577 1265 2648; x_wconf 90' lang='lat' dir='ltr'>primo</span> <span class='ocrx_word' id='word_1_465' title='bbox 1282 2592 1331 2648; x_wconf 92' lang='lat' dir='ltr'>pro</span> <span class='ocrx_word' id='word_1_466' title='bbox 1345 2522 1456 2634; x_wconf 51' lang='lat' dir='ltr'>Christo</span> <span class='ocrx_word' id='word_1_467' title='bbox 1470 2576 1568 2645; x_wconf 77' lang='lat' dir='ltr'>uincti,</span> <span class='ocrx_word' id='word_1_468' title='bbox 1583 2576 1650 2632; x_wconf 91' lang='lat' dir='ltr'>etin</span> <span class='ocrx_word' id='word_1_469' title='bbox 1666 2580 1788 2647; x_wconf 61' lang='lat' dir='ltr'>anquuleo</span> 
     </span>
     <span class='ocr_line' id='line_1_70' title="bbox 989 2648 1786 2729; baseline 0.004 -25"><span class='ocrx_word' id='word_1_470' title='bbox 989 2649 1070 2704; x_wconf 74' lang='lat' dir='ltr'>leuati</span> <span class='ocrx_word' id='word_1_471' title='bbox 1093 2665 1123 2704; x_wconf 90' lang='lat' dir='ltr'>ac</span> <span class='ocrx_word' id='word_1_472' title='bbox 1147 2648 1247 2719; x_wconf 71' lang='lat' dir='ltr'>saepius</span> <span class='ocrx_word' id='word_1_473' title='bbox 1269 2649 1345 2716; x_wconf 84' lang='lat' dir='ltr'>torti,</span> <span class='ocrx_word' id='word_1_474' title='bbox 1366 2648 1474 2704; x_wconf 89' lang='lat' dir='ltr'>tandem</span> <span class='ocrx_word' id='word_1_475' title='bbox 1513 2649 1585 2704; x_wconf 92' lang='lat' dir='ltr'>ladio</span> <span class='ocrx_word' id='word_1_476' title='bbox 1607 2650 1728 2729; x_wconf 83' lang='lat' dir='ltr'>percussi</span> <span class='ocrx_word' id='word_1_477' title='bbox 1752 2648 1786 2707; x_wconf 84' lang='lat' dir='ltr'>ad</span> 
     </span>
     <span class='ocr_line' id='line_1_71' title="bbox 988 2718 1787 2791; baseline 0.003 -16"><span class='ocrx_word' id='word_1_478' title='bbox 988 2719 1114 2791; x_wconf 83' lang='lat' dir='ltr'>martyrii</span> <span class='ocrx_word' id='word_1_479' title='bbox 1138 2721 1254 2791; x_wconf 90' lang='lat' dir='ltr'>palmam</span> <span class='ocrx_word' id='word_1_480' title='bbox 1280 2729 1473 2790; x_wconf 73' lang='lat' dir='ltr'>peruenerunt.</span> <span class='ocrx_word' id='word_1_481' title='bbox 1511 2735 1528 2775; x_wconf 91' lang='lat' dir='ltr'>u</span> <span class='ocrx_word' id='word_1_482' title='bbox 1553 2718 1659 2788; x_wconf 76' lang='lat' dir='ltr'>africa,</span> <span class='ocrx_word' id='word_1_483' title='bbox 1684 2721 1787 2778; x_wconf 87' lang='lat' dir='ltr'>natalis</span> 
     </span>
     <span class='ocr_line' id='line_1_72' title="bbox 988 2790 1789 2861; baseline 0.004 -14"><span class='ocrx_word' id='word_1_484' title='bbox 988 2798 1144 2847; x_wconf 73' lang='lat' dir='ltr'>sanctorum</span> <span class='ocrx_word' id='word_1_485' title='bbox 1156 2790 1397 2859; x_wconf 79' lang='lat' dir='ltr'>Victi,blaurellae,</span> <span class='ocrx_word' id='word_1_486' title='bbox 1405 2791 1512 2860; x_wconf 82' lang='lat' dir='ltr'>Quinti,</span> <span class='ocrx_word' id='word_1_487' title='bbox 1523 2791 1650 2861; x_wconf 87' lang='lat' dir='ltr'>Primuli,</span> <span class='ocrx_word' id='word_1_488' title='bbox 1662 2791 1789 2859; x_wconf 80' lang='lat' dir='ltr'>Salustii,</span> 
     </span>
     <span class='ocr_line' id='line_1_73' title="bbox 988 2862 1788 2920; baseline 0.001 -1"><span class='ocrx_word' id='word_1_489' title='bbox 988 2863 1155 2919; x_wconf 75' lang='lat' dir='ltr'>Fortunati.»</span> <span class='ocrx_word' id='word_1_490' title='bbox 1171 2862 1242 2918; x_wconf 86' lang='lat' dir='ltr'>Vide</span> <span class='ocrx_word' id='word_1_491' title='bbox 1256 2863 1345 2918; x_wconf 89' lang='lat' dir='ltr'>socios</span> <span class='ocrx_word' id='word_1_492' title='bbox 1357 2865 1426 2919; x_wconf 84' lang='lat' dir='ltr'>alios</span> <span class='ocrx_word' id='word_1_493' title='bbox 1439 2864 1509 2919; x_wconf 77' lang='lat' dir='ltr'>duos</span> <span class='ocrx_word' id='word_1_494' title='bbox 1523 2863 1550 2919; x_wconf 90' lang='lat' dir='ltr'>in</span> <span class='ocrx_word' id='word_1_495' title='bbox 1567 2863 1672 2920; x_wconf 78' lang='lat' dir='ltr'>dctis«</span> <span class='ocrx_word' id='word_1_496' title='bbox 1683 2865 1788 2920; x_wconf 83' lang='lat' dir='ltr'>Secun-</span> 
     </span>
     <span class='ocr_line' id='line_1_74' title="bbox 987 2933 1786 3008; baseline 0.004 -18"><span class='ocrx_word' id='word_1_497' title='bbox 987 2934 1052 2990; x_wconf 84' lang='lat' dir='ltr'>duur</span> <span class='ocrx_word' id='word_1_498' title='bbox 1062 2933 1193 3006; x_wconf 89' lang='lat' dir='ltr'>quosdam</span> <span class='ocrx_word' id='word_1_499' title='bbox 1206 2933 1263 3002; x_wconf 80' lang='lat' dir='ltr'>liic,</span> <span class='ocrx_word' id='word_1_500' title='bbox 1272 2935 1305 2990; x_wconf 90' lang='lat' dir='ltr'>de</span> <span class='ocrx_word' id='word_1_501' title='bbox 1325 2934 1406 2990; x_wconf 76' lang='lat' dir='ltr'>ositio</span> <span class='ocrx_word' id='word_1_502' title='bbox 1417 2935 1589 2992; x_wconf 79' lang='lat' dir='ltr'>Constantini</span> <span class='ocrx_word' id='word_1_503' title='bbox 1601 2935 1786 3008; x_wconf 83' lang='lat' dir='ltr'>imperatoris.</span> 
     </span>
     <span class='ocr_line' id='line_1_75' title="bbox 987 3005 1786 3078; baseline 0.005 -16"><span class='ocrx_word' id='word_1_504' title='bbox 987 3006 1175 3074; x_wconf 69' lang='lat' dir='ltr'>autisiodoro,</span> <span class='ocrx_word' id='word_1_505' title='bbox 1196 3005 1268 3061; x_wconf 91' lang='lat' dir='ltr'>beati</span> <span class='ocrx_word' id='word_1_506' title='bbox 1312 3007 1374 3061; x_wconf 89' lang='lat' dir='ltr'>allis</span> <span class='ocrx_word' id='word_1_507' title='bbox 1393 3005 1544 3078; x_wconf 84' lang='lat' dir='ltr'>presbyteri</span> <span class='ocrx_word' id='word_1_508' title='bbox 1560 3014 1588 3063; x_wconf 90' lang='lat' dir='ltr'>et</span> <span class='ocrx_word' id='word_1_509' title='bbox 1608 3007 1786 3066; x_wconf 81' lang='lat' dir='ltr'>contessoris.</span> 
     </span>
     <span class='ocr_line' id='line_1_76' title="bbox 987 3077 1787 3153; baseline 0.006 -21"><span class='ocrx_word' id='word_1_510' title='bbox 987 3078 1094 3145; x_wconf 88' lang='lat' dir='ltr'>Trecas,</span> <span class='ocrx_word' id='word_1_511' title='bbox 1120 3078 1208 3133; x_wconf 88' lang='lat' dir='ltr'>sancti</span> <span class='ocrx_word' id='word_1_512' title='bbox 1229 3077 1350 3132; x_wconf 82' lang='lat' dir='ltr'>Maurilii</span> <span class='ocrx_word' id='word_1_513' title='bbox 1369 3079 1541 3135; x_wconf 73' lang='lat' dir='ltr'>contessoris.</span> <span class='ocrx_word' id='word_1_514' title='bbox 1564 3078 1703 3135; x_wconf 86' lang='lat' dir='ltr'>Valeriani</span> <span class='ocrx_word' id='word_1_515' title='bbox 1720 3096 1787 3153; x_wconf 89' lang='lat' dir='ltr'>pre-</span> 
     </span>
     <span class='ocr_line' id='line_1_77' title="bbox 987 3149 1786 3221; baseline 0.006 -16"><span class='ocrx_word' id='word_1_516' title='bbox 987 3149 1018 3205; x_wconf 89' lang='lat' dir='ltr'>sb</span> <span class='ocrx_word' id='word_1_517' title='bbox 1041 3151 1113 3204; x_wconf 83' lang='lat' dir='ltr'>teri.»</span> <span class='ocrx_word' id='word_1_518' title='bbox 1135 3149 1204 3204; x_wconf 92' lang='lat' dir='ltr'>Vrde</span> <span class='ocrx_word' id='word_1_519' title='bbox 1221 3165 1280 3221; x_wconf 89' lang='lat' dir='ltr'>quae</span> <span class='ocrx_word' id='word_1_520' title='bbox 1293 3150 1326 3205; x_wconf 87' lang='lat' dir='ltr'>de</span> <span class='ocrx_word' id='word_1_521' title='bbox 1341 3165 1373 3204; x_wconf 91' lang='lat' dir='ltr'>eo</span> <span class='ocrx_word' id='word_1_522' title='bbox 1387 3149 1518 3206; x_wconf 83' lang='lat' dir='ltr'>dicuntur</span> <span class='ocrx_word' id='word_1_523' title='bbox 1532 3150 1560 3205; x_wconf 90' lang='lat' dir='ltr'>in</span> <span class='ocrx_word' id='word_1_524' title='bbox 1580 3150 1786 3210; x_wconf 81' lang='lat' dir='ltr'>Praetermissis.</span> 
     </span>
     <span class='ocr_line' id='line_1_78' title="bbox 994 3220 1786 3304; baseline 0.004 -28"><span class='ocrx_word' id='word_1_525' title='bbox 994 3247 1002 3266; x_wconf 90' lang='lat'><strong>·</strong></span> <span class='ocrx_word' id='word_1_526' title='bbox 1031 3220 1125 3293; x_wconf 90' lang='lat' dir='ltr'>ospicii</span> <span class='ocrx_word' id='word_1_527' title='bbox 1138 3220 1398 3276; x_wconf 85' lang='lat' dir='ltr'>contessorisetriri</span> <span class='ocrx_word' id='word_1_528' title='bbox 1414 3222 1478 3289; x_wconf 88' lang='lat' dir='ltr'>Dei;</span> <span class='ocrx_word' id='word_1_529' title='bbox 1492 3221 1539 3295; x_wconf 93' lang='lat' dir='ltr'>qui</span> <span class='ocrx_word' id='word_1_530' title='bbox 1554 3221 1626 3304; x_wconf 79' lang='lat' dir='ltr'>apud</span> <span class='ocrx_word' id='word_1_531' title='bbox 1637 3221 1786 3280; x_wconf 86' lang='lat' dir='ltr'>Nuceriam</span> 
     </span>
    </p>
   </div>
   <div class='ocr_carea' id='block_1_8' title="bbox 129 3289 1821 3443">
    <p class='ocr_par' dir='ltr' id='par_1_16' title="bbox 129 3289 1821 3443">
     <span class='ocr_line' id='line_1_79' title="bbox 130 3289 1786 3421; baseline 0.001 -72"><span class='ocrx_word' id='word_1_532' title='bbox 130 3291 263 3349; x_wconf 87' lang='lat' dir='ltr'>Dioscoro</span> <span class='ocrx_word' id='word_1_533' title='bbox 277 3301 398 3421; x_wconf 54' lang='lat' dir='ltr'>martqqre</span> <span class='ocrx_word' id='word_1_534' title='bbox 412 3294 556 3368; x_wconf 75' lang='lat' dir='ltr'>AEgyptio‚</span> <span class='ocrx_word' id='word_1_535' title='bbox 572 3313 652 3369; x_wconf 90' lang='lat' dir='ltr'>quem</span> <span class='ocrx_word' id='word_1_536' title='bbox 668 3315 731 3354; x_wconf 91' lang='lat' dir='ltr'>cum</span> <span class='ocrx_word' id='word_1_537' title='bbox 747 3298 870 3355; x_wconf 91' lang='lat' dir='ltr'>Usuardo</span> <span class='ocrx_word' id='word_1_538' title='bbox 885 3314 933 3353; x_wconf 87' lang='lat' dir='ltr'>re·</span> <span class='ocrx_word' id='word_1_539' title='bbox 988 3289 1132 3373; x_wconf 71' lang='lat' dir='ltr'>[Nicaeam]</span> <span class='ocrx_word' id='word_1_540' title='bbox 1146 3290 1367 3373; x_wconf 70' lang='lat' dir='ltr'>inclususlerro</span> <span class='ocrx_word' id='word_1_541' title='bbox 1386 3293 1419 3373; x_wconf 76' lang='lat' dir='ltr'>ad</span> <span class='ocrx_word' id='word_1_542' title='bbox 1434 3309 1542 3375; x_wconf 74' lang='lat' dir='ltr'>caruem</span> <span class='ocrx_word' id='word_1_543' title='bbox 1558 3302 1709 3376; x_wconf 82' lang='lat' dir='ltr'>accinctus,</span> <span class='ocrx_word' id='word_1_544' title='bbox 1731 3295 1786 3378; x_wconf 77' lang='lat' dir='ltr'>vir·</span> 
     </span>
     <span class='ocr_line' id='line_1_80' title="bbox 129 3363 1821 3443; baseline 0.001 -21"><span class='ocrx_word' id='word_1_545' title='bbox 129 3363 246 3420; x_wconf 82' lang='lat' dir='ltr'>tulimus</span> <span class='ocrx_word' id='word_1_546' title='bbox 260 3379 330 3420; x_wconf 78' lang='lat' dir='ltr'>xtrn</span> <span class='ocrx_word' id='word_1_547' title='bbox 373 3366 421 3422; x_wconf 91' lang='lat' dir='ltr'>aii.</span> <span class='ocrx_word' id='word_1_548' title='bbox 437 3368 567 3441; x_wconf 87' lang='lat' dir='ltr'>Sequitur</span> <span class='ocrx_word' id='word_1_549' title='bbox 581 3371 615 3425; x_wconf 92' lang='lat' dir='ltr'>de</span> <span class='ocrx_word' id='word_1_550' title='bbox 630 3369 839 3443; x_wconf 86' lang='lat' dir='ltr'>Cappadocibus</span> <span class='ocrx_word' id='word_1_551' title='bbox 850 3377 877 3425; x_wconf 88' lang='lat' dir='ltr'>ct</span> <span class='ocrx_word' id='word_1_552' title='bbox 887 3369 931 3426; x_wconf 89' lang='lat' dir='ltr'>Se·</span> <span class='ocrx_word' id='word_1_553' title='bbox 948 3364 970 3424; x_wconf 88' lang='lat' dir='ltr'>C</span> <span class='ocrx_word' id='word_1_554' title='bbox 986 3363 1456 3435; x_wconf 74' lang='lat' dir='ltr'>tuteabstrneutraarnsrgnm,s1mul</span> <span class='ocrx_word' id='word_1_555' title='bbox 1470 3373 1552 3420; x_wconf 86' lang='lat' dir='ltr'>elram</span> <span class='ocrx_word' id='word_1_556' title='bbox 1566 3365 1719 3437; x_wconf 73' lang='lat' dir='ltr'>prophetiae</span> <span class='ocrx_word' id='word_1_557' title='bbox 1731 3383 1785 3440; x_wconf 93' lang='lat' dir='ltr'>spr·</span> <span class='ocrx_word' id='word_1_558' title='bbox 1814 3434 1821 3443; x_wconf 30' lang='grc' dir='ltr'>ν</span> 
     </span>
    </p>
   </div>
   <div class='ocr_carea' id='block_1_9' title="bbox 124 3436 929 4655">
    <p class='ocr_par' dir='ltr' id='par_1_17' title="bbox 128 3436 438 3504">
     <span class='ocr_line' id='line_1_81' title="bbox 128 3436 438 3504; baseline 0.006 -12"><span class='ocrx_word' id='word_1_559' title='bbox 128 3437 262 3504; x_wconf 89' lang='lat' dir='ltr'>cnndino,</span> <span class='ocrx_word' id='word_1_560' title='bbox 276 3436 342 3492; x_wconf 88' lang='lat' dir='ltr'>satis</span> <span class='ocrx_word' id='word_1_561' title='bbox 357 3447 438 3494; x_wconf 86' lang='lat' dir='ltr'>recte.</span> 
     </span>
    </p>

    <p class='ocr_par' dir='ltr' id='par_1_18' title="bbox 125 3506 929 3990">
     <span class='ocr_line' id='line_1_82' title="bbox 163 3506 929 3584; baseline 0.009 -22"><span class='ocrx_word' id='word_1_562' title='bbox 163 3506 309 3563; x_wconf 84' lang='lat' dir='ltr'>Vrcronrn.</span> <span class='ocrx_word' id='word_1_563' title='bbox 326 3507 355 3561; x_wconf 94' lang='lat' dir='ltr'>in</span> <span class='ocrx_word' id='word_1_564' title='bbox 371 3508 440 3564; x_wconf 85' lang='lat' dir='ltr'>fine:</span> <span class='ocrx_word' id='word_1_565' title='bbox 460 3509 543 3577; x_wconf 76' lang='lat' dir='ltr'>«Qui,</span> <span class='ocrx_word' id='word_1_566' title='bbox 556 3518 587 3565; x_wconf 91' lang='lat' dir='ltr'>ut</span> <span class='ocrx_word' id='word_1_567' title='bbox 599 3512 695 3568; x_wconf 88' lang='lat' dir='ltr'>scribit</span> <span class='ocrx_word' id='word_1_568' title='bbox 709 3512 806 3568; x_wconf 90' lang='lat' dir='ltr'>beatus</span> <span class='ocrx_word' id='word_1_569' title='bbox 816 3513 929 3584; x_wconf 89' lang='lat' dir='ltr'>Cypria·</span> 
     </span>
     <span class='ocr_line' id='line_1_83' title="bbox 127 3577 927 3663; baseline 0.008 -30"><span class='ocrx_word' id='word_1_570' title='bbox 127 3592 179 3634; x_wconf 91' lang='lat' dir='ltr'>uus</span> <span class='ocrx_word' id='word_1_571' title='bbox 194 3579 222 3632; x_wconf 90' lang='lat' dir='ltr'>in</span> <span class='ocrx_word' id='word_1_572' title='bbox 238 3577 310 3632; x_wconf 91' lang='lat' dir='ltr'>libro</span> <span class='ocrx_word' id='word_1_573' title='bbox 324 3577 357 3633; x_wconf 90' lang='lat' dir='ltr'>de</span> <span class='ocrx_word' id='word_1_574' title='bbox 374 3578 476 3650; x_wconf 83' lang='lat' dir='ltr'>Lapsis,</span> <span class='ocrx_word' id='word_1_575' title='bbox 492 3581 644 3652; x_wconf 83' lang='lat' dir='ltr'>perignem</span> <span class='ocrx_word' id='word_1_576' title='bbox 669 3583 803 3663; x_wconf 87' lang='lat' dir='ltr'>passionis</span> <span class='ocrx_word' id='word_1_577' title='bbox 822 3592 893 3638; x_wconf 88' lang='lat' dir='ltr'>mart</span> <span class='ocrx_word' id='word_1_578' title='bbox 915 3612 927 3626; x_wconf 95' lang='lat'><em>·</em></span> 
     </span>
     <span class='ocr_line' id='line_1_84' title="bbox 126 3648 928 3722; baseline 0.007 -18"><span class='ocrx_word' id='word_1_579' title='bbox 126 3648 199 3704; x_wconf 92' lang='lat' dir='ltr'>rium</span> <span class='ocrx_word' id='word_1_580' title='bbox 216 3658 488 3706; x_wconf 89' lang='lat' dir='ltr'>consummaverunt.</span> <span class='ocrx_word' id='word_1_581' title='bbox 504 3651 586 3722; x_wconf 81' lang='lat' dir='ltr'>apud</span> <span class='ocrx_word' id='word_1_582' title='bbox 601 3651 750 3721; x_wconf 87' lang='lat' dir='ltr'>Corsrcanr,</span> <span class='ocrx_word' id='word_1_583' title='bbox 768 3664 869 3709; x_wconf 77' lang='lat' dir='ltr'>sanctae</span> <span class='ocrx_word' id='word_1_584' title='bbox 899 3671 928 3710; x_wconf 93' lang='lat' dir='ltr'>u·</span> 
     </span>
     <span class='ocr_line' id='line_1_85' title="bbox 125 3718 927 3799; baseline 0.009 -25"><span class='ocrx_word' id='word_1_585' title='bbox 125 3719 181 3786; x_wconf 80' lang='lat' dir='ltr'>liae,</span> <span class='ocrx_word' id='word_1_586' title='bbox 196 3735 257 3792; x_wconf 80' lang='lat' dir='ltr'>quae</span> <span class='ocrx_word' id='word_1_587' title='bbox 269 3718 360 3799; x_wconf 77' lang='lat' dir='ltr'>crucis</span> <span class='ocrx_word' id='word_1_588' title='bbox 370 3720 507 3792; x_wconf 89' lang='lat' dir='ltr'>supplicio</span> <span class='ocrx_word' id='word_1_589' title='bbox 521 3730 651 3778; x_wconf 89' lang='lat' dir='ltr'>coronata</span> <span class='ocrx_word' id='word_1_590' title='bbox 665 3731 714 3778; x_wconf 89' lang='lat' dir='ltr'>est.</span> <span class='ocrx_word' id='word_1_591' title='bbox 731 3724 927 3792; x_wconf 79' lang='lat' dir='ltr'>drrtissiodori,</span> 
     </span>
     <span class='ocr_line' id='line_1_86' title="bbox 125 3789 929 3867; baseline 0.007 -21"><span class='ocrx_word' id='word_1_592' title='bbox 125 3790 236 3846; x_wconf 76' lang='lat' dir='ltr'>Helene</span> <span class='ocrx_word' id='word_1_593' title='bbox 251 3789 379 3861; x_wconf 81' lang='lat' dir='ltr'>virginus.</span> <span class='ocrx_word' id='word_1_594' title='bbox 394 3816 403 3840; x_wconf 74' lang='grc' dir='ltr'><strong>ι</strong></span> <span class='ocrx_word' id='word_1_595' title='bbox 422 3792 476 3848; x_wconf 88' lang='lat' dir='ltr'>Sed</span> <span class='ocrx_word' id='word_1_596' title='bbox 489 3792 548 3850; x_wconf 78' lang='lat' dir='ltr'>baec</span> <span class='ocrx_word' id='word_1_597' title='bbox 558 3795 652 3850; x_wconf 92' lang='lat' dir='ltr'>omnia</span> <span class='ocrx_word' id='word_1_598' title='bbox 666 3794 806 3867; x_wconf 88' lang='lat' dir='ltr'>pertinent</span> <span class='ocrx_word' id='word_1_599' title='bbox 820 3796 854 3852; x_wconf 91' lang='lat' dir='ltr'>ad</span> <span class='ocrx_word' id='word_1_600' title='bbox 869 3805 929 3852; x_wconf 84' lang='lat' dir='ltr'>tex·</span> 
     </span>
     <span class='ocr_line' id='line_1_87' title="bbox 126 3859 417 3990; baseline 0.007 -72"><span class='ocrx_word' id='word_1_601' title='bbox 126 3868 184 3918; x_wconf 90' lang='lat' dir='ltr'>turn</span> <span class='ocrx_word' id='word_1_602' title='bbox 200 3859 256 3917; x_wconf 92' lang='lat' dir='ltr'>diei</span> <span class='ocrx_word' id='word_1_603' title='bbox 267 3863 417 3990; x_wconf 68' lang='lat' dir='ltr'>sequentis.</span> 
     </span>
    </p>

    <p class='ocr_par' dir='ltr' id='par_1_19' title="bbox 125 3933 928 4148">
     <span class='ocr_line' id='line_1_88' title="bbox 162 3933 928 4007; baseline 0.012 -19"><span class='ocrx_word' id='word_1_604' title='bbox 162 3933 292 3989; x_wconf 81' lang='lat' dir='ltr'>Marum.-</span> <span class='ocrx_word' id='word_1_605' title='bbox 315 3934 627 3992; x_wconf 76' lang='lat' dir='ltr'>anrus.·Unrnarr.cr.:«</span> <span class='ocrx_word' id='word_1_606' title='bbox 642 3936 790 4006; x_wconf 87' lang='lat' dir='ltr'>Timothei,</span> <span class='ocrx_word' id='word_1_607' title='bbox 801 3938 883 4007; x_wconf 91' lang='lat' dir='ltr'>Polii,</span> <span class='ocrx_word' id='word_1_608' title='bbox 901 3947 928 3997; x_wconf 88' lang='lat' dir='ltr'>et</span> 
     </span>
     <span class='ocr_line' id='line_1_89' title="bbox 125 4002 919 4077; baseline 0.008 -17"><span class='ocrx_word' id='word_1_609' title='bbox 125 4002 259 4077; x_wconf 86' lang='lat' dir='ltr'>Eutyclrii</span> <span class='ocrx_word' id='word_1_610' title='bbox 280 4015 443 4077; x_wconf 84' lang='lat' dir='ltr'>martyrum,</span> <span class='ocrx_word' id='word_1_611' title='bbox 460 4007 588 4076; x_wconf 91' lang='lat' dir='ltr'>Poliucti,</span> <span class='ocrx_word' id='word_1_612' title='bbox 606 4009 723 4065; x_wconf 92' lang='lat' dir='ltr'>Victorii</span> <span class='ocrx_word' id='word_1_613' title='bbox 740 4017 767 4065; x_wconf 95' lang='lat' dir='ltr'>et</span> <span class='ocrx_word' id='word_1_614' title='bbox 785 4011 919 4066; x_wconf 79' lang='lat' dir='ltr'>Donati·</span> 
     </span>
     <span class='ocr_line' id='line_1_90' title="bbox 126 4075 515 4148; baseline 0.003 -15"><span class='ocrx_word' id='word_1_615' title='bbox 126 4075 261 4148; x_wconf 82' lang='lat' dir='ltr'>Corrupto</span> <span class='ocrx_word' id='word_1_616' title='bbox 276 4076 308 4131; x_wconf 93' lang='lat' dir='ltr'>de</span> <span class='ocrx_word' id='word_1_617' title='bbox 324 4093 400 4132; x_wconf 89' lang='lat' dir='ltr'>more</span> <span class='ocrx_word' id='word_1_618' title='bbox 413 4078 515 4134; x_wconf 91' lang='lat' dir='ltr'>omnia.</span> 
     </span>
    </p>

    <p class='ocr_par' dir='ltr' id='par_1_20' title="bbox 124 4147 925 4655">
     <span class='ocr_line' id='line_1_91' title="bbox 162 4147 925 4224; baseline 0.009 -22"><span class='ocrx_word' id='word_1_619' title='bbox 162 4148 276 4203; x_wconf 77' lang='lat' dir='ltr'>llscrnm</span> <span class='ocrx_word' id='word_1_620' title='bbox 291 4147 371 4204; x_wconf 82' lang='lat' dir='ltr'>Suae.</span> <span class='ocrx_word' id='word_1_621' title='bbox 388 4147 511 4220; x_wconf 71' lang='lat' dir='ltr'>signatus</span> <span class='ocrx_word' id='word_1_622' title='bbox 522 4168 598 4207; x_wconf 93' lang='lat' dir='ltr'>num.</span> <span class='ocrx_word' id='word_1_623' title='bbox 610 4151 663 4208; x_wconf 77' lang='lat' dir='ltr'>tta</span> <span class='ocrx_word' id='word_1_624' title='bbox 675 4169 681 4208; x_wconf 91' lang='lat'>:</span> <span class='ocrx_word' id='word_1_625' title='bbox 702 4176 711 4198; x_wconf 88' lang='lat'><strong>·</strong></span> <span class='ocrx_word' id='word_1_626' title='bbox 726 4152 787 4224; x_wconf 92' lang='lat' dir='ltr'>lpso</span> <span class='ocrx_word' id='word_1_627' title='bbox 798 4152 853 4215; x_wconf 89' lang='lat' dir='ltr'>die,</span> <span class='ocrx_word' id='word_1_628' title='bbox 865 4170 925 4210; x_wconf 89' lang='lat' dir='ltr'>san·</span> 
     </span>
     <span class='ocr_line' id='line_1_92' title="bbox 125 4218 925 4294; baseline 0.006 -18"><span class='ocrx_word' id='word_1_629' title='bbox 125 4218 163 4276; x_wconf 92' lang='lat' dir='ltr'>cti</span> <span class='ocrx_word' id='word_1_630' title='bbox 179 4218 295 4276; x_wconf 85' lang='lat' dir='ltr'>Romani</span> <span class='ocrx_word' id='word_1_631' title='bbox 311 4221 449 4291; x_wconf 90' lang='lat' dir='ltr'>monaclri,</span> <span class='ocrx_word' id='word_1_632' title='bbox 464 4223 512 4294; x_wconf 91' lang='lat' dir='ltr'>qni</span> <span class='ocrx_word' id='word_1_633' title='bbox 527 4222 606 4280; x_wconf 86' lang='lat' dir='ltr'>beato</span> <span class='ocrx_word' id='word_1_634' title='bbox 620 4224 769 4280; x_wconf 87' lang='lat' dir='ltr'>Benedicto</span> <span class='ocrx_word' id='word_1_635' title='bbox 785 4226 925 4281; x_wconf 86' lang='lat' dir='ltr'>monacbi-</span> 
     </span>
     <span class='ocr_line' id='line_1_93' title="bbox 125 4289 925 4353; baseline 0.006 -6"><span class='ocrx_word' id='word_1_636' title='bbox 125 4291 179 4347; x_wconf 87' lang='lat' dir='ltr'>lem</span> <span class='ocrx_word' id='word_1_637' title='bbox 205 4289 330 4346; x_wconf 88' lang='lat' dir='ltr'>habitum</span> <span class='ocrx_word' id='word_1_638' title='bbox 355 4293 511 4348; x_wconf 81' lang='lat' dir='ltr'>tradidit.»</span> <span class='ocrx_word' id='word_1_639' title='bbox 540 4296 616 4352; x_wconf 87' lang='lat' dir='ltr'>Patet</span> <span class='ocrx_word' id='word_1_640' title='bbox 633 4294 750 4352; x_wconf 89' lang='lat' dir='ltr'>indicari</span> <span class='ocrx_word' id='word_1_641' title='bbox 776 4298 925 4353; x_wconf 81' lang='lat' dir='ltr'>Raraunum</span> 
     </span>
     <span class='ocr_line' id='line_1_94' title="bbox 126 4363 925 4437; baseline 0.008 -17"><span class='ocrx_word' id='word_1_642' title='bbox 126 4363 316 4429; x_wconf 83' lang='lat' dir='ltr'>Sublureosem,</span> <span class='ocrx_word' id='word_1_643' title='bbox 332 4365 378 4437; x_wconf 91' lang='lat' dir='ltr'>qui</span> <span class='ocrx_word' id='word_1_644' title='bbox 399 4363 432 4421; x_wconf 91' lang='lat' dir='ltr'>ad</span> <span class='ocrx_word' id='word_1_645' title='bbox 456 4381 547 4422; x_wconf 83' lang='lat' dir='ltr'>xxvm</span> <span class='ocrx_word' id='word_1_646' title='bbox 568 4367 710 4423; x_wconf 88' lang='lat' dir='ltr'>Februarii</span> <span class='ocrx_word' id='word_1_647' title='bbox 736 4367 765 4423; x_wconf 91' lang='lat' dir='ltr'>in</span> <span class='ocrx_word' id='word_1_648' title='bbox 786 4368 925 4426; x_wconf 81' lang='lat' dir='ltr'>ductariis</span> 
     </span>
     <span class='ocr_line' id='line_1_95' title="bbox 124 4436 924 4515; baseline 0.006 -23"><span class='ocrx_word' id='word_1_649' title='bbox 124 4451 187 4492; x_wconf 93' lang='lat' dir='ltr'>cum</span> <span class='ocrx_word' id='word_1_650' title='bbox 215 4436 334 4492; x_wconf 85' lang='lat' dir='ltr'>lloroorm</span> <span class='ocrx_word' id='word_1_651' title='bbox 359 4437 469 4492; x_wconf 83' lang='lat' dir='ltr'>Jrrreosi</span> <span class='ocrx_word' id='word_1_652' title='bbox 494 4439 625 4496; x_wconf 89' lang='lat' dir='ltr'>contusus</span> <span class='ocrx_word' id='word_1_653' title='bbox 652 4447 704 4508; x_wconf 87' lang='lat' dir='ltr'>est,</span> <span class='ocrx_word' id='word_1_654' title='bbox 729 4439 802 4512; x_wconf 90' lang='lat' dir='ltr'>quod</span> <span class='ocrx_word' id='word_1_655' title='bbox 830 4456 924 4515; x_wconf 83' lang='lat' dir='ltr'>perpe·</span> 
     </span>
     <span class='ocr_line' id='line_1_96' title="bbox 124 4506 921 4570; baseline 0.01 -8"><span class='ocrx_word' id='word_1_656' title='bbox 124 4522 181 4562; x_wconf 89' lang='lat' dir='ltr'>ram</span> <span class='ocrx_word' id='word_1_657' title='bbox 198 4506 300 4564; x_wconf 87' lang='lat' dir='ltr'>lactum</span> <span class='ocrx_word' id='word_1_658' title='bbox 315 4507 424 4565; x_wconf 89' lang='lat' dir='ltr'>abunde</span> <span class='ocrx_word' id='word_1_659' title='bbox 448 4509 477 4564; x_wconf 93' lang='lat' dir='ltr'>in</span> <span class='ocrx_word' id='word_1_660' title='bbox 500 4511 576 4568; x_wconf 85' lang='lat' dir='ltr'>Actis</span> <span class='ocrx_word' id='word_1_661' title='bbox 592 4527 623 4567; x_wconf 87' lang='lat' dir='ltr'>ea</span> <span class='ocrx_word' id='word_1_662' title='bbox 646 4511 692 4568; x_wconf 88' lang='lat' dir='ltr'>die</span> <span class='ocrx_word' id='word_1_663' title='bbox 706 4510 921 4570; x_wconf 87' lang='lat' dir='ltr'>demonstratur.</span> 
     </span>
     <span class='ocr_line' id='line_1_97' title="bbox 124 4576 921 4655; baseline 0.008 -21"><span class='ocrx_word' id='word_1_664' title='bbox 124 4576 223 4634; x_wconf 89' lang='lat' dir='ltr'>Censet</span> <span class='ocrx_word' id='word_1_665' title='bbox 252 4596 333 4651; x_wconf 89' lang='lat' dir='ltr'>porro</span> <span class='ocrx_word' id='word_1_666' title='bbox 362 4581 511 4648; x_wconf 84' lang='lat' dir='ltr'>Ferrarius,</span> <span class='ocrx_word' id='word_1_667' title='bbox 544 4583 686 4655; x_wconf 76' lang='lat' dir='ltr'>praelatum</span> <span class='ocrx_word' id='word_1_668' title='bbox 725 4586 921 4653; x_wconf 84' lang='lat' dir='ltr'>Subluceeseur,</span> 
     </span>
    </p>
   </div>
   <div class='ocr_carea' id='block_1_10' title="bbox 985 3435 1174 3493">
    <p class='ocr_par' dir='ltr' id='par_1_21' title="bbox 985 3435 1174 3493">
     <span class='ocr_line' id='line_1_98' title="bbox 985 3435 1174 3493; baseline 0.005 -3"><span class='ocrx_word' id='word_1_669' title='bbox 985 3437 1041 3491; x_wconf 92' lang='lat' dir='ltr'>ritu</span> <span class='ocrx_word' id='word_1_670' title='bbox 1051 3435 1174 3493; x_wconf 81' lang='lat' dir='ltr'>claruit.»</span> 
     </span>
    </p>
   </div>
   <div class='ocr_carea' id='block_1_11' title="bbox 1018 3507 1784 3636">
    <p class='ocr_par' dir='ltr' id='par_1_22' title="bbox 1018 3507 1784 3636">
     <span class='ocr_line' id='line_1_99' title="bbox 1018 3507 1784 3636; baseline 0.005 -74"><span class='ocrx_word' id='word_1_671' title='bbox 1018 3508 1127 3562; x_wconf 75' lang='lat' dir='ltr'>Moneri.</span> <span class='ocrx_word' id='word_1_672' title='bbox 1142 3522 1148 3561; x_wconf 92' lang='lat'>:</span> <span class='ocrx_word' id='word_1_673' title='bbox 1172 3507 1300 3563; x_wconf 83' lang='lat' dir='ltr'>«Natalis</span> <span class='ocrx_word' id='word_1_674' title='bbox 1314 3508 1557 3579; x_wconf 72' lang='lat' dir='ltr'>sanctaeldaberaas</span> <span class='ocrx_word' id='word_1_675' title='bbox 1573 3508 1700 3636; x_wconf 69' lang='lat' dir='ltr'>virqiuis.</span> <span class='ocrx_word' id='word_1_676' title='bbox 1718 3534 1729 3558; x_wconf 66' lang='lat' dir='ltr'>i</span> <span class='ocrx_word' id='word_1_677' title='bbox 1753 3511 1784 3566; x_wconf 90' lang='lat' dir='ltr'>ln</span> 
     </span>
    </p>
   </div>
   <div class='ocr_carea' id='block_1_12' title="bbox 978 3578 1785 4422">
    <p class='ocr_par' dir='ltr' id='par_1_23' title="bbox 978 3578 1785 4422">
     <span class='ocr_line' id='line_1_100' title="bbox 982 3578 1785 3650; baseline 0.005 -16"><span class='ocrx_word' id='word_1_678' title='bbox 982 3578 1060 3634; x_wconf 82' lang='lat' dir='ltr'>Actis</span> <span class='ocrx_word' id='word_1_679' title='bbox 1075 3586 1189 3634; x_wconf 89' lang='lat' dir='ltr'>vocatur</span> <span class='ocrx_word' id='word_1_680' title='bbox 1209 3605 1217 3625; x_wconf 83' lang='grc' dir='ltr'><strong>ι</strong></span> <span class='ocrx_word' id='word_1_681' title='bbox 1233 3580 1370 3650; x_wconf 81' lang='lat' dir='ltr'>lttslrerpo.</span> <span class='ocrx_word' id='word_1_682' title='bbox 1381 3582 1447 3635; x_wconf 89' lang='lat' dir='ltr'>ltem</span> <span class='ocrx_word' id='word_1_683' title='bbox 1463 3580 1607 3635; x_wconf 89' lang='lat' dir='ltr'>translatio</span> <span class='ocrx_word' id='word_1_684' title='bbox 1636 3581 1690 3636; x_wconf 90' lang='lat' dir='ltr'>eati</span> <span class='ocrx_word' id='word_1_685' title='bbox 1706 3581 1785 3638; x_wconf 85' lang='lat' dir='ltr'>Pauli</span> 
     </span>
     <span class='ocr_line' id='line_1_101' title="bbox 982 3648 1777 3723; baseline 0.006 -19"><span class='ocrx_word' id='word_1_686' title='bbox 982 3650 1112 3722; x_wconf 90' lang='lat' dir='ltr'>martyris</span> <span class='ocrx_word' id='word_1_687' title='bbox 1131 3666 1145 3704; x_wconf 87' lang='lat' dir='ltr'>a</span> <span class='ocrx_word' id='word_1_688' title='bbox 1166 3648 1447 3723; x_wconf 89' lang='lat' dir='ltr'>Constantinopolim</span> <span class='ocrx_word' id='word_1_689' title='bbox 1462 3651 1602 3708; x_wconf 81' lang='lat' dir='ltr'>civitatem</span> <span class='ocrx_word' id='word_1_690' title='bbox 1616 3653 1777 3722; x_wconf 59' lang='lat' dir='ltr'>Venetiam»</span> 
     </span>
     <span class='ocr_line' id='line_1_102' title="bbox 982 3721 1783 3797; baseline 0.005 -21"><span class='ocrx_word' id='word_1_691' title='bbox 982 3729 1047 3788; x_wconf 84' lang='lat' dir='ltr'>etc,</span> <span class='ocrx_word' id='word_1_692' title='bbox 1064 3730 1093 3776; x_wconf 94' lang='lat' dir='ltr'>ut</span> <span class='ocrx_word' id='word_1_693' title='bbox 1109 3721 1237 3776; x_wconf 83' lang='lat' dir='ltr'>Bnnrnus.</span> <span class='ocrx_word' id='word_1_694' title='bbox 1270 3745 1279 3767; x_wconf 83' lang='lat'>‹</span> <span class='ocrx_word' id='word_1_695' title='bbox 1297 3722 1402 3777; x_wconf 86' lang='lat' dir='ltr'>Eodem</span> <span class='ocrx_word' id='word_1_696' title='bbox 1417 3722 1472 3788; x_wconf 85' lang='lat' dir='ltr'>dio,</span> <span class='ocrx_word' id='word_1_697' title='bbox 1488 3729 1646 3779; x_wconf 88' lang='lat' dir='ltr'>sanctorum</span> <span class='ocrx_word' id='word_1_698' title='bbox 1662 3723 1783 3797; x_wconf 81' lang='lat' dir='ltr'>Synesii,</span> 
     </span>
     <span class='ocr_line' id='line_1_103' title="bbox 982 3791 1784 3864; baseline 0.007 -17"><span class='ocrx_word' id='word_1_699' title='bbox 982 3791 1168 3864; x_wconf 74' lang='lat' dir='ltr'>Thr·opontii,·</span> <span class='ocrx_word' id='word_1_700' title='bbox 1188 3800 1270 3848; x_wconf 83' lang='lat' dir='ltr'>etiarn</span> <span class='ocrx_word' id='word_1_701' title='bbox 1284 3800 1313 3847; x_wconf 92' lang='lat' dir='ltr'>ut</span> <span class='ocrx_word' id='word_1_702' title='bbox 1330 3791 1378 3848; x_wconf 89' lang='lat' dir='ltr'>ibi:</span> <span class='ocrx_word' id='word_1_703' title='bbox 1402 3794 1455 3849; x_wconf 77' lang='lat' dir='ltr'>«Et</span> <span class='ocrx_word' id='word_1_704' title='bbox 1468 3794 1555 3851; x_wconf 90' lang='lat' dir='ltr'>sancti</span> <span class='ocrx_word' id='word_1_705' title='bbox 1571 3794 1699 3852; x_wconf 85' lang='lat' dir='ltr'>Valentis</span> <span class='ocrx_word' id='word_1_706' title='bbox 1714 3812 1784 3853; x_wconf 90' lang='lat' dir='ltr'>mar·</span> 
     </span>
     <span class='ocr_line' id='line_1_104' title="bbox 981 3862 1782 3949; baseline 0.007 -30"><span class='ocrx_word' id='word_1_707' title='bbox 981 3862 1052 3935; x_wconf 85' lang='lat' dir='ltr'>tyris</span> <span class='ocrx_word' id='word_1_708' title='bbox 1066 3871 1093 3918; x_wconf 94' lang='lat' dir='ltr'>et</span> <span class='ocrx_word' id='word_1_709' title='bbox 1108 3863 1269 3935; x_wconf 82' lang='lat' dir='ltr'>pontilicis·</span> <span class='ocrx_word' id='word_1_710' title='bbox 1292 3863 1420 3937; x_wconf 89' lang='lat' dir='ltr'>Sequitur</span> <span class='ocrx_word' id='word_1_711' title='bbox 1436 3865 1589 3923; x_wconf 86' lang='lat' dir='ltr'>minoribus</span> <span class='ocrx_word' id='word_1_712' title='bbox 1604 3866 1715 3949; x_wconf 82' lang='lat' dir='ltr'>typis:‹</span> <span class='ocrx_word' id='word_1_713' title='bbox 1731 3867 1782 3924; x_wconf 82' lang='lat' dir='ltr'>no·</span> 
     </span>
     <span class='ocr_line' id='line_1_105' title="bbox 980 3933 1783 4015; baseline 0.007 -26"><span class='ocrx_word' id='word_1_714' title='bbox 980 3933 1060 4015; x_wconf 80' lang='lat' dir='ltr'>spicil</span> <span class='ocrx_word' id='word_1_715' title='bbox 1075 3936 1263 4004; x_wconf 69' lang='lat' dir='ltr'>contessoris·</span> <span class='ocrx_word' id='word_1_716' title='bbox 1283 3945 1347 4006; x_wconf 70' lang='lat' dir='ltr'>etc,</span> <span class='ocrx_word' id='word_1_717' title='bbox 1361 3952 1395 3992; x_wconf 81' lang='lat' dir='ltr'>eu</span> <span class='ocrx_word' id='word_1_718' title='bbox 1410 3937 1553 3994; x_wconf 82' lang='lat' dir='ltr'>Gaurano.</span> <span class='ocrx_word' id='word_1_719' title='bbox 1565 3937 1783 3996; x_wconf 78' lang='lat' dir='ltr'>Editronesalia</span> 
     </span>
     <span class='ocr_line' id='line_1_106' title="bbox 980 4007 1784 4084; baseline 0.007 -23"><span class='ocrx_word' id='word_1_720' title='bbox 980 4022 1021 4061; x_wconf 90' lang='lat' dir='ltr'>src</span> <span class='ocrx_word' id='word_1_721' title='bbox 1038 4007 1156 4062; x_wconf 84' lang='lat' dir='ltr'>liabent:</span> <span class='ocrx_word' id='word_1_722' title='bbox 1175 4032 1184 4052; x_wconf 83' lang='lat'>‹</span> <span class='ocrx_word' id='word_1_723' title='bbox 1200 4007 1279 4078; x_wconf 86' lang='lat' dir='ltr'>Apud</span> <span class='ocrx_word' id='word_1_724' title='bbox 1293 4008 1397 4074; x_wconf 79' lang='lat' dir='ltr'>Asiam,</span> <span class='ocrx_word' id='word_1_725' title='bbox 1414 4009 1513 4065; x_wconf 90' lang='lat' dir='ltr'>natalis</span> <span class='ocrx_word' id='word_1_726' title='bbox 1533 4017 1634 4067; x_wconf 78' lang='lat' dir='ltr'>sanctas</span> <span class='ocrx_word' id='word_1_727' title='bbox 1647 4010 1784 4084; x_wconf 72' lang='lat' dir='ltr'>idabergas</span> 
     </span>
     <span class='ocr_line' id='line_1_107' title="bbox 980 4077 1784 4155; baseline 0.01 -24"><span class='ocrx_word' id='word_1_728' title='bbox 980 4077 1105 4149; x_wconf 72' lang='lat' dir='ltr'>virginis.</span> <span class='ocrx_word' id='word_1_729' title='bbox 1116 4079 1147 4133; x_wconf 91' lang='lat' dir='ltr'>ln</span> <span class='ocrx_word' id='word_1_730' title='bbox 1157 4078 1268 4134; x_wconf 76' lang='lat' dir='ltr'>ciuitate</span> <span class='ocrx_word' id='word_1_731' title='bbox 1284 4079 1513 4149; x_wconf 69' lang='lat' dir='ltr'>autisiodorensi,</span> <span class='ocrx_word' id='word_1_732' title='bbox 1532 4081 1604 4137; x_wconf 87' lang='lat' dir='ltr'>beati</span> <span class='ocrx_word' id='word_1_733' title='bbox 1618 4081 1715 4138; x_wconf 87' lang='lat' dir='ltr'>Vualis</span> <span class='ocrx_word' id='word_1_734' title='bbox 1725 4098 1784 4155; x_wconf 78' lang='lat' dir='ltr'>pm·</span> 
     </span>
     <span class='ocr_line' id='line_1_108' title="bbox 979 4148 1782 4221; baseline 0.01 -17"><span class='ocrx_word' id='word_1_735' title='bbox 979 4148 1083 4221; x_wconf 87' lang='lat' dir='ltr'>sbyteri</span> <span class='ocrx_word' id='word_1_736' title='bbox 1109 4159 1135 4204; x_wconf 87' lang='lat' dir='ltr'>et</span> <span class='ocrx_word' id='word_1_737' title='bbox 1157 4149 1330 4206; x_wconf 88' lang='lat' dir='ltr'>contessoris.</span> <span class='ocrx_word' id='word_1_738' title='bbox 1348 4153 1378 4206; x_wconf 93' lang='lat' dir='ltr'>ln</span> <span class='ocrx_word' id='word_1_739' title='bbox 1395 4151 1548 4219; x_wconf 87' lang='lat' dir='ltr'>Lusitania,</span> <span class='ocrx_word' id='word_1_740' title='bbox 1566 4152 1635 4209; x_wconf 77' lang='lat' dir='ltr'>silla</span> <span class='ocrx_word' id='word_1_741' title='bbox 1657 4154 1782 4213; x_wconf 79' lang='lat' dir='ltr'>diliana.</span> 
     </span>
     <span class='ocr_line' id='line_1_109' title="bbox 980 4219 1784 4306; baseline 0.01 -32"><span class='ocrx_word' id='word_1_742' title='bbox 980 4219 1069 4292; x_wconf 86' lang='lat' dir='ltr'>passio</span> <span class='ocrx_word' id='word_1_743' title='bbox 1084 4222 1169 4275; x_wconf 87' lang='lat' dir='ltr'>sancti</span> <span class='ocrx_word' id='word_1_744' title='bbox 1186 4222 1296 4288; x_wconf 84' lang='lat' dir='ltr'>Mancii,</span> <span class='ocrx_word' id='word_1_745' title='bbox 1315 4237 1331 4277; x_wconf 85' lang='lat' dir='ltr'>a</span> <span class='ocrx_word' id='word_1_746' title='bbox 1347 4222 1451 4280; x_wconf 84' lang='lat' dir='ltr'>ludaeis</span> <span class='ocrx_word' id='word_1_747' title='bbox 1509 4234 1629 4306; x_wconf 82' lang='lat' dir='ltr'>remptr.·</span> <span class='ocrx_word' id='word_1_748' title='bbox 1652 4225 1784 4300; x_wconf 83' lang='lat' dir='ltr'>Sequitur</span> 
     </span>
     <span class='ocr_line' id='line_1_110' title="bbox 978 4293 1784 4422; baseline 0.009 -74"><span class='ocrx_word' id='word_1_749' title='bbox 978 4293 1123 4349; x_wconf 86' lang='lat' dir='ltr'>translatio</span> <span class='ocrx_word' id='word_1_750' title='bbox 1139 4293 1227 4361; x_wconf 83' lang='lat' dir='ltr'>Pauli,</span> <span class='ocrx_word' id='word_1_751' title='bbox 1251 4302 1282 4349; x_wconf 92' lang='lat' dir='ltr'>ut</span> <span class='ocrx_word' id='word_1_752' title='bbox 1302 4296 1452 4422; x_wconf 60' lang='lat' dir='ltr'>suqraeli</span> <span class='ocrx_word' id='word_1_753' title='bbox 1490 4313 1532 4352; x_wconf 88' lang='lat' dir='ltr'>em</span> <span class='ocrx_word' id='word_1_754' title='bbox 1547 4296 1603 4362; x_wconf 89' lang='lat' dir='ltr'>dre,</span> <span class='ocrx_word' id='word_1_755' title='bbox 1622 4306 1784 4356; x_wconf 80' lang='lat' dir='ltr'>sauctorum</span> 
     </span>
    </p>
   </div>
   <div class='ocr_carea' id='block_1_13' title="bbox 978 4363 1785 4508">
    <p class='ocr_par' dir='ltr' id='par_1_24' title="bbox 978 4363 1785 4508">
     <span class='ocr_line' id='line_1_111' title="bbox 978 4363 1785 4492; baseline 0.009 -72"><span class='ocrx_word' id='word_1_756' title='bbox 978 4364 1085 4492; x_wconf 58' lang='lat' dir='ltr'>Synqssqi</span> <span class='ocrx_word' id='word_1_757' title='bbox 1097 4372 1128 4445; x_wconf 24' lang='lat' dir='ltr'>&#39;et</span> <span class='ocrx_word' id='word_1_758' title='bbox 1143 4363 1317 4438; x_wconf 87' lang='lat' dir='ltr'>Theopontii.</span> <span class='ocrx_word' id='word_1_759' title='bbox 1359 4374 1369 4422; x_wconf 95' lang='lat' dir='ltr'>t</span> <span class='ocrx_word' id='word_1_760' title='bbox 1382 4368 1470 4424; x_wconf 89' lang='lat' dir='ltr'>sancti</span> <span class='ocrx_word' id='word_1_761' title='bbox 1480 4368 1605 4426; x_wconf 87' lang='lat' dir='ltr'>Valentis</span> <span class='ocrx_word' id='word_1_762' title='bbox 1615 4370 1748 4444; x_wconf 87' lang='lat' dir='ltr'>martyris</span> <span class='ocrx_word' id='word_1_763' title='bbox 1756 4375 1785 4427; x_wconf 89' lang='lat' dir='ltr'>et</span> 
     </span>
     <span class='ocr_line' id='line_1_112' title="bbox 978 4453 1131 4508; baseline 0.02 -17"><span class='ocrx_word' id='word_1_764' title='bbox 978 4453 1054 4508; x_wconf 82' lang='lat' dir='ltr'>pour</span> <span class='ocrx_word' id='word_1_765' title='bbox 1078 4453 1131 4494; x_wconf 84' lang='lat' dir='ltr'>crs:</span> 
     </span>
    </p>
   </div>
   <div class='ocr_carea' id='block_1_14' title="bbox 1070 4551 1685 4618">
    <p class='ocr_par' dir='ltr' id='par_1_25' title="bbox 1070 4551 1685 4618">
     <span class='ocr_line' id='line_1_113' title="bbox 1070 4551 1685 4618; baseline 0.01 -15"><span class='ocrx_word' id='word_1_766' title='bbox 1070 4555 1156 4614; x_wconf 74' lang='lat' dir='ltr'>nogia</span> <span class='ocrx_word' id='word_1_767' title='bbox 1173 4568 1249 4618; x_wconf 85' lang='lat' dir='ltr'>quern</span> <span class='ocrx_word' id='word_1_768' title='bbox 1266 4554 1331 4603; x_wconf 84' lang='lat' dir='ltr'>laetis</span> <span class='ocrx_word' id='word_1_769' title='bbox 1345 4551 1415 4605; x_wconf 80' lang='lat' dir='ltr'>ducit</span> <span class='ocrx_word' id='word_1_770' title='bbox 1432 4568 1477 4618; x_wconf 80' lang='lat' dir='ltr'>per</span> <span class='ocrx_word' id='word_1_771' title='bbox 1495 4554 1587 4618; x_wconf 78' lang='lat' dir='ltr'>gaudia</span> <span class='ocrx_word' id='word_1_772' title='bbox 1607 4559 1685 4609; x_wconf 82' lang='lat' dir='ltr'>votis.</span> 
     </span>
    </p>
   </div>
   <div class='ocr_carea' id='block_1_15' title="bbox 124 4650 1783 4798">
    <p class='ocr_par' dir='ltr' id='par_1_26' title="bbox 124 4650 1783 4798">
     <span class='ocr_line' id='line_1_114' title="bbox 124 4650 1783 4734; baseline 0.008 -32"><span class='ocrx_word' id='word_1_773' title='bbox 124 4650 250 4726; x_wconf 86' lang='lat' dir='ltr'>eumdem</span> <span class='ocrx_word' id='word_1_774' title='bbox 273 4667 331 4705; x_wconf 80' lang='lat' dir='ltr'>asse</span> <span class='ocrx_word' id='word_1_775' title='bbox 356 4670 417 4707; x_wconf 87' lang='lat' dir='ltr'>curn</span> <span class='ocrx_word' id='word_1_776' title='bbox 448 4653 582 4709; x_wconf 87' lang='lat' dir='ltr'>hodierno</span> <span class='ocrx_word' id='word_1_777' title='bbox 610 4656 731 4710; x_wconf 85' lang='lat' dir='ltr'>lloorano</span> <span class='ocrx_word' id='word_1_778' title='bbox 758 4657 922 4712; x_wconf 71' lang='lat' dir='ltr'>Arztdsiodo-</span> <span class='ocrx_word' id='word_1_779' title='bbox 1013 4653 1637 4734; x_wconf 77' lang='lat' dir='ltr'>Dievigesimaprimasanctorumruaqnorum</span> <span class='ocrx_word' id='word_1_780' title='bbox 1650 4664 1783 4730; x_wconf 74' lang='lat' dir='ltr'>regumet</span> 
     </span>
     <span class='ocr_line' id='line_1_115' title="bbox 124 4720 1783 4798; baseline 0.009 -26"><span class='ocrx_word' id='word_1_781' title='bbox 124 4733 195 4772; x_wconf 77' lang='lat' dir='ltr'>reuse</span> <span class='ocrx_word' id='word_1_782' title='bbox 229 4720 270 4772; x_wconf 84' lang='lat' dir='ltr'>rel</span> <span class='ocrx_word' id='word_1_783' title='bbox 302 4723 452 4788; x_wconf 85' lang='lat' dir='ltr'>Senooensi,</span> <span class='ocrx_word' id='word_1_784' title='bbox 488 4733 535 4779; x_wconf 92' lang='lat' dir='ltr'>aut</span> <span class='ocrx_word' id='word_1_785' title='bbox 565 4726 655 4795; x_wconf 91' lang='lat' dir='ltr'>potius</span> <span class='ocrx_word' id='word_1_786' title='bbox 688 4727 852 4798; x_wconf 82' lang='lat' dir='ltr'>Fontisrogi.</span> <span class='ocrx_word' id='word_1_787' title='bbox 889 4726 1107 4797; x_wconf 73' lang='lat' dir='ltr'>ntDapostolrs</span> <span class='ocrx_word' id='word_1_788' title='bbox 1122 4729 1280 4797; x_wconf 70' lang='lat' dir='ltr'>aequalium,</span> <span class='ocrx_word' id='word_1_789' title='bbox 1295 4726 1468 4782; x_wconf 76' lang='lat' dir='ltr'>Constantini</span> <span class='ocrx_word' id='word_1_790' title='bbox 1494 4729 1687 4784; x_wconf 85' lang='lat' dir='ltr'>etllelenes.·</span> <span class='ocrx_word' id='word_1_791' title='bbox 1710 4729 1783 4787; x_wconf 80' lang='lat' dir='ltr'>Tum</span> 
     </span>
    </p>
   </div>
   <div class='ocr_carea' id='block_1_16' title="bbox 124 4786 923 5654">
    <p class='ocr_par' dir='ltr' id='par_1_27' title="bbox 124 4786 923 5063">
     <span class='ocr_line' id='line_1_116' title="bbox 125 4786 923 4864; baseline 0.014 -21"><span class='ocrx_word' id='word_1_792' title='bbox 125 4804 179 4861; x_wconf 88' lang='lat' dir='ltr'>qua</span> <span class='ocrx_word' id='word_1_793' title='bbox 200 4786 227 4842; x_wconf 94' lang='lat' dir='ltr'>id</span> <span class='ocrx_word' id='word_1_794' title='bbox 248 4789 497 4848; x_wconf 63' lang='lat' dir='ltr'>verosimilitudioe</span> <span class='ocrx_word' id='word_1_795' title='bbox 519 4795 740 4864; x_wconf 83' lang='lat' dir='ltr'>circumferatur,</span> <span class='ocrx_word' id='word_1_796' title='bbox 768 4797 870 4853; x_wconf 82' lang='lat' dir='ltr'>ridesis</span> <span class='ocrx_word' id='word_1_797' title='bbox 894 4799 923 4854; x_wconf 93' lang='lat' dir='ltr'>in</span> 
     </span>
     <span class='ocr_line' id='line_1_117' title="bbox 124 4859 921 4926; baseline 0.011 -10"><span class='ocrx_word' id='word_1_798' title='bbox 124 4859 272 4916; x_wconf 80' lang='lat' dir='ltr'>Adnotatis</span> <span class='ocrx_word' id='word_1_799' title='bbox 287 4860 503 4918; x_wconf 78' lang='lat' dir='ltr'>Henscbeuianis</span> <span class='ocrx_word' id='word_1_800' title='bbox 524 4863 557 4919; x_wconf 91' lang='lat' dir='ltr'>ad</span> <span class='ocrx_word' id='word_1_801' title='bbox 581 4865 713 4922; x_wconf 90' lang='lat' dir='ltr'>insulsam</span> <span class='ocrx_word' id='word_1_802' title='bbox 731 4868 863 4924; x_wconf 88' lang='lat' dir='ltr'>rationem</span> <span class='ocrx_word' id='word_1_803' title='bbox 879 4886 921 4926; x_wconf 87' lang='lat' dir='ltr'>ca-</span> 
     </span>
     <span class='ocr_line' id='line_1_118' title="bbox 124 4930 922 5008; baseline 0.014 -21"><span class='ocrx_word' id='word_1_804' title='bbox 124 4930 182 5005; x_wconf 91' lang='lat' dir='ltr'>pite</span> <span class='ocrx_word' id='word_1_805' title='bbox 199 4932 211 4987; x_wconf 91' lang='lat' dir='ltr'>t</span> <span class='ocrx_word' id='word_1_806' title='bbox 228 4932 358 4987; x_wconf 84' lang='lat' dir='ltr'>Actorum</span> <span class='ocrx_word' id='word_1_807' title='bbox 375 4932 457 5004; x_wconf 89' lang='lat' dir='ltr'>hujus</span> <span class='ocrx_word' id='word_1_808' title='bbox 476 4936 776 5008; x_wconf 83' lang='lat' dir='ltr'>ltonraur,nn11blaii;</span> <span class='ocrx_word' id='word_1_809' title='bbox 794 4955 823 4997; x_wconf 88' lang='lat' dir='ltr'>ut</span> <span class='ocrx_word' id='word_1_810' title='bbox 838 4944 922 4998; x_wconf 88' lang='lat' dir='ltr'>verbo</span> 
     </span>
     <span class='ocr_line' id='line_1_119' title="bbox 125 5002 496 5063; baseline 0.008 -3"><span class='ocrx_word' id='word_1_811' title='bbox 125 5002 249 5060; x_wconf 79' lang='lat' dir='ltr'>diximus</span> <span class='ocrx_word' id='word_1_812' title='bbox 263 5004 298 5060; x_wconf 90' lang='lat' dir='ltr'>ad</span> <span class='ocrx_word' id='word_1_813' title='bbox 313 5020 402 5061; x_wconf 81' lang='lat' dir='ltr'>xnrur</span> <span class='ocrx_word' id='word_1_814' title='bbox 418 5006 496 5063; x_wconf 85' lang='lat' dir='ltr'>Febr.</span> 
     </span>
    </p>

    <p class='ocr_par' dir='ltr' id='par_1_28' title="bbox 161 5076 793 5146">
     <span class='ocr_line' id='line_1_120' title="bbox 161 5076 793 5146; baseline 0.013 -15"><span class='ocrx_word' id='word_1_815' title='bbox 161 5077 192 5132; x_wconf 96' lang='lat' dir='ltr'>ln</span> <span class='ocrx_word' id='word_1_816' title='bbox 208 5076 341 5133; x_wconf 80' lang='lat' dir='ltr'>Varrcau.</span> <span class='ocrx_word' id='word_1_817' title='bbox 359 5093 435 5132; x_wconf 84' lang='lat' dir='ltr'>num.</span> <span class='ocrx_word' id='word_1_818' title='bbox 452 5079 532 5146; x_wconf 70' lang='lat'>5949,</span> <span class='ocrx_word' id='word_1_819' title='bbox 548 5079 623 5137; x_wconf 89' lang='lat' dir='ltr'>deest</span> <span class='ocrx_word' id='word_1_820' title='bbox 640 5083 793 5140; x_wconf 78' lang='lat' dir='ltr'>Seeraudiei.</span> 
     </span>
    </p>

    <p class='ocr_par' dir='ltr' id='par_1_29' title="bbox 126 5148 921 5300">
     <span class='ocr_line' id='line_1_121' title="bbox 161 5148 921 5228; baseline 0.017 -26"><span class='ocrx_word' id='word_1_821' title='bbox 161 5148 309 5205; x_wconf 70' lang='lat' dir='ltr'>aurnuns:</span> <span class='ocrx_word' id='word_1_822' title='bbox 320 5149 437 5205; x_wconf 84' lang='lat' dir='ltr'>·Eodam</span> <span class='ocrx_word' id='word_1_823' title='bbox 448 5150 503 5216; x_wconf 76' lang='lat' dir='ltr'>die,</span> <span class='ocrx_word' id='word_1_824' title='bbox 513 5153 851 5228; x_wconf 72' lang='lat' dir='ltr'>antissiodori‚depositio</span> <span class='ocrx_word' id='word_1_825' title='bbox 862 5174 921 5214; x_wconf 90' lang='lat' dir='ltr'>san·</span> 
     </span>
     <span class='ocr_line' id='line_1_122' title="bbox 126 5216 795 5300; baseline 0.015 -26"><span class='ocrx_word' id='word_1_826' title='bbox 126 5216 164 5274; x_wconf 90' lang='lat' dir='ltr'>cti</span> <span class='ocrx_word' id='word_1_827' title='bbox 180 5218 289 5287; x_wconf 87' lang='lat' dir='ltr'>Vitatis,</span> <span class='ocrx_word' id='word_1_828' title='bbox 307 5220 403 5288; x_wconf 88' lang='lat' dir='ltr'>Vialis,</span> <span class='ocrx_word' id='word_1_829' title='bbox 420 5224 462 5279; x_wconf 87' lang='lat' dir='ltr'>vel</span> <span class='ocrx_word' id='word_1_830' title='bbox 479 5221 613 5290; x_wconf 83' lang='lat' dir='ltr'>Valentis,</span> <span class='ocrx_word' id='word_1_831' title='bbox 631 5251 648 5276; x_wconf 88' lang='lat'>·.</span> <span class='ocrx_word' id='word_1_832' title='bbox 660 5238 687 5283; x_wconf 88' lang='grc' dir='ltr'>ιιι</span> <span class='ocrx_word' id='word_1_833' title='bbox 702 5245 795 5300; x_wconf 89' lang='lat' dir='ltr'>supra.</span> 
     </span>
    </p>

    <p class='ocr_par' dir='ltr' id='par_1_30' title="bbox 126 5288 921 5654">
     <span class='ocr_line' id='line_1_123' title="bbox 162 5288 920 5372; baseline 0.021 -30"><span class='ocrx_word' id='word_1_834' title='bbox 162 5288 334 5369; x_wconf 67' lang='lat' dir='ltr'>Saraucarum:</span> <span class='ocrx_word' id='word_1_835' title='bbox 358 5294 534 5351; x_wconf 74' lang='lat' dir='ltr'>«Translatio</span> <span class='ocrx_word' id='word_1_836' title='bbox 549 5296 620 5353; x_wconf 89' lang='lat' dir='ltr'>beati</span> <span class='ocrx_word' id='word_1_837' title='bbox 637 5298 713 5354; x_wconf 89' lang='lat' dir='ltr'>Pauli</span> <span class='ocrx_word' id='word_1_838' title='bbox 736 5301 865 5372; x_wconf 86' lang='lat' dir='ltr'>martyris</span> <span class='ocrx_word' id='word_1_839' title='bbox 887 5300 920 5358; x_wconf 88' lang='lat' dir='ltr'>de</span> 
     </span>
     <span class='ocr_line' id='line_1_124' title="bbox 127 5357 920 5441; baseline 0.021 -29"><span class='ocrx_word' id='word_1_840' title='bbox 127 5357 364 5441; x_wconf 73' lang='lat' dir='ltr'>Constantinopoli</span> <span class='ocrx_word' id='word_1_841' title='bbox 380 5365 407 5421; x_wconf 94' lang='lat' dir='ltr'>in</span> <span class='ocrx_word' id='word_1_842' title='bbox 424 5367 535 5423; x_wconf 73' lang='lat' dir='ltr'>ciuitate</span> <span class='ocrx_word' id='word_1_843' title='bbox 551 5369 727 5425; x_wconf 88' lang='lat' dir='ltr'>Venetiarurn</span> <span class='ocrx_word' id='word_1_844' title='bbox 742 5372 776 5427; x_wconf 91' lang='lat' dir='ltr'>ad</span> <span class='ocrx_word' id='word_1_845' title='bbox 789 5381 920 5429; x_wconf 90' lang='lat' dir='ltr'>monaste·</span> 
     </span>
     <span class='ocr_line' id='line_1_125' title="bbox 126 5433 920 5516; baseline 0.016 -30"><span class='ocrx_word' id='word_1_846' title='bbox 126 5446 199 5511; x_wconf 85' lang='lat' dir='ltr'>rrum</span> <span class='ocrx_word' id='word_1_847' title='bbox 214 5440 301 5488; x_wconf 84' lang='lat' dir='ltr'>sanctr</span> <span class='ocrx_word' id='word_1_848' title='bbox 318 5433 425 5516; x_wconf 76' lang='lat' dir='ltr'>Georgii</span> <span class='ocrx_word' id='word_1_849' title='bbox 442 5439 552 5511; x_wconf 85' lang='lat' dir='ltr'>urajoris</span> <span class='ocrx_word' id='word_1_850' title='bbox 565 5456 639 5496; x_wconf 89' lang='lat' dir='ltr'>anno</span> <span class='ocrx_word' id='word_1_851' title='bbox 649 5443 728 5498; x_wconf 85' lang='lat' dir='ltr'>[lom.</span> <span class='ocrx_word' id='word_1_852' title='bbox 742 5460 868 5512; x_wconf 86' lang='lat' dir='ltr'>uccxxn,</span> <span class='ocrx_word' id='word_1_853' title='bbox 881 5446 920 5499; x_wconf 91' lang='lat' dir='ltr'>in·</span> 
     </span>
     <span class='ocr_line' id='line_1_126' title="bbox 126 5500 921 5586; baseline 0.021 -30"><span class='ocrx_word' id='word_1_854' title='bbox 126 5500 193 5557; x_wconf 90' lang='lat' dir='ltr'>drot.</span> <span class='ocrx_word' id='word_1_855' title='bbox 210 5503 236 5559; x_wconf 74' lang='lat'>2.</span> <span class='ocrx_word' id='word_1_856' title='bbox 253 5527 263 5551; x_wconf 65' lang='grc' dir='ltr'>υ</span> <span class='ocrx_word' id='word_1_857' title='bbox 283 5503 444 5586; x_wconf 73' lang='lat' dir='ltr'>Rerrqrtrtur</span> <span class='ocrx_word' id='word_1_858' title='bbox 457 5514 491 5566; x_wconf 91' lang='lat' dir='ltr'>ad</span> <span class='ocrx_word' id='word_1_859' title='bbox 507 5529 545 5568; x_wconf 85' lang='lat' dir='ltr'>vn</span> <span class='ocrx_word' id='word_1_860' title='bbox 560 5513 638 5570; x_wconf 83' lang='lat' dir='ltr'>tulii.</span> <span class='ocrx_word' id='word_1_861' title='bbox 657 5514 779 5571; x_wconf 86' lang='lat' dir='ltr'>·E0dem</span> <span class='ocrx_word' id='word_1_862' title='bbox 795 5515 850 5579; x_wconf 86' lang='lat' dir='ltr'>die,</span> <span class='ocrx_word' id='word_1_863' title='bbox 861 5532 921 5572; x_wconf 91' lang='lat' dir='ltr'>san·</span> 
     </span>
     <span class='ocr_line' id='line_1_127' title="bbox 126 5572 920 5654; baseline 0.019 -24"><span class='ocrx_word' id='word_1_864' title='bbox 126 5579 233 5632; x_wconf 71' lang='lat' dir='ltr'>currum</span> <span class='ocrx_word' id='word_1_865' title='bbox 248 5572 370 5644; x_wconf 87' lang='lat' dir='ltr'>Genesn,</span> <span class='ocrx_word' id='word_1_866' title='bbox 385 5575 536 5654; x_wconf 85' lang='lat' dir='ltr'>Theoponti</span> <span class='ocrx_word' id='word_1_867' title='bbox 550 5594 578 5642; x_wconf 90' lang='lat' dir='ltr'>et</span> <span class='ocrx_word' id='word_1_868' title='bbox 587 5595 687 5647; x_wconf 79' lang='lat' dir='ltr'>sancte</span> <span class='ocrx_word' id='word_1_869' title='bbox 696 5587 829 5645; x_wconf 78' lang='lat' dir='ltr'>Helenae.»</span> <span class='ocrx_word' id='word_1_870' title='bbox 846 5587 920 5644; x_wconf 89' lang='lat' dir='ltr'>Prio·</span> 
     </span>
    </p>
   </div>
   <div class='ocr_carea' id='block_1_17' title="bbox 975 4797 1786 5580">
    <p class='ocr_par' dir='ltr' id='par_1_31' title="bbox 975 4797 1786 5580">
     <span class='ocr_line' id='line_1_128' title="bbox 977 4797 1784 4865; baseline 0.007 -13"><span class='ocrx_word' id='word_1_871' title='bbox 977 4797 1078 4853; x_wconf 86' lang='lat' dir='ltr'>litteris</span> <span class='ocrx_word' id='word_1_872' title='bbox 1094 4798 1282 4852; x_wconf 82' lang='lat' dir='ltr'>rumorrbus:‹</span> <span class='ocrx_word' id='word_1_873' title='bbox 1298 4798 1349 4865; x_wconf 89' lang='lat' dir='ltr'>Qui</span> <span class='ocrx_word' id='word_1_874' title='bbox 1361 4799 1558 4855; x_wconf 86' lang='lat' dir='ltr'>Constantinus</span> <span class='ocrx_word' id='word_1_875' title='bbox 1572 4801 1715 4856; x_wconf 83' lang='lat' dir='ltr'>ecclesram</span> <span class='ocrx_word' id='word_1_876' title='bbox 1731 4800 1784 4858; x_wconf 85' lang='lat' dir='ltr'>Dei</span> 
     </span>
     <span class='ocr_line' id='line_1_129' title="bbox 978 4868 1783 4941; baseline 0.01 -19"><span class='ocrx_word' id='word_1_877' title='bbox 978 4868 1107 4923; x_wconf 83' lang='lat' dir='ltr'>inanimis</span> <span class='ocrx_word' id='word_1_878' title='bbox 1120 4868 1271 4940; x_wconf 77' lang='lat' dir='ltr'>priuilegris</span> <span class='ocrx_word' id='word_1_879' title='bbox 1286 4869 1442 4940; x_wconf 78' lang='lat' dir='ltr'>honorarit,</span> <span class='ocrx_word' id='word_1_880' title='bbox 1458 4872 1539 4926; x_wconf 89' lang='lat' dir='ltr'>lidenr</span> <span class='ocrx_word' id='word_1_881' title='bbox 1555 4872 1696 4941; x_wconf 86' lang='lat' dir='ltr'>dilatavrt,</span> <span class='ocrx_word' id='word_1_882' title='bbox 1712 4883 1783 4930; x_wconf 87' lang='lat' dir='ltr'>tem·</span> 
     </span>
     <span class='ocr_line' id='line_1_130' title="bbox 977 4940 1784 5019; baseline 0.009 -24"><span class='ocrx_word' id='word_1_883' title='bbox 977 4942 1022 5013; x_wconf 90' lang='lat' dir='ltr'>pla</span> <span class='ocrx_word' id='word_1_884' title='bbox 1034 4940 1202 5007; x_wconf 84' lang='lat' dir='ltr'>construxit,</span> <span class='ocrx_word' id='word_1_885' title='bbox 1214 4952 1240 4996; x_wconf 85' lang='lat' dir='ltr'>ot</span> <span class='ocrx_word' id='word_1_886' title='bbox 1254 4942 1486 5014; x_wconf 85' lang='lat' dir='ltr'>plenusoperibus</span> <span class='ocrx_word' id='word_1_887' title='bbox 1496 4943 1575 4999; x_wconf 88' lang='lat' dir='ltr'>bouis</span> <span class='ocrx_word' id='word_1_888' title='bbox 1589 4946 1616 4998; x_wconf 90' lang='lat' dir='ltr'>in</span> <span class='ocrx_word' id='word_1_889' title='bbox 1628 4960 1694 5016; x_wconf 84' lang='lat' dir='ltr'>pace</span> <span class='ocrx_word' id='word_1_890' title='bbox 1703 4945 1784 5019; x_wconf 83' lang='lat' dir='ltr'>quic·</span> 
     </span>
     <span class='ocr_line' id='line_1_131' title="bbox 977 5013 1784 5087; baseline 0.009 -21"><span class='ocrx_word' id='word_1_891' title='bbox 977 5014 1028 5068; x_wconf 83' lang='lat' dir='ltr'>vit.</span> <span class='ocrx_word' id='word_1_892' title='bbox 1045 5013 1784 5087; x_wconf 82' lang='lat' dir='ltr'>LibellosaccusationumcontraEpiscopussibiobla·</span> 
     </span>
     <span class='ocr_line' id='line_1_132' title="bbox 976 5085 1785 5158; baseline 0.007 -18"><span class='ocrx_word' id='word_1_893' title='bbox 976 5092 1028 5150; x_wconf 90' lang='lat' dir='ltr'>tos,</span> <span class='ocrx_word' id='word_1_894' title='bbox 1050 5085 1208 5142; x_wconf 74' lang='lat' dir='ltr'>conlocatis</span> <span class='ocrx_word' id='word_1_895' title='bbox 1229 5085 1365 5158; x_wconf 87' lang='lat' dir='ltr'>episcopis</span> <span class='ocrx_word' id='word_1_896' title='bbox 1387 5086 1522 5155; x_wconf 81' lang='lat' dir='ltr'>incendit,</span> <span class='ocrx_word' id='word_1_897' title='bbox 1542 5087 1650 5143; x_wconf 83' lang='lat' dir='ltr'>drocus:</span> <span class='ocrx_word' id='word_1_898' title='bbox 1666 5103 1718 5145; x_wconf 78' lang='lat' dir='ltr'>uos</span> <span class='ocrx_word' id='word_1_899' title='bbox 1741 5087 1785 5146; x_wconf 81' lang='lat' dir='ltr'>dii</span> 
     </span>
     <span class='ocr_line' id='line_1_133' title="bbox 976 5158 1785 5224; baseline 0.005 -11"><span class='ocrx_word' id='word_1_900' title='bbox 976 5158 1051 5224; x_wconf 89' lang='lat' dir='ltr'>estis,</span> <span class='ocrx_word' id='word_1_901' title='bbox 1069 5174 1084 5212; x_wconf 88' lang='lat' dir='ltr'>a</span> <span class='ocrx_word' id='word_1_902' title='bbox 1104 5174 1169 5213; x_wconf 79' lang='lat' dir='ltr'>sero</span> <span class='ocrx_word' id='word_1_903' title='bbox 1190 5158 1245 5212; x_wconf 85' lang='lat' dir='ltr'>ileo</span> <span class='ocrx_word' id='word_1_904' title='bbox 1262 5158 1416 5224; x_wconf 86' lang='lat' dir='ltr'>coustituit,</span> <span class='ocrx_word' id='word_1_905' title='bbox 1432 5159 1469 5214; x_wconf 89' lang='lat' dir='ltr'>ito</span> <span class='ocrx_word' id='word_1_906' title='bbox 1491 5168 1518 5215; x_wconf 86' lang='lat' dir='ltr'>et</span> <span class='ocrx_word' id='word_1_907' title='bbox 1534 5160 1606 5215; x_wconf 87' lang='lat' dir='ltr'>inter</span> <span class='ocrx_word' id='word_1_908' title='bbox 1620 5175 1671 5216; x_wconf 80' lang='lat' dir='ltr'>rus</span> <span class='ocrx_word' id='word_1_909' title='bbox 1684 5175 1785 5218; x_wconf 80' lang='lat' dir='ltr'>causas</span> 
     </span>
     <span class='ocr_line' id='line_1_134' title="bbox 976 5228 1784 5314; baseline 0.007 -30"><span class='ocrx_word' id='word_1_910' title='bbox 976 5237 1080 5285; x_wconf 75' lang='lat' dir='ltr'>uestras</span> <span class='ocrx_word' id='word_1_911' title='bbox 1094 5228 1233 5284; x_wconf 80' lang='lat' dir='ltr'>discutite.</span> <span class='ocrx_word' id='word_1_912' title='bbox 1252 5230 1331 5301; x_wconf 82' lang='lat' dir='ltr'>Apud</span> <span class='ocrx_word' id='word_1_913' title='bbox 1344 5231 1459 5286; x_wconf 73' lang='lat' dir='ltr'>Nicaeam</span> <span class='ocrx_word' id='word_1_914' title='bbox 1475 5230 1570 5286; x_wconf 71' lang='lat' dir='ltr'>Galliae</span> <span class='ocrx_word' id='word_1_915' title='bbox 1580 5232 1668 5287; x_wconf 86' lang='lat' dir='ltr'>sancti</span> <span class='ocrx_word' id='word_1_916' title='bbox 1681 5230 1784 5314; x_wconf 84' lang='lat' dir='ltr'>Hospi-</span> 
     </span>
     <span class='ocr_line' id='line_1_135' title="bbox 975 5300 1785 5374; baseline 0.005 -18"><span class='ocrx_word' id='word_1_917' title='bbox 975 5301 1006 5356; x_wconf 91' lang='lat' dir='ltr'>tii</span> <span class='ocrx_word' id='word_1_918' title='bbox 1022 5302 1187 5356; x_wconf 84' lang='lat' dir='ltr'>contessoris</span> <span class='ocrx_word' id='word_1_919' title='bbox 1203 5311 1229 5356; x_wconf 87' lang='lat' dir='ltr'>et</span> <span class='ocrx_word' id='word_1_920' title='bbox 1244 5301 1297 5357; x_wconf 87' lang='lat' dir='ltr'>vrri</span> <span class='ocrx_word' id='word_1_921' title='bbox 1313 5300 1374 5367; x_wconf 82' lang='lat' dir='ltr'>nei,</span> <span class='ocrx_word' id='word_1_922' title='bbox 1386 5306 1433 5374; x_wconf 89' lang='lat' dir='ltr'>qui</span> <span class='ocrx_word' id='word_1_923' title='bbox 1443 5302 1732 5360; x_wconf 71' lang='lat' dir='ltr'>virtuteabstiuentiae</span> <span class='ocrx_word' id='word_1_924' title='bbox 1740 5320 1785 5360; x_wconf 91' lang='lat' dir='ltr'>m·</span> 
     </span>
     <span class='ocr_line' id='line_1_136' title="bbox 976 5373 1783 5448; baseline 0.004 -20"><span class='ocrx_word' id='word_1_925' title='bbox 976 5373 1070 5444; x_wconf 82' lang='lat' dir='ltr'>siguis,</span> <span class='ocrx_word' id='word_1_926' title='bbox 1091 5373 1175 5429; x_wconf 85' lang='lat' dir='ltr'>etiam</span> <span class='ocrx_word' id='word_1_927' title='bbox 1200 5373 1348 5444; x_wconf 76' lang='lat' dir='ltr'>prophetie</span> <span class='ocrx_word' id='word_1_928' title='bbox 1371 5373 1471 5444; x_wconf 93' lang='lat' dir='ltr'>spiritu</span> <span class='ocrx_word' id='word_1_929' title='bbox 1488 5373 1597 5431; x_wconf 84' lang='lat' dir='ltr'>claruit.</span> <span class='ocrx_word' id='word_1_930' title='bbox 1615 5375 1646 5431; x_wconf 92' lang='lat' dir='ltr'>ln</span> <span class='ocrx_word' id='word_1_931' title='bbox 1666 5377 1783 5448; x_wconf 69' lang='lat' dir='ltr'>anglia,</span> 
     </span>
     <span class='ocr_line' id='line_1_137' title="bbox 975 5444 1786 5520; baseline 0.009 -21"><span class='ocrx_word' id='word_1_932' title='bbox 975 5444 1110 5517; x_wconf 89' lang='lat' dir='ltr'>depositio</span> <span class='ocrx_word' id='word_1_933' title='bbox 1126 5445 1198 5500; x_wconf 86' lang='lat' dir='ltr'>beati</span> <span class='ocrx_word' id='word_1_934' title='bbox 1214 5444 1455 5502; x_wconf 83' lang='lat' dir='ltr'>Godriuiereroitae</span> <span class='ocrx_word' id='word_1_935' title='bbox 1470 5453 1497 5501; x_wconf 89' lang='lat' dir='ltr'>et</span> <span class='ocrx_word' id='word_1_936' title='bbox 1507 5447 1684 5516; x_wconf 86' lang='lat' dir='ltr'>contessoris,</span> <span class='ocrx_word' id='word_1_937' title='bbox 1699 5447 1786 5520; x_wconf 81' lang='lat' dir='ltr'>cujm</span> 
     </span>
     <span class='ocr_line' id='line_1_138' title="bbox 975 5515 1785 5580; baseline 0.01 -9"><span class='ocrx_word' id='word_1_938' title='bbox 975 5518 1061 5572; x_wconf 88' lang='lat' dir='ltr'>Actus</span> <span class='ocrx_word' id='word_1_939' title='bbox 1076 5517 1143 5573; x_wconf 90' lang='lat' dir='ltr'>clari</span> <span class='ocrx_word' id='word_1_940' title='bbox 1153 5524 1286 5572; x_wconf 78' lang='lat' dir='ltr'>exstant.»</span> <span class='ocrx_word' id='word_1_941' title='bbox 1296 5515 1405 5580; x_wconf 82' lang='lat' dir='ltr'>Videde</span> <span class='ocrx_word' id='word_1_942' title='bbox 1425 5517 1785 5579; x_wconf 79' lang='lat' dir='ltr'>eoltensmemicommsu·</span> 
     </span>
    </p>
   </div>
   <div class='ocr_carea' id='block_1_18' title="bbox 976 5587 1651 5664">
    <p class='ocr_par' dir='ltr' id='par_1_32' title="bbox 976 5587 1651 5664">
     <span class='ocr_line' id='line_1_139' title="bbox 976 5587 1651 5664; baseline 0.012 -22"><span class='ocrx_word' id='word_1_943' title='bbox 976 5589 1076 5644; x_wconf 90' lang='lat' dir='ltr'>tarium</span> <span class='ocrx_word' id='word_1_944' title='bbox 1090 5595 1117 5645; x_wconf 91' lang='lat' dir='ltr'>et</span> <span class='ocrx_word' id='word_1_945' title='bbox 1131 5589 1217 5647; x_wconf 89' lang='lat' dir='ltr'>vitam</span> <span class='ocrx_word' id='word_1_946' title='bbox 1233 5605 1250 5646; x_wconf 94' lang='lat' dir='ltr'>a</span> <span class='ocrx_word' id='word_1_947' title='bbox 1264 5588 1388 5647; x_wconf 88' lang='lat' dir='ltr'>Galirido</span> <span class='ocrx_word' id='word_1_948' title='bbox 1402 5606 1494 5648; x_wconf 81' lang='lat' dir='ltr'>coaevo</span> <span class='ocrx_word' id='word_1_949' title='bbox 1508 5587 1651 5664; x_wconf 83' lang='lat' dir='ltr'>scriptam.</span> 
     </span>
    </p>
   </div>
   <div class='ocr_carea' id='block_1_19' title="bbox 792 5739 1111 5769">
    <p class='ocr_par' dir='ltr' id='par_1_33' title="bbox 792 5739 1111 5769">
     <span class='ocr_line' id='line_1_140' title="bbox 792 5739 1111 5769; baseline 0.009 -2"><span class='ocrx_word' id='word_1_950' title='bbox 792 5739 1111 5769; x_wconf 52' lang='grc' dir='ltr'>»κακον-ω-</span> 
     </span>
    </p>
   </div>
   <div class='ocr_carea' id='block_1_20' title="bbox 0 0 1922 6133">
    <p class='ocr_par' dir='ltr' id='par_1_34' title="bbox 0 0 1922 6133">
     <span class='ocr_line' id='line_1_141' title="bbox 0 0 1922 6133; baseline 0 0"><span class='ocrx_word' id='word_1_951' title='bbox 0 0 1922 6133; x_wconf 95' lang='lat' dir='ltr'> </span> 
     </span>
    </p>
   </div>
  </div>
 </body>
</html>
