3834 6136
145 213 198 271 tte

810 204 964 265 USUARDI
983 203 1144 268 benamu

1750 209 1804 269 420

145 340 226 421 longa
247 336 346 393 borum
371 335 533 390 Sanctorum
554 331 680 401 historia,
703 331 736 388 de
756 348 810 404 qua
828 333 892 389 vide
915 333 944 388 iu
962 335 1074 406 AAgili
1097 333 1204 390 abbatis
1231 343 1259 391 et
1284 333 1459 402 confessoris,
1485 335 1541 406 qui,
1564 335 1751 403 centenarius,
1772 354 1805 394 ac

145 412 221 467 Actis
237 425 305 463 xxm
319 406 452 461 ianuarii.

180 485 340 543 Aourcmcr.
363 485 425 558 post
450 475 639 532 «Gaudentiae
663 475 789 548 virginis,
814 502 823 524 ι
847 475 941 533 addit:

151 554 205 608 «ln
229 556 404 616 monasterio,
429 548 502 620 quod
527 547 630 604 dicitur
655 549 791 618 llespacis‚
813 547 945 603 transitus

143 621 229 679 sancti
244 621 329 692 Agili,
341 618 463 691 ejusdem
476 620 529 674 loci
545 618 651 674 abbatis
661 627 688 673 et
697 619 879 675 confessoris·
890 636 896 673 :
909 620 944 674 Et

143 695 247 750 calamo
269 693 347 763 longe
371 691 517 747 recentiori
539 689 685 761 adjicitur:
716 716 725 738 «
748 691 778 746 ln
803 689 943 746 territorio

141 764 285 829 bleldensi,
300 763 386 819 sancti
401 762 502 819 Fiacrii
517 762 691 818 confessoris.
709 788 718 809 ·
738 761 809 819 Vide
823 779 883 834 quae
896 761 944 816 ha·

141 835 187 892 bet
208 836 306 891 Sarius
328 835 379 890 hoc
402 834 456 901 die,
482 841 509 889 et
524 834 660 890 recentius
675 833 788 888 blabilio
807 833 907 889 saeculo
922 850 942 887 u

140 906 321 963 Benedictiuo
336 923 350 960 a
365 923 424 977 pag.
441 906 504 961 599.

177 981 357 1035 Davnaonuu.
368 996 374 1034 :
385 1003 394 1024 ‹
406 977 554 1033 Jerusalem
568 975 744 1043 monasterio,
756 977 828 1057 quod
840 976 943 1034 dicitur

141 1050 278 1116 liesbacis,
296 1050 427 1105 transitus
442 1049 529 1105 sancti
545 1049 630 1121 Agrii,
649 1048 730 1121 primi
751 1048 872 1119 ejusdem
888 1048 942 1105 loci

140 1121 247 1178 abbatis
259 1128 285 1176 et
300 1121 475 1177 confessoris.
492 1145 501 1167 ›

175 1191 418 1249 Marsae-Caurus
434 1192 618 1247 -Ucraamcm
631 1209 637 1246 :
656 1214 665 1236 ι
677 1190 776 1247 Felicis
787 1197 813 1246 et
823 1191 941 1247 Adauoti

140 1273 304 1345 martyrum.
328 1261 421 1318 Lazari
444 1263 535 1318 fratris
558 1262 683 1330 Marthae,
703 1262 822 1334 episcopi
841 1263 942 1318 Massi-

140 1335 245 1391 liensis.
261 1359 270 1381 »
293 1334 363 1391 Vide
379 1351 438 1388 xvn
453 1333 621 1390 Decembris.
640 1359 649 1381 ‹
665 1334 765 1390 Fiacrii
780 1336 902 1390 eremitae
914 1342 942 1391 et

140 1407 313 1464 confessoris.
331 1405 404 1476 Agili
420 1404 527 1461 abbatis
541 1414 568 1460 et
581 1404 756 1460 confessoris.
773 1429 781 1451 ι

175 1480 244 1535 Rue.
260 1478 342 1534 Surae.
359 1477 480 1549 signatus
495 1493 572 1533 num.
588 1475 656 1532 4²8:
681 1501 689 1523 ι
705 1475 823 1533 llesbaco
840 1493 941 1532 mana-

140 1550 233 1616 sterio,
245 1557 427 1622 cognomento
441 1547 603 1616 ierusalem,
612 1549 698 1603 sancti
708 1547 793 1619 Agili,
804 1549 851 1620 qui
863 1546 942 1619 ejus-

139 1622 201 1679 dem
225 1621 308 1677 abhas
326 1618 456 1685 caenobii,
481 1618 577 1675 multis
600 1618 752 1675 virtutibus
777 1619 886 1674 claruit.
909 1621 940 1676 ln

999 408 1079 477 virgo
1094 406 1225 473 existens,
1241 406 1359 463 feliciter
1374 423 1408 460 ex
1424 406 1567 461 vocatione
1582 406 1714 477 migravit
1728 423 1744 462 a
1756 425 1803 464 sc-

998 478 1071 532 culo.
1088 502 1097 525 »
1124 479 1153 533 ln
1168 476 1330 545 Gaudentio,
1355 495 1423 549 pura
1437 485 1487 532 est.
1506 478 1647 548 Denique:
1671 479 1802 536 «Eodem

998 548 1053 612 die.
1063 549 1152 604 natale
1160 557 1318 605 sanctorum
1330 558 1493 620 martyrum,
1503 548 1626 603 ianuarii
1635 550 1801 622 presbyteri,

998 620 1141 676 Fortunati
1163 627 1190 676 et
1205 620 1320 692 Septimi
1337 622 1482 676 lectorum.
1499 644 1508 667 ι
1532 619 1602 678 Vide
1618 619 1803 679 Observatio-

998 707 1057 747 nes.

1033 763 1130 819 Breuis.
1146 763 1231 819 editio
1250 765 1336 819 altera
1351 764 1379 819 in
1395 765 1449 820 bne
1464 762 1564 819 habet:
1589 764 1643 819 «ln
1660 763 1804 823 territorio

998 834 1141 902 bleldensi,
1159 836 1245 890 sancti
1261 836 1360 891 Fiacrii
1376 835 1553 891 confessoris.
1570 859 1579 881 ι

1033 907 1177 962 Graves:
1202 908 1282 978 «lpso
1296 907 1350 973 die,
1372 908 1521 963 seeundum
1539 905 1721 978 Cathalogum
1735 924 1800 964 san-

996 984 1115 1046 ctorum,
1127 979 1215 1034 sancti
1225 979 1400 1033 l'harenliani
1418 977 1537 1049 episcopi
1553 986 1580 1034 et
1592 979 1734 1050 martyris.
1750 979 1802 1047 Qui

996 1056 1119 1121 tempore
1138 1049 1252 1104 Adriani
1269 1050 1341 1121 apud
1356 1050 1508 1106 Tudertum
1524 1050 1630 1105 Tusciae
1646 1050 1802 1107 sacrificari

996 1123 1104 1188 nolens,
1127 1121 1156 1175 in
1180 1121 1296 1191 equuleo
1321 1122 1437 1188 levatus,
1456 1120 1651 1191 scorpionibus
1671 1122 1801 1191 caeditur,

997 1191 1121 1263 ignisque
1138 1191 1269 1247 lateribus
1279 1192 1435 1264 apponitur.
1450 1191 1555 1248 Deinde
1571 1192 1802 1264 liugnapraecisa,

996 1279 1059 1318 cum
1075 1261 1259 1318 nihilominus
1270 1261 1409 1319 Christum
1422 1264 1494 1319 clare
1508 1262 1698 1333 confiteretur,
1711 1264 1801 1321 decol-

997 1335 1069 1390 lalus
1088 1341 1128 1389 est
1142 1350 1197 1389 una
1217 1350 1280 1390 curn
1305 1336 1403 1391 Flacco
1427 1336 1570 1391 sacerdote
1588 1334 1729 1391 idolorum
1745 1353 1761 1391 a
1775 1354 1802 1393 se

996 1421 1129 1463 converso
1144 1412 1171 1461 et
1184 1405 1331 1477 baptizato.
1353 1407 1432 1474 Item,
1448 1415 1605 1462 sauctorum
1622 1407 1760 1480 llippoliti
1776 1417 1803 1464 et

996 1477 1139 1533 Saviniani
1164 1486 1326 1549 martyrum,
1350 1477 1383 1532 de
1408 1478 1508 1550 quihus
1536 1478 1565 1533 iu
1591 1482 1674 1550 gestis
1699 1487 1800 1536 saneta

996 1550 1093 1604 Aureae
1108 1548 1234 1621 virginis.
1251 1549 1282 1604 ln
1297 1548 1437 1604 territorio
1451 1548 1593 1614 bleldensi,
1609 1548 1683 1605 beati
1699 1550 1800 1609 Fiacrii

995 1619 1102 1676 abbatis
1117 1627 1143 1675 et
1157 1619 1333 1687 confessoris,
1355 1636 1459 1691 magnae
1475 1620 1587 1676 virtutis
1609 1619 1674 1677 viri.
1698 1622 1730 1677 ln
1746 1638 1801 1678 mo-

140 1709 207 1772 pago
222 1691 364 1757 diddensi,
380 1688 453 1745 beati
466 1689 566 1747 Fiaerii
579 1689 755 1756 confessoris,
768 1689 822 1743 viri
838 1691 896 1744 vita
912 1698 940 1746 et
954 1697 977 1757 Β
993 1691 1113 1746 casteria
1128 1690 1249 1758 Damasi,
1265 1692 1352 1746 sancti
1370 1692 1445 1763 Agili
1464 1691 1570 1747 abbatis
1580 1699 1606 1746 et
1622 1691 1800 1761 confessoris,

139 1761 283 1819 miraculis
297 1760 419 1833 gloriosi.
436 1784 446 1807 ν

174 1835 206 1889 ln
219 1835 354 1890 Varrcau.
370 1848 448 1887 num.
464 1827 534 1886 dele
549 1829 624 1887 deest
647 1856 655 1879 ι
672 1829 837 1887 (laedentia.
854 1857 862 1879 ι

174 1909 311 1960 Aursurs.
327 1923 332 1958 :
352 1902 482 1973 ‹Cenayo
497 1901 673 1969 monasterio,
683 1902 937 1960 sanctiEaldwaldi

138 1975 314 2040 confessoris,
322 1973 417 2029 fratris
424 1971 497 2027 beati
508 1971 648 2028 Edmundi
660 1972 799 2044 martyris.
807 1974 869 2046 Ipso
880 1975 935 2042 die,

138 2047 224 2101 sancti
244 2044 372 2099 iunianis
386 2043 506 2115 episcopi
521 2051 548 2099 et
562 2043 736 2100 confessoris.
752 2044 832 2114 Item,
848 2047 935 2102 sancti

137 2115 280 2173 Decimavi
294 2117 434 2187 martyris.
452 2134 465 2166 o

172 2189 361 2244 Dionaeam:
384 2210 393 2233 ‹
418 2188 449 2243 lu
471 2188 637 2243 monasterio
658 2188 819 2256 Jerusalem,
848 2189 936 2246 sancti

137 2260 221 2332 Agilii
238 2257 344 2315 abbatis
358 2265 385 2313 et
398 2257 572 2314 corilessoris.
586 2283 595 2304 ι

172 2332 267 2387 Editio
295 2329 489 2387 huneco-Coc.
517 2329 550 2385 de
579 2329 670 2386 Felice
692 2337 720 2385 et
740 2330 865 2387 Adaucto
889 2331 938 2387 vix

136 2403 287 2476 quidquam
304 2402 368 2458 novi
378 2401 495 2457 inducit.
507 2400 655 2474 Sequitur:
674 2402 860 2457 ‹Monasterio
875 2403 938 2457 Tui-

135 2477 232 2543 ciensi,
250 2490 333 2547 super
354 2472 421 2529 litus
440 2472 539 2539 Rheni,
563 2472 706 2528 translatio
727 2474 850 2544 corporis
865 2473 938 2529 beati

136 2545 274 2602 Heriherti
301 2543 501 2616 archiepiscopi
530 2543 703 2600 Coloniensis
729 2544 887 2617 Agrippinae
911 2553 938 2600 et

135 2615 311 2672 confessoris.
327 2615 392 2681 Quae
407 2631 423 2669 a
437 2614 557 2670 Domino
573 2614 697 2669 Arnoldo
712 2615 811 2685 primo,
827 2616 939 2672 arehie-

136 2687 250 2758 piscopo
265 2685 487 2751 Coloniensium‚
505 2685 557 2739 sub
571 2700 644 2740 anno
659 2686 861 2742 iucarnationis
879 2689 939 2742 Do-

135 2759 204 2815 mini
215 2774 329 2816 ucxuvn
343 2756 414 2812 lacta
428 2763 478 2811 est.
491 2755 522 2810 lu
539 2757 706 2812 monasterio
717 2757 838 2825 Resbasi,
849 2759 939 2815 sancti

1011 1761 1039 1816 ui
1054 1777 1127 1816 anno
1138 1762 1201 1816 vitae
1212 1779 1267 1817 snae
1281 1764 1438 1818 centesimo
1454 1762 1620 1835 virgoobiit.
1633 1764 1801 1821 llonasterio

991 1779 1141 1898 aniciensi,
1157 1850 1238 1914 super
1254 1834 1318 1889 litus
1334 1834 1434 1901 libeni,
1446 1833 1593 1890 translatio
1608 1837 1701 1891 sancti
1717 1835 1818 1891 lieri-·

991 1904 1061 1960 berti
1081 1904 1279 1977 archiepiscopi
1294 1905 1507 1987 Agrippinensis
1522 1905 1646 1963 Coloniae
1656 1914 1685 1962 et
1696 1908 1800 1965 caules·

991 1976 1072 2041 soris,
1088 1976 1159 2032 laeta
1173 1993 1247 2032 anno
1260 1977 1372 2033 Domim
1384 1994 1502 2033 uuxcvn
1515 1993 1566 2049 per
1580 1978 1735 2034 Dominum
1752 1981 1799 2036 Ar·

991 2047 1104 2103 noldum
1121 2046 1242 2118 ejusdem
1257 2047 1334 2103 urbis
1356 2048 1603 2120 archiepiscopum.
1620 2049 1684 2122 lpse
1696 2049 1743 2106 die
1757 2068 1799 2108 se·

990 2119 1113 2175 eundum
1124 2119 1268 2189 quosdam,
1280 2120 1372 2175 natale
1380 2128 1538 2176 sanctorum
1549 2120 1674 2177 Ianuarii
1686 2122 1769 2192 presb
1790 2153 1799 2164 ·

990 2190 1052 2255 teri,
1069 2189 1213 2246 Fortunati
1232 2199 1258 2246 et
1272 2190 1399 2264 Septimi,
1416 2191 1464 2265 qui
1483 2191 1556 2248 inira
1570 2208 1601 2248 rx
1614 2192 1733 2249 Kalend.
1773 2211 1799 2250 o·

994 2260 1115 2317 vemhris
1130 2261 1276 2317 habentur.
1297 2286 1307 2310 ι

1030 2333 1159 2388 biotam:
1184 2357 1192 2379 ι
1216 2334 1336 2390 Resbaoo
1357 2334 1533 2403 monasterio,
1560 2361 1568 2383 ι
1594 2343 1646 2392 etc.
1673 2337 1797 2394 Deinde:

1001 2429 1009 2450 ι
1024 2405 1054 2459 ln
1066 2403 1205 2460 territorio
1215 2404 1358 2474 bleldensi,
1375 2431 1384 2453 ι
1401 2414 1464 2473 eta,
1480 2406 1642 2463 adverbum
1654 2424 1691 2465 ex
1706 2408 1798 2465 blans-

993 2492 1074 2531 naro.
1097 2475 1241 2548 Sequitur:
1268 2478 1375 2533 «Anao
1400 2478 1548 2534 millesimo
1568 2479 1798 2552 quinquagesimo
1823 2490 1827 2499 '

993 2554 1082 2613 sexto,
1089 2547 1233 2603 translatio
1243 2548 1330 2604 sancti
1338 2549 1485 2605 Donatiani
1498 2550 1793 2624 hemensisepiseopi.·

992 2618 1024 2673 ln
1047 2619 1245 2689 posterioribus
1264 2619 1444 2688 editionibus,
1469 2620 1503 2676 de
1524 2625 1545 2676 A
1566 2622 1604 2677 ilo
1626 2631 1653 2679 et
1680 2623 1796 2692 Fiacrio,

992 2689 1085 2744 eadem
1097 2707 1156 2762 quae
1172 2689 1199 2745 in
1216 2691 1401 2762 primal'um:
1422 2639 1699 2768 ‹BrugisiBrugasL
1710 2702 1797 2751 traus-

992 2760 1059 2816 latio
1072 2762 1160 2818 saneti
1175 2761 1334 2831 Donatiaui,
1353 2763 1495 2819 Remeusis
1509 2764 1642 2838 episcopi.
1659 2790 1669 2816 2

858 2905 1058 2918 -—-——-—-n

136 2958 231 3018 Pridie
245 2956 313 3015 Kal.
1691 2966 1743 3022 Dte
1753 2966 1795 3024 3l.

170 3047 305 3116 Treveris,
318 3045 417 3102 natalis
430 3042 519 3102 sancti
533 3042 643 3102 Paulini
656 3042 782 3120 episcopi
803 3053 830 3102 et
843 3043 1017 3116 confessoris,
1030 3048 1077 3120 qui
1091 3064 1107 3103 a
1121 3047 1282 3107 Constantio
1297 3052 1462 3123 imperatore
1476 3052 1512 3110 ob
1526 3052 1699 3112 Catholieam
1715 3056 1794 3113 iidem

139 3140 225 3196 exilio
241 3140 385 3210 relegatus,
400 3145 428 3193 et
442 3153 527 3210 usque
542 3136 576 3193 ed
592 3145 719 3206 uiortem,
741 3138 823 3194 etiam
839 3146 919 3194 extra
933 3135 1120 3193 Christianum
1139 3155 1251 3208 nomen,
1269 3140 1400 3196 mutando
1414 3142 1498 3198 exilia
1513 3140 1654 3214 fatigatus,
1671 3144 1706 3200 ad
1724 3145 1794 3202 ulti-

133 3245 208 3286 mum
223 3230 296 3301 apud
311 3227 429 3299 Frigiam
444 3226 601 3295 defunctus,
625 3225 710 3282 beate
733 3227 869 3299 passionis
884 3242 1013 3282 coronam
1038 3229 1160 3300 percepit
1183 3245 1198 3284 a
1218 3229 1347 3286 Domino.
1371 3230 1475 3286 Eodem
1491 3231 1546 3298 die,
1566 3232 1641 3304 apud
1657 3233 1794 3298 Athenas,

132 3324 204 3382 beati
219 3323 361 3390 Aristidis,
371 3322 436 3391 lide,
452 3320 638 3394 sapientiaque
653 3318 809 3389 clarissimi,
827 3318 875 3393 qui
890 3317 1013 3375 Adriano
1028 3319 1145 3391 principi
1161 3319 1195 3375 de
1211 3319 1344 3392 religione
1359 3320 1516 3379 Christiana
1533 3321 1618 3378 libros
1633 3322 1749 3391 obtulit,
1763 3330 1791 3378 et

132 3417 206 3490 quod
220 3415 347 3474 Christus
361 3414 438 3470 lesus
458 3413 534 3470 solus
556 3419 627 3469 esset
647 3413 730 3483 Deus,
752 3419 884 3487 praesente
904 3411 963 3486 ipso
985 3409 1160 3482 imperatore,
1183 3410 1403 3467 luculentissime
1427 3412 1577 3486 peroravit.
1601 3413 1795 3472 Autisiodoroa

131 3507 220 3564 sancti
235 3507 328 3578 Optati
345 3505 465 3577 episcopi
485 3512 512 3559 et
526 3503 702 3560 confessoris.

875 3631 996 3690 NOTAE.

144 3774 147 3778 -
166 3733 232 3792 Puri
247 3743 311 3791 sunt
323 3733 445 3802 Protea,
459 3732 610 3800 dirimam,
623 3731 856 3804 daldorp-Mai,
875 3732 1022 3797 Munerat,
1037 3731 1150 3787 Graeca.
1166 3739 1193 3788 et
1209 3733 1314 3788 Melan.

632 3879 634 3882 ’
737 3873 939 3929 VARlANl'ES
964 3873 1173 3931 LECTIONES.

167 3981 216 4035 Est
231 3978 303 4032 inter
312 3974 420 4032 codices
434 3988 483 4044 pro
495 3977 574 4026 textu
589 3970 635 4027 hic
648 3969 745 4025 citatos
759 3978 786 4026 et
797 3970 869 4026 intei
879 3971 926 4026 Be·
943 3972 964 4033 G
983 3980 1091 4027 nostros
1102 3969 1172 4025 nihil
1185 3967 1269 4026 ferme
1277 3969 1457 4027 discriminis.
1468 3970 1684 4042 Antuerp.·blaJ.
1696 3979 1724 4028 et
1735 3972 1793 4028 idn·

132 4050 232 4117 linum,
252 4047 296 4103 cui
312 4057 463 4102 consonant
478 4042 574 4098 media
589 4050 660 4097 notae
675 4041 808 4167 eoprapha
823 4050 925 4109 nostra,

130 4137 162 4176 ea
173 4119 328 4185 diversitas,
344 4115 417 4189 quod
432 4115 496 4172 licet
510 4130 604 4169 omnes
619 4129 653 4168 ex
664 4129 702 4167 eoi
716 4129 758 4168 ein
773 4112 848 4168 iente
862 4113 927 4168 hau·

131 4193 227 4259 serint,
247 4188 376 4262 postremi
399 4194 491 4242 tamen
531 4186 625 4240 rimam
640 4184 878 4239 annuntiationem
894 4183 927 4239 de

130 4263 245 4320 Paulino
264 4259 417 4316 Trevireosi
441 4259 470 4313 in
493 4203 575 4312 eiiam
593 4256 795 4328 quodammodo
809 4256 926 4311 sormam

129 4332 357 4405 transposuerint,
380 4331 446 4386 dum
471 4330 622 4401 loquuntur
642 4327 669 4381 in
695 4326 769 4383 bunc
793 4327 924 4383 modum:

132 4405 263 4473 Treveris,
284 4403 368 4458 saneti
386 4400 496 4457 Paulini
519 4398 633 4471 episcopi
651 4405 673 4452 el
692 4396 860 4467 confessoris,
880 4398 926 4467 qui

129 4484 241 4547 tempore
255 4475 382 4530 Arrianae
396 4471 581 4541 iiiseslolionis,
597 4489 613 4525 a
631 4470 783 4526 Constantio
803 4470 925 4540 impero-

128 4555 192 4615 tore,
220 4548 250 4603 ob
272 4545 434 4603 catholicam
455 4543 532 4614 fidem
555 4541 690 4612 usquead
708 4547 817 4596 mortem
840 4541 924 4595 variis

127 4619 217 4674 exiliis
232 4618 370 4688 fatigatus,
383 4616 486 4671 tandem
500 4614 573 4684 apad
588 4613 716 4683 Friqiam,
731 4614 810 4667 beatae
822 4613 923 4683 passio·

127 4690 170 4745 aia
182 4705 307 4743 coronam
314 4689 429 4759 percepit
438 4705 455 4741 a
464 4685 588 4742 Deraiao.
601 4685 640 4739 De
650 4692 748 4739 caetera
759 4685 832 4739 inter
841 4700 923 4754 puros

982 4050 1068 4097 necat.
1087 4041 1215 4097 mendose
1230 4041 1365 4108 scribunt,
1385 4042 1568 4109 Constantino,
1583 4057 1633 4113 pro
1650 4044 1793 4100 Conslan-

983 4115 1028 4168 tio.
1057 4113 1159 4170 Milan.
1183 4112 1264 4168 babet
1287 4113 1418 4182 relegatas
1438 4113 1529 4180 esitio,
1554 4113 1603 4169 sed
1624 4131 1641 4170 a
1660 4113 1793 4171 Groseno

982 4185 1069 4255 magis
1089 4183 1213 4239 detortus
1228 4191 1268 4238 est
1283 4198 1397 4239 sensus:
1414 4183 1481 4239 dum
1498 4184 1535 4239 ita
1549 4186 1790 4242 constructionem

981 4255 1122 4327 implicat:
1146 4254 1183 4310 Ob
1197 4255 1354 4309 catholicam
1370 4257 1500 4325 relegatus
1515 4256 1592 4326 fidem
1607 4257 1703 4312 exilio.
1721 4258 1792 4313 Pra-

980 4335 1035 4383 ten.
1058 4327 1148 4397 posuit
1163 4327 1311 4396 Plaripiam,
1330 4326 1429 4381 melius
1447 4326 1547 4381 hiolan.
1565 4328 1725 4399 Phrygiam,
1741 4330 1787 4384 sal

980 4415 1029 4453 nos
1044 4415 1106 4453 cum
1124 4397 1237 4470 reliquis
1251 4398 1393 4463 amnibus,
1409 4414 1477 4469 quos
1493 4399 1536 4453 vel
1553 4406 1679 4454 errantes
1702 4400 1784 4456 etiam

978 4469 1044 4525 alibi
1060 4470 1145 4525 secuti
1157 4486 1261 4533 sumus,
1274 4469 1439 4540 simpliciter
1455 4469 1585 4594 Fripiam.
1595 4470 1627 4525 ln
1639 4470 1783 4527 Herinien.

978 4548 1018 4596 est
1032 4541 1192 4596 Arialbidis.
1218 4543 1256 4596 De
1275 4541 1449 4594 Alcibiadem
1468 4557 1500 4595 ve
1526 4541 1715 4610 Antisiodoro,
1730 4550 1783 4598 eta.

977 4611 1082 4668 dictum
1104 4620 1145 4668 est
1166 4613 1275 4684 saepius.
1293 4612 1397 4669 Caetera
1411 4619 1508 4668 notatu
1528 4612 1612 4685 digna
1626 4629 1683 4668 non
1707 4625 1785 4671 sun'.

800 4826 1103 4909 desuevautensss

161 4950 284 5011 lllustria
292 4944 403 5005 Poaliai
415 4942 578 5000 Treoireasis
588 4957 637 5015 pro
646 4940 781 4997 catholica
792 4941 845 4997 lide
858 4959 920 4999 oiim

126 5025 237 5083 Arianis
250 5018 401 5079 certamina
415 5014 511 5071 merito
528 5015 667 5069 celebrant
681 5013 858 5081 Athanasius,
876 5015 920 5069 lli·

126 5097 220 5164 larius,
246 5094 430 5162 Hieronymus
450 5085 553 5158 aliique
570 5085 716 5156 scriptores
732 5085 919 5153 ecclesiastici,

125 5185 176 5226 nee
191 5168 284 5223 minus
298 5171 329 5220 ut
343 5161 480 5234 egregium
495 5156 676 5227 cerasessorem,
692 5155 789 5228 quidni
804 5163 831 5213 et
851 5175 919 5212 aaar-

125 5241 305 5308 ipremteum
322 5227 683 5300 exornantblartyrographi
699 5229 811 5299 passim,
827 5229 920 5285 lliero-

126 5311 257 5381 nymiana
270 5306 430 5379 praesertim,
441 5302 471 5357 in
482 5301 582 5373 quibus
593 5309 735 5370 postquam
745 5300 789 5355 die
801 5302 919 5372 positum

125 5387 183 5435 est:
199 5382 233 5437 Ia
252 5382 380 5445 Treueris,
401 5372 527 5445 depositio
542 5371 625 5426 eoacti
646 5371 756 5426 Paulini
770 5371 883 5442 episcopi
897 5377 920 5425 et
934 5377 958 5435 D
974 5373 1044 5440 Ado,
1066 5388 1146 5443 quem
1166 5373 1259 5428 nescio
1281 5391 1331 5429 our
1350 5374 1487 5430 Notkems
1506 5390 1560 5429 non
1575 5375 1644 5430 satis
1660 5376 1679 5430 ti

972 5452 1082 5499 secutus
1094 5444 1139 5498 sit.
1157 5443 1253 5499 Noster
1268 5461 1357 5516 presse
1373 5445 1448 5501 illius
1466 5445 1557 5500 verbis
1572 5444 1723 5503 inhaerens.
1736 5463 1776 5502 ea-

125 5450 291 5518 consessorie,
306 5449 340 5503 ad
356 5465 382 5502 1v
398 5443 565 5517 Septembris
583 5442 673 5497 denuo
688 5443 837 5513 repetitur:
859 5445 919 5497 Tre·

125 5520 204 5587 verb,
227 5520 352 5600 depositio
373 5517 456 5573 saecli
471 5514 581 5572 Paulini
607 5513 757 5569 Geminatae
772 5514 824 5569 boc
838 5513 918 5569 modo

125 5588 283 5645 festivitatis
300 5591 433 5644 rationem
456 5604 512 5642 nisu
532 5586 632 5658 reperit
647 5584 851 5664 Florentinius;
870 5600 920 5640 neo

124 5661 190 5718 satis
205 5668 361 5732 promptum
375 5668 416 5715 est
430 5658 552 5725 reddere,
568 5657 621 5713 nisi
643 5657 676 5712 ad
699 5657 917 5721 translationem,

124 5732 306 5789 elevationem
330 5735 376 5783 aut
398 5730 586 5784 inventionem
609 5728 732 5799 corporis
751 5734 917 5796 recurratur,

123 5821 172 5862 seu
185 5803 220 5861 ad
240 5799 401 5858 relationem
416 5797 476 5870 ejus
489 5813 525 5854 ex
537 5799 666 5871 Phrygia,
683 5797 717 5855 de
732 5799 833 5871 quibos
846 5814 918 5856 eou-

979 4943 1031 4999 suli
1050 4951 1137 5014 potest
1158 4944 1314 5016 sigebertus
1329 4946 1400 5018 apud
1416 4946 1637 5014 Florentinium;
1656 4963 1722 5003 nam
1738 4946 1781 5003 bis

979 5015 1109 5070 omnibus
1120 5018 1228 5071 occurri
1244 5016 1363 5085 ridetur,
1379 5017 1445 5073 darn
1461 5018 1608 5099 utrobique
1623 5020 1781 5090 expressis-

978 5086 1046 5142 sime
1058 5088 1296 5158 legiturdepusitio.
1308 5090 1347 5144 De
1358 5090 1473 5145 Paulino
1483 5089 1552 5144 nihil
1567 5106 1594 5144 m
1606 5089 1780 5158 Deda,Floro

978 5165 1025 5213 aut
1048 5158 1170 5213 Rornano
1197 5175 1290 5230 parvo,
1315 5159 1361 5216 sed
1383 5176 1445 5215 eum
1474 5168 1607 5216 memorat
1639 5160 1778 5225 Dabanas,

977 5229 1098 5284 breviter
1109 5240 1206 5285 notans
1216 5231 1289 5302 quod
1300 5231 1350 5286 sub
1365 5230 1525 5288 Constantio
1538 5232 1666 5288 exiliatus
1684 5233 1779 5287 ibidem

977 5301 1144 5370 requieverit.
1169 5301 1253 5357 Paulo
1277 5302 1365 5357 fusius
1385 5311 1412 5357 et
1427 5303 1542 5359 nitidius
1565 5319 1622 5358 rem
1643 5303 1778 5430 exprpssit

1701 5392 1715 5430 e
1730 5383 1778 5430 tter

973 5531 1025 5587 que
1036 5514 1163 5569 nonnihil
1178 5516 1351 5582 contrahens,
1368 5517 1407 5572 sic
1423 5518 1500 5588 plane
1510 5515 1593 5586 juxta
1603 5518 1776 5590 antiquiores

973 5586 1080 5642 codices
1100 5593 1208 5642 nostros
1223 5588 1341 5656 elogium
1356 5587 1512 5644 efformasse
1527 5586 1664 5643 dicendus
1678 5596 1731 5656 est,
1747 5596 1776 5642 ut

972 5673 1022 5713 nos
1037 5657 1066 5712 in
1082 5658 1213 5713 laterculo
1232 5659 1383 5731 posuimus,
1405 5676 1459 5716 non
1476 5668 1506 5716 ut
1520 5659 1635 5715 Delinus
1652 5662 1777 5734 loquitur

972 5737 999 5783 et
1022 5745 1086 5785 mss.
1113 5729 1275 5798 recentiora,
1297 5730 1395 5787 iterum
1415 5732 1441 5786 in
1459 5731 1598 5787 Auctariis
1613 5731 1776 5789 distinctius

972 5798 1091 5857 citanda.
1107 5800 1267 5860 Plusculum
1281 5802 1376 5860 dicent
1389 5801 1493 5859 laudati
1508 5802 1676 5859 Florentinii
1692 5809 1777 5860 nota·
