3834 6136
210 282 263 339 sir
875 275 1026 336 usuinoi
1045 245 1205 335 eusicii
1814 272 1871 332 sis

208 409 253 466 iiis
266 418 328 480 pag.
345 406 389 463 ot.
408 403 551 477 Quidquid
564 403 676 460 interim
692 403 729 459 sit
750 401 784 459 ils
797 399 903 458 Aretbs
915 409 1010 460 nouo
1024 408 1050 467 Α
1063 402 1124 461 vica
1136 403 1174 460 ali
1256 399 1375 467 eddidit,
1389 409 1417 457 et
1433 418 1467 457 ex
1480 416 1523 482 09.
1538 399 1688 469 Notltarus,
1703 413 1767 474 ques
1779 404 1867 460 etiam

209 481 344 543 Romane
359 476 452 550 negari
466 476 646 532 omuinonou
658 472 1008 547 potsstsamabUsuardo,
1065 475 1150 548 magis
1213 473 1392 541 natalem‚vel
1407 472 1618 554 depositionum,
1634 470 1765 545 quemad
1779 481 1872 532 trnts-

209 551 338 609 undsauu
378 565 393 604 a
421 546 533 604 demum
557 554 712 620 acceptum,
736 561 799 601 vcra
818 545 1010 628 consignatum
1066 546 1196 602 lationem
1221 545 1366 617 pertineat.
1393 544 1429 600 Et
1457 545 1496 600 itu
1525 543 1650 624 loquitur
1677 539 1811 629 Rubentis
1835 546 1872 605 ds

210 623 304 681 inissa
363 620 460 677 iterius
479 617 703 675 annuntiationis
720 615 784 674 taus
803 616 1011 689 patentissimus
1065 616 1201 673 Germano
1228 623 1309 689 atquc
1329 615 1460 698 vidui&
1488 628 1569 687 culus
1583 613 1668 697 rerba
1692 615 1740 673 hie
1754 624 1871 676 recitari

209 703 250 753 est
277 709 341 753 uam
356 692 391 749 da
405 691 496 748 tribus
511 690 650 747 illismart
671 688 908 745 ribusmamincre
916 687 1009 744 llierc·
1065 696 1206 744 merentur
1221 703 1227 743 :
1243 689 1277 745 la
1294 689 1390 744 Galliis
1410 692 1513 742 assitme
1536 686 1765 769 dmummrrasc,
1788 689 1871 762 depo·

208 739 351 840 uymiana,
366 763 475 821 tametsi
492 762 558 818 binc
572 762 637 819 inde
651 707 757 817 fuxum.
774 759 853 817 Clare
865 760 1011 832 consignat
1064 761 1125 816 sitio
1137 760 1221 815 sancti
1239 759 1496 842 Geinooiepiseapi.
1516 758 1733 841 Remiseroitats,
1749 760 1870 845 Ιιοιιιοιιιι·

209 840 363 897 Romanum
397 831 1011 908 aruuiu‚exquoildo,exbocNotlieruset
1097 832 1186 904 iscopi.
1202 831 1322 886 Adeadss
1342 833 1352 901 (
1374 848 1405 886 ro
1424 830 1573 912 Aestatis)
1590 836 1706 912 mutate,
1725 832 1808 914 -lresti
1825 834 1870 893 Vs·

207 909 316 980 Noster,
334 853 429 966 iisifiem
447 902 854 979 ubiqueteriuinis,nisiquod
870 902 1010 983 Usnardus
1064 849 1134 959 Zeti
1147 903 1269 974 episcopi.
1286 903 1365 985 Gau.
1394 903 1871 987 moenitum-sanctiDaiouasepi·

165 1022 169 1027 .
208 998 258 1055 pro
275 980 426 1045 Crescendi,
440 977 484 1032 vcl
502 984 534 1031 ut
548 976 708 1047 Hieronym.
727 974 868 1041 Crescenti,
888 981 1009 1046 posuerit
1064 977 1144 1047 scopi.
1186 991 1280 1031 noratis
1295 992 1410 1031 omnium
1425 979 1633 1028 couriersaiianes
1657 981 1766 1046 etgesta
1778 993 1870 1032 inira·

211 1053 364 1110 Crescentis.
396 1049 609 1120 Uiqssiponenses
636 1053 767 1117 oicrtgres
791 1044 864 1100 inter
882 1045 1009 1117 antiquos
1064 1047 1130 1102 culis
1155 1048 1245 1117 pieria,
1261 1049 1410 1116 conscripta
1437 1044 1577 1100 habentur.
1593 1041 1633 1100 De
1662 1044 1733 1125 festo
1749 1047 1868 1121 Remigii

209 1126 284 1180 solas
304 1129 439 1180 memorat
459 1120 556 1175 Florus
575 1119 603 1173 iii
619 1117 698 1173 Bedae
718 1116 851 1184 auctario,
888 1115 969 1171 uibus
983 1122 1010 1172 et
1064 1118 1191 1186 solemni,
1218 1133 1276 1183 seu,
1291 1127 1321 1174 ut
1343 1120 1422 1175 aiunt
1435 1116 1464 1171 iii
1489 1116 1600 1196 populo,
1617 1132 1666 1186 pro
1681 1116 1796 1176 diaecesi
1811 1121 1870 1177 Re-

209 1196 328 1267 elogium
344 1191 534 1250 concinnavit.
554 1190 591 1245 dt
610 1189 633 1245 si
648 1188 723 1245 Flori
743 1195 770 1243 et
785 1131 902 1244 Usuaigi
919 1194 1011 1243 textas
1064 1189 1164 1257 mensi,
1192 1188 1299 1245 dictum
1318 1199 1359 1248 ast
1375 1205 1427 1242 iiiii
1452 1186 1575 1269 ianuarii
1593 1205 1599 1254 ;
1616 1187 1748 1271 Germani
1775 1199 1869 1249 autern

209 1267 335 1323 conferas
363 1263 443 1319 lacils
456 1261 604 1334 perspicies
620 1262 630 1329 (
651 1259 706 1315 uod
720 1258 787 1316 alibi
802 1259 884 1315 etiam
901 1257 1009 1329 monui)
1065 1259 1210 1316 retulimus
1224 1274 1294 1315 xxxi
1309 1262 1392 1326 lulii;
1409 1258 1521 1315 Vedasti
1533 1258 1727 1317 vincimini.
1745 1261 1869 1320 illustria

209 1309 430 1393 alterum'alteri
445 1340 543 1388 notum
563 1277 737 1388 neminisse.
758 1331 799 1386 lta
823 1330 920 1386 scribit
939 1329 1007 1385 ille:
1065 1331 1181 1403 Remigii
1201 1339 1275 1402 gesta
1302 1341 1329 1388 et
1347 1329 1478 1412 historice
1507 1337 1533 1385 et
1552 1330 1672 1411 oratorio
1697 1331 1820 1390 deducta
1839 1335 1868 1390 in

208 1409 363 1480 Elissipoua
402 1405 515 1472 ciuitate,
546 1402 637 1475 passio
674 1408 825 1459 sumtuum
865 1399 1009 1467 Verissimi,
1065 1403 1143 1461 Actis
1157 1403 1259 1460 nostris
1273 1419 1328 1459 nou
1353 1417 1496 1460 minimam
1511 1400 1638 1457 Octobris
1651 1411 1760 1528 partein
1779 1420 1868 1463 occu-

208 1477 469 1543 llasimietlulioe,
492 1474 539 1546 qui
582 1474 638 1529 assi
661 1480 722 1528 suut
739 1474 787 1528 sub
811 1473 928 1529 Datiano
942 1487 1011 1543 pre·
1084 1475 1180 1543 abunt,
1198 1473 1468 1557 licetautiquissima
1486 1488 1582 1554 eorum
1604 1474 1744 1555 eclectio.
1761 1492 1864 1558 exque

208 1551 273 1619 side,
289 1558 341 1607 etc.
366 1547 502 1605 Raronius
515 1547 544 1602 iu
592 1561 692 1601 omano
707 1545 772 1616 legit
789 1560 794 1598 :
814 1544 865 1611 Qui
879 1544 907 1597 iu
917 1560 1011 1614 perse·
1065 1491 1233 1603 gortunatus
1248 1545 1426 1602 Pictavieusis
1436 1543 1631 1625 compendium
1641 1544 1741 1625 edidit,
1755 1548 1867 1630 periisse

115 1642 119 1649 ·
207 1623 310 1678 cutione
323 1618 482 1677 Diocletiani
493 1618 569 1688 passi
581 1623 652 1671 suut.
667 1616 765 1672 Noster
779 1616 884 1670 nullam
900 1622 954 1669 tem
976 1630 1011 1668 o-
1065 1618 1182 1674 dicatur.
1207 1618 1247 1672 De
1262 1617 1398 1674 Germano
1412 1615 1649 1695 Autissiodorensi
1663 1632 1695 1672 ea
1709 1633 1807 1675 omnia
1821 1619 1865 1675 bic

208 1692 247 1749 ris
278 1700 370 1749 uotam
404 1689 541 1761 apposuit,
576 1685 649 1760 quod
680 1686 793 1742 forimse
829 1687 880 1755 (ita
898 1631 1010 1757 quidem
1065 1698 1158 1745 narrat
1172 1688 1340 1745 Viennensis
1352 1698 1379 1744 et
1389 1685 1683 1768 contrabithtlierus,
1694 1700 1758 1770 quan
1768 1690 1867 1746 melius

208 1763 340 1836 conjicio)
360 1762 465 1817 nullam
494 1757 554 1830 ejus
572 1757 700 1813 notitiam
721 1757 749 1812 iu
770 1757 818 1811 liis
837 1756 911 1823 ania,
932 1755 1045 1836 andeg
1079 1760 1172 1831 roprio
1196 1759 1240 1815 dia
1266 1761 1401 1817 collocata
1431 1758 1557 1814 luissent.
1591 1757 1728 1839 Caeterum
1744 1768 1865 1821 tumis

208 1842 343 1908 martyres
374 1832 439 1888 illos
461 1845 525 1884 cum
544 1827 768 1886 Cordubensibus
786 1842 801 1881 a
822 1843 882 1883 erre
903 1833 1005 1898 potuit,
1060 1779 1210 1891 factionum
1239 1830 1381 1900 varietate,
1402 1837 1469 1903 puto
1482 1829 1599 1885 Usuardi
1629 1835 1740 1887 tentum
1756 1849 1773 1888 ι
1787 1833 1867 1891 nobi,

208 1905 368 1961 invenisset.
385 1900 507 1960 Pictoris
517 1900 560 1956 vel
575 1899 706 1966 Platonis,
722 1897 790 1955 alias
806 1898 887 1965 Pieli,
905 1903 1005 1953 minw-
1060 1906 1165 1962 sincere
1179 1901 1329 1959 redditum.
1346 1901 1459 1960 Consuli
1476 1907 1590 1971 possunt
1604 1898 1769 1960 Notationes
1784 1904 1864 1960 Raro

207 1976 249 2031 ria
266 1972 490 2047 Hieronymiauis
518 1986 534 2026 a
552 1969 724 2027 Florentinio
743 1969 850 2042 adjicta
868 1976 1004 2037 censetur,
1061 1975 1111 2032 nil.
1127 1976 1159 2029 lu
1174 1975 1291 2042 Boione,
1306 1990 1353 2047 qui
1365 1970 1532 2040 uonddoni,
1545 1971 1592 2028 ssd
1606 1968 1733 2030 [isnardo
1743 1975 1864 2047 primuni

206 2062 258 2103 nec
270 2046 348 2102 illam
363 2044 427 2100 inde
437 2044 561 2115 accipere
574 2041 671 2099 debuit
686 2041 836 2108 Usuardus,
853 2040 900 2114 qui
910 2041 1006 2112 procul
1060 2044 1226 2104 tribuendus
1240 2052 1290 2112 est,
1307 2045 1480 2102 conveniunt
1489 2043 1606 2099 meires,
1617 2043 1759 2127 Aepgju,
1768 2046 1863 2119 prims.

206 2116 292 2176 dubio
310 2117 381 2173 Acta
398 2114 470 2170 vidit
483 2130 518 2171 ex
536 2113 638 2186 quibus
649 2112 769 2184 elogium
779 2120 941 2170 contentum
954 2118 1004 2168 est.
1061 2119 1140 2190 genia
1153 2117 1270 2188 protulit
1283 2116 1397 2174 litabilio
1410 2115 1512 2173 saeuulo
1530 2131 1552 2169 ii
1565 2113 1759 2186 Benedictiuri,
1773 2134 1791 2174 a
1803 2134 1863 2191 pag,

206 2189 377 2245 Laborarunt
391 2185 520 2242 nonnulli
535 2185 564 2240 in
579 2184 823 2255 uomincDiorsgsii
837 2182 1007 2251 ethiutiui,
1061 2191 1124 2257 394,
1141 2203 1277 2260 quaeeum
1297 2186 1523 2244 Theudoricianis
1548 2186 1658 2255 collata,
1675 2204 1726 2244 suu
1741 2196 1863 2263 tempore

205 2276 323 2333 quorum
334 2257 461 2316 alterutri
472 2257 563 2313 socius
573 2256 601 2312 iu
613 2254 730 2312 Galliam
741 2271 776 2311 eii
787 2252 858 2311 Urbe
868 2253 1007 2336 proiectus
1062 2260 1286 2317 illustrabuntur.
1308 2257 1351 2315 Ad
1368 2266 1519 2331 postremas
1533 2258 1761 2318 annuntiationes
1776 2261 1863 2334 perti·

205 2332 242 2387 sit
259 2347 264 2386 ;
287 2347 383 2387 verum
403 2328 449 2386 hic
468 2328 615 2400 scrupulus
631 2327 711 2383 laciie
721 2327 840 2394 tollitur,
858 2342 881 2381 si
896 2331 1006 2398 utrique
1061 2340 1129 2389 neni
1143 2329 1337 2388 Wandalberti
1353 2330 1483 2387 versiculi
1500 2348 1506 2386 ς

206 2419 265 2458 coru
288 2401 389 2458 ositom
402 2416 565 2456 asseramus.
580 2399 649 2454 Acta
657 2398 779 2454 Platonis
790 2404 916 2469 suspecta
930 2404 1005 2465 sunt,
1284 2458 1288 2468 Ι
1333 2454 1339 2465 ἤ
1481 2456 1486 2467 ¹
1591 2456 1596 2467 .

208 2418 286 2546 quot?
1124 2456 1235 2529 Francos
1246 2469 1289 2519 qui
1302 2469 1399 2518 primus
1414 2454 1498 2504 docuit
1511 2452 1662 2520 domuitque
1676 2455 1777 2508 feroces

1121 2519 1266 2580 Remigius,
1280 2521 1382 2582 proprio
1396 2516 1555 2569 Ootimbreui
1570 2522 1710 2583 praesignat
1721 2523 1840 2573 bonore:

1123 2577 1320 2654 Germanusque
1332 2583 1409 2629 simul
1422 2581 1536 2630 doctrina
1550 2580 1661 2644 insignis
1675 2589 1701 2630 et
1713 2591 1785 2645 actu,

296 2491 331 2529 ex
354 2473 417 2528 aliis
436 2469 630 2527 consimilibus
669 2468 813 2525 reduxisse
834 2468 1004 2535 rideantur;

206 2545 253 2601 sed
276 2543 309 2599 de
328 2560 360 2600 ea
378 2541 569 2599 controversia
583 2557 633 2596 suo
649 2486 714 2596 ioco
728 2539 863 2620 agendum
884 2540 946 2594 erit.
967 2540 1007 2620 De

204 2613 417 2669 ¹¹³¹¹⁵l³ti⁰¹¹¹¹m
439 2612 601 2668 ⁰⁰¹¹fu⁸i⁰¹¹e
615 2612 742 2692 §aperius
756 2611 863 2692 dmum?
882 2618 935 2667 θεῖ·
955 2611 1007 2692 ¹¹¹⁰.
1122 2643 1187 2693 Τιιιιι
1200 2657 1327 2706 propriam
1345 2645 1427 2691 munit
1438 2644 1535 2692 meritis
1550 2643 1767 2703 Antisiodoruui;

205 2683 408 2741 observandum
434 2681 536 2738 Bedam
568 2698 612 2738 scr
657 2697 731 2738 isse:
760 2684 899 2738 Festicitcs
923 2688 1007 2738 sancti
1123 2705 1281 2766 Quqoeegno
1295 2703 1354 2754 ndei
1372 2706 1511 2768 relegeret
1526 2706 1619 2757 duam
1637 2707 1782 2758 nefandum

204 2754 326 2825 Remigii,
353 2753 440 2810 Remis
477 2753 590 2809 civitais.
640 2768 774 2834 .⁰¹.¹.¹³¹¹¹.¹¹¹¹
798 2768 936 2836 parvum:
970 2754 1007 2808 Ei
1123 2767 1254 2832 Reppulit,
1269 2775 1295 2817 et
1306 2767 1388 2829 signis
1401 2774 1435 2829 te,
1447 2769 1514 2830 picta
1529 2767 1663 2818 Britannia
1688 2773 1764 2822 terit.

203 2826 291 2882 Remis
320 2824 434 2892 cioiwu,
459 2824 542 2879 sancii
571 2824 682 2895 Remigii
695 2840 818 2896 episcopt.
848 2824 908 2881 Ado
923 2824 1005 2895 elogu
1123 2830 1282 2881 Husvirtuts
1296 2804 1770 2885 Baiuetsauctoooiuitaturboooia.

775 3037 778 3042 ⁸
934 2967 1126 3028 lucrium.

236 3084 397 3151 Haemum,
410 3076 602 3154 praeteritate,
613 3081 666 3140 boo
676 3079 760 3139 habet
790 3079 909 3140 ecuiiare
923 3082 996 3157 quod
1088 3082 1265 3144 Gauranum:
1285 3107 1294 3132 ι
1309 3082 1411 3151 Rome,
1426 3079 1499 3140 beati
1514 3082 1625 3142 Arathe
1639 3085 1787 3161 martyris,
1798 3098 1861 3148 cuni

199 3158 234 3216 de
248 3157 361 3213 Piatouc
376 3154 416 3209 sic
426 3152 540 3224 incipiet
556 3169 561 3207 :
585 3154 636 3209 «lu
646 3169 714 3227 pago
724 3099 940 3224 Mesenentiuse,
951 3171 997 3211 na·
1053 3155 1137 3214 sociis
1152 3154 1209 3213 suis
1224 3172 1296 3213 iiiiii.
1312 3154 1503 3237 Antisiodoro,
1527 3155 1664 3238 depositio
1678 3158 1859 3218 tacmtissiitil

201 3225 526 3293 tslissanctiPlatonis,·
547 3232 600 3282 cta.
615 3224 686 3281 Vide
698 3225 853 3284 variantes.
1053 3228 1176 3310 corporis
1195 3228 1267 3284 beati
1290 3227 1419 3285 Germani
1434 3242 1556 3308 episcopi
1575 3235 1603 3283 et
1615 3229 1795 3300 coiilessoris‚
1812 3232 1858 3306 qui

235 3299 393 3354 Tunnican.
408 3302 481 3352 caret
495 3293 601 3352 duabus
634 3296 723 3354 rimis.
739 3298 770 3353 ln
785 3297 899 3371 reliquis
913 3314 998 3372 parus
1053 3299 1123 3357 obiit
1137 3300 1209 3372 apud
1222 3300 1379 3357 Ravennam
1390 3298 1476 3355 ltaliae
1490 3299 1633 3354 civitatem
1650 3316 1669 3356 u
1685 3301 1757 3358 Kal.⁴
1767 3303 1859 3377 Augu·

106 3360 110 3368 ’
199 3376 250 3441 est,
266 3368 356 3426 sedin
370 3366 425 3423 line
439 3364 582 3440 adjicit:‹
618 3366 699 3424 odem
714 3366 769 3438 die,
784 3360 908 3438 Vedasti,
923 3371 998 3427 Was·
1054 3369 1100 3428 sti.
1125 3368 1218 3428 Remis
1241 3370 1408 3427 Francorum
1436 3368 1592 3440 metropoli,
1609 3371 1757 3429 translatio
1772 3375 1858 3431 sanan

200 3440 270 3500 nulli
285 3445 312 3496 et
328 3437 476 3495 Vindenis.
492 3463 502 3487 ·
1054 3442 1171 3515 Remigii
1186 3441 1420 3514 archiepiscopiet
1434 3440 1609 3497 confessoris.
1624 3437 1754 3513 Atrebas,
1771 3451 1861 3503 trans·

235 3504 481 3578 Aurana—liii,
502 3509 549 3567 bic
567 3518 616 3636 per
634 3502 826 3592 aliquotpiolia
848 3510 997 3569 recentiori
1053 3511 1120 3571 latio
1137 3514 1224 3570 sancti
1239 3506 1352 3595 Vadasti
1365 3512 1486 3638 episcopi
1497 3518 1524 3593 et
1537 3508 1716 3597 confessoris.
1731 3510 1764 3571 in
1780 3516 1860 3599 terri-

201 3599 285 3641 mauu
316 3581 399 3637 rcscri
419 3586 475 3648 tus,
503 3596 565 3637 men
587 3581 611 3637 is
629 3583 783 3654 scriptoriis
801 3582 999 3644 releitissimos
1053 3584 1126 3642 torio
1150 3582 1325 3652 Tornaceusi,
1349 3588 1436 3639 sancti
1477 3589 1525 3638 iaii
1550 3582 1697 3655 presbiteri
1714 3589 1858 3663 manytis,

200 3662 250 3712 cst.
265 3656 305 3709 De
317 3651 376 3723 ejus
393 3597 527 3708 Xuotario
538 3649 596 3724 jain
613 3651 747 3709 diximus.
1053 3657 1101 3746 qui
1116 3673 1131 3712 a
1145 3654 1425 3736 RomaGalliasvenit
1433 3654 1464 3734 in
1475 3655 1608 3736 comitatu
1615 3657 1705 3737 sancti
1717 3656 1859 3726 Quintlni.

235 3727 384 3782 Rosurin.
407 3722 526 3805 incipit:
554 3722 681 3793 «Remis,
698 3724 815 3798 Remigii
831 3724 952 3799 episcopi
970 3731 998 3783 et
1054 3726 1187 3786 Goenobio
1202 3725 1307 3794 Gauda,
1323 3725 1459 3796 depositio
1473 3733 1561 3782 sancti
1576 3725 1699 3784 Rationis
1713 3730 1860 3789 conmacu-

199 3794 375 3855 conlesscris.
391 3793 601 3864 nuthisiodoio,
616 3793 746 3851 Germani
760 3796 881 3869 episcopi
891 3801 918 3854 et
933 3814 996 3854 con·
1054 3799 1093 3855 ris
1106 3805 1133 3855 et
1148 3795 1287 3864 monachi,
1303 3810 1384 3870 quem
1395 3797 1426 3852 B.
1443 3796 1585 3880 Amandus
1596 3796 1726 3869 pontifex
1740 3801 1859 3860 assem

200 3867 320 3925 lessoris.
341 3865 490 3933 Atrebatis,
505 3865 648 3923 Vadastie
667 3865 753 3938 iscopl
768 3867 991 3925 etcouiessoris.·
1054 3868 1175 3926 vanitate
1196 3882 1370 3936 conuersum,
1385 3867 1419 3923 ud
1434 3868 1497 3925 coeli
1532 3868 1629 3924 loriam
1640 3865 1778 3929 iastlume
1791 3884 1860 3947 per·-

199 3940 269 3996 Τιιιιι
300 3937 335 3994 de
354 3936 472 4007 Rarone,
493 3930 615 4007 Piatone,
646 3881 761 4007 Rretba,
780 3934 953 3996 l'homitanis
972 3948 999 3998 et
1053 3940 1158 3998 docuit.
1175 3940 1205 3996 ln
1221 3957 1255 4011 pa
1273 3938 1428 4023 oPoutiro,
1441 3883 1541 4021 natalis
1555 3936 1644 3997 sancti
1653 3932 1748 4025 Vallia
1768 3944 1789 4000 ii
1850 3962 1860 3990 ··

201 4009 350 4076 Lusitanis,
366 4008 432 4064 satis
446 4023 522 4081 pure.
1054 4012 1149 4069 sbiteri
1162 4019 1190 4068 et
1201 3958 1375 4069 confessoris.
1393 4034 1402 4060 ι
1421 4010 1529 4069 Colitur
1544 4026 1584 4068 vii
1597 4004 1685 4070 Iunii.
1706 3958 1779 4073 Viris
1816 4022 1859 4076 ata

236 4080 390 4137 Porsinna.
421 4095 470 4152 pro
489 4078 605 4148 dieite,
633 4072 715 4136 habet
733 4078 872 4138 llermetis.
893 4082 999 4140 Desunt
1054 4082 1157 4156 ejusce
1172 4082 1217 4140 die
1231 4084 1377 4140 illustrata.

201 4150 425 4208 annuntiationes
437 4151 641 4219 Lusitanorum,
656 4148 779 4208 Platonis
790 4161 818 4208 et
830 4152 960 4224 Baianis,
968 4163 999 4212 ut
1089 4154 1293 4213 Danastium:
1325 4154 1449 4224 ·Remis,
1464 4154 1609 4214 translatio
1633 4159 1724 4216 mucii
1739 4152 1858 4232 aemil

203 4225 288 4280 lerme
301 4221 424 4295 quotidie
439 4220 542 4279 deficit.
1054 4225 1252 4299 archiepiscopi
1263 4231 1290 4283 ct
1308 4226 1482 4285 confessoris.
1496 4228 1550 4296 Qui
1564 4234 1713 4302 antequam
1727 4240 1859 4289 mscere-

141 4305 144 4312 ⁴
235 4294 376 4351 Αιιιιιιιιι.
397 4300 424 4350 et
438 4292 656 4363 llam-Litana„
671 4292 842 4352 Uenusinis.
860 4298 1000 4353 etDarii-
1054 4305 1100 4354 tur
1118 4313 1166 4370 per
1187 4296 1347 4354 Montanum
1374 4298 1540 4357 monachum
1555 4312 1669 4369 cacum
1686 4312 1722 4358 cit
1741 4303 1857 4360 nomint

203 4383 266 4422 aon.
282 4367 312 4421 in
331 4365 422 4421 tribus
441 4363 538 4437 primis
555 4364 621 4421 satis
638 4365 700 4436 puri
715 4377 788 4424 suut.
806 4368 875 4424 Tum
893 4384 899 4423 :
923 4369 1000 4424 ‹Eo-
1073 4369 1252 4426 renunciatus
1264 4377 1315 4426 est.
1329 4368 1475 4438 Quouato,
1496 4369 1568 4428 idam
1580 4372 1730 4429 Montanus
1741 4373 1778 4430 de
1791 4373 1861 4431 lactc
1886 4443 1889 4447 Ι

201 4438 263 4494 dem
273 4437 330 4504 die,
340 4436 485 4492 translatio
498 4437 848 4495 sanctorumconlessorum
857 4438 998 4507 Germani,
1019 4385 1164 4535 ίἶὲιιιιιιιι
1179 4441 1280 4522 ιιιιιῑιιεΙ
1294 4439 1353 4522 ojus
1368 4442 1461 4523 oculos
1476 4443 1587 4510 liniens,
1602 4443 1790 4502 illuminatur.
1807 4440 1859 4502 lfic

203 4509 329 4580 Remigii,
351 4504 473 4563 Vadasti.
494 4506 617 4574 Quorum
638 4509 713 4579 prior
732 4509 999 4578 autisiodorensem,
1055 4510 1150 4568 Idibus
1171 4511 1293 4569 ianuarii
1316 4522 1445 4583 migravit
1458 4513 1493 4569 ad
1508 4513 1661 4583 Christum,
1685 4517 1733 4572 sod
1749 4515 1860 4574 bacdic

203 4581 271 4635 alter
284 4592 350 4634 reio
365 4578 536 4647 Remeusem,
553 4578 716 4651 gubernarit
731 4582 873 4637 ecclesiam
886 4582 1000 4647 ;tcrtius
1054 4584 1154 4640 festum
1182 4599 1237 4640 sues
1265 4583 1454 4640 translationis
1471 4585 1635 4642 celebratur.
1666 4585 1859 4656 Antisiodoro,

203 4664 267 4704 vero
291 4648 497 4704 attrebatensem
522 4656 603 4722 atquc
619 4648 876 4708 Gamericcusem.·
898 4651 1001 4709 Caetera
1055 4655 1199 4712 translatio
1227 4655 1314 4712 sancti
1340 4653 1468 4712 Germani
1488 4657 1609 4728 episcopi
1629 4665 1656 4713 et
1679 4657 1857 4715 confessoris.

203 4718 264 4793 puri
280 4725 354 4773 sunt.
1056 4723 1140 4799 Cu'us
1150 4726 1209 4783 dies
1218 4725 1398 4798 depositionis
1408 4726 1482 4783 cadit
1492 4727 1581 4800 pridie
1592 4729 1653 4784 Kal.
1667 4729 1797 4811 Augusti.
1809 4730 1859 4786 At·

238 4790 386 4845 blusanir.
413 4788 526 4860 puritati
553 4789 767 4860 proximasset,
788 4793 878 4849 solum
898 4793 927 4848 in
946 4793 1002 4850 tine
1055 4805 1096 4853 tre
1133 4799 1178 4865 tis,
1195 4798 1339 4854 translatio
1355 4797 1442 4855 sanati
1465 4797 1577 4856 Vedasti
1597 4801 1718 4873 episcopi
1738 4808 1768 4857 et
1786 4815 1860 4858 oon-

202 4859 299 4916 addit:
318 4858 414 4939 «Apud
422 4859 586 4940 Carnutum,
598 4860 669 4916 Piati
680 4863 819 4934 martyris.
833 4889 842 4911 ι
854 4863 999 4936 Adjectum
1055 4867 1175 4924 iessoris.
1192 4866 1245 4934 Qui
1267 4869 1376 4926 abesto
1396 4869 1521 4942 Remigio
1536 4871 1681 4944 episcopus
1700 4870 1857 4941 ordinatus,

203 4931 273 4988 forte
288 4947 322 4986 eii
337 4931 456 4985 inscitia.
473 4929 543 4986 Vide
559 4930 718 4989 Bonnaciii.
1055 4938 1276 4997 Cameraceusem
1296 4941 1378 4997 simul
1398 4948 1426 4997 et
1443 4941 1651 4998 Atrebatenscui
1671 4944 1745 4999 rexit
1765 4944 1860 5000 eccle-

237 5001 489 5070 Auruiine.-bliii.,
505 5001 830 5075 Uirnssacr.,Liirunn.,
845 5006 998 5066 Larinum.
1055 5010 1118 5078 sias,
1138 5020 1165 5066 et
1184 5028 1235 5067 viii
1253 5012 1294 5067 ld.
1317 5011 1459 5068 Februarii
1478 5013 1515 5067 mi
1537 5014 1608 5069 ravit
1626 5013 1661 5070 ad
1680 5014 1849 5072 Christum·

202 5082 228 5130 et
244 5075 403 5131 domnam.
420 5071 558 5145 incipiunt
570 5088 584 5155 ³.
594 5092 604 5120 ι
614 5074 707 5132 Remis
720 5077 841 5148 civitate,
857 5081 1000 5137 translatio
1054 5080 1185 5155 Sequitur
1197 5082 1231 5138 de
1243 5083 1365 5153 Platone,
1381 5083 1494 5153 Aretho,
1511 5031 1686 5142 insulanis
1702 5093 1731 5141 ct
1750 5085 1857 5142 Lusita·

201 5153 288 5203 sancti
321 5145 436 5217 Remigii
465 5145 584 5216 episcopi
611 5152 640 5202 et
666 5148 839 5206 confessoris.
856 5150 918 5223 lpso
942 5151 997 5218 dic,
1054 5152 1108 5222 nis,
1123 5153 1359 5227 satispare.Tum
1377 5172 1383 5212 :
1402 5157 1492 5211 ·ltsm
1502 5157 1589 5213 sancti
1607 5157 1867 5230 wasnulpliltriar··

201 5217 345 5273 translatio
370 5223 527 5273 sanatorum
550 5216 738 5274 confessorum
755 5219 882 5278 Germani
898 5231 925 5278 et
939 5220 998 5280 Vc·
1054 5229 1133 5306 tyris.
1150 5226 1181 5280 lii
1206 5242 1274 5298 pago
1287 5227 1483 5295 lledsuetcnsi,
1504 5229 1597 5284 l’iatus
1611 5242 1663 5300 pro
1676 5226 1789 5286 Christo
1802 5240 1858 5301 pa-

202 5286 283 5355 dasti,
309 5302 426 5361 quorum
442 5288 548 5359 primns
569 5290 833 5361 antisiodorensem,
849 5294 919 5350 alter
932 5308 998 5350 vero
1053 5302 1130 5352 titur.
1153 5297 1184 5352 ln
1207 5307 1287 5369 portu
1310 5297 1452 5365 Gaudavo,
1482 5298 1515 5355 de
1535 5299 1618 5356 esitio
1640 5298 1714 5356 beati
1735 5299 1860 5357 Duronia

201 5356 418 5440 iltrcbatcusem
438 5368 466 5415 st
483 5358 705 5418 Cameraceiisem
718 5363 892 5445 ,gubernarit
906 5366 998 5422 eccle-
1051 5366 1225 5425 confessoris.
1256 5368 1309 5437 Qui
1329 5380 1364 5426 eit
1392 5369 1495 5426 comite
1516 5316 1662 5428 {tubaniae
1681 5371 1857 5428 ferocissimo

202 5442 264 5482 sias.
281 5448 290 5476 ι
307 5430 436 5502 Sequitur
449 5431 484 5486 dc
495 5432 609 5500 Aratha,
626 5432 799 5491 Thomitanis
809 5444 836 5493 et
846 5437 995 5506 Lusitanis,
1051 5455 1210 5508 conversus,
1226 5440 1255 5497 iii
1269 5440 1400 5497 Gandaro
1414 5441 1466 5497 sub
1482 5442 1561 5499 beato
1576 5442 1705 5500 Arusndo
1718 5443 1773 5500 sibi
1790 5458 1858 5499 iiico⁴

201 5511 278 5568 puis.
293 5498 394 5556 Omnes
407 5511 506 5580 preter
518 5505 676 5561 Aisrncsr.
692 5505 801 5563 Platani
815 5507 941 5564 tribuunt
955 5508 1012 5563 ti-'
1052 5512 1202 5567 nestorium
1217 5513 1322 5581 statuit,
1335 5513 1380 5569 cui
1391 5513 1565 5570 l'loibeitum
1579 5513 1707 5572 abbatem
1719 5513 1855 5588 prefecit.

199 5568 289 5624 tulum
299 5569 421 5642 episcopi.
438 5571 469 5653 lu
483 5572 539 5630 tine
550 5575 585 5633 ds
597 5575 763 5634 Rasouesic
777 5578 922 5637 scribunt:
944 5580 996 5636 «lii
1051 5580 1102 5638 llic
1117 5583 1145 5639 iu
1161 5583 1228 5639 hora
1241 5585 1285 5641 sui
1299 5584 1442 5654 transitus,
1458 5593 1558 5643 sancta
1573 5585 1717 5657 (intrudi,
1733 5600 1791 5644 sua
1807 5600 1855 5644 uo·

198 5644 281 5711 portu
295 5638 478 5722 Gmdsvntu,
488 5643 639 5723 depositio,
656 5666 666 5696 i
687 5656 739 5706 stc.
1051 5660 1148 5726 gnate,
1159 5653 1274 5714 Nirellae
1283 5656 1384 5726 oranti,
1395 5657 1531 5730 apparuit,
1541 5664 1636 5731 potans
1646 5663 1860 5717 atmaxmttts

233 5709 332 5792 Dima.
360 5713 667 5799 inparionliussimilts,
714 5719 833 5778 nultiino
843 5719 996 5781 loccintsr
1049 5725 1197 5806 sepultura
1210 5736 1288 5801 aptas
1301 5727 1354 5786 sibi
1368 5733 1486 5802 pararat.
1506 5728 1643 5800 tumre,
1658 5729 1754 5799 “aad
1766 5722 1858 5790 nisu

196 5788 286 5841 serit:
309 5750 470 5850 0lr0ms,
484 5790 572 5843 ranan
595 5789 683 5850 lticsti
707 5790 839 5865 spucopi.
858 5816 868 5842 ι
888 5789 997 5852 Colitur
1049 5796 1085 5853 sii
1098 5796 1221 5872 episcopi
1238 5805 1266 5856 st
1284 5799 1486 5859 multisonis·
1505 5796 1698 5873 Vltislisruc,
1711 5799 1859 5861 Misi·-

189 5849 393 5910 VBaefflffle·
717 5887 721 5894 ·
1049 5881 1112 5924 mus
1125 5867 1180 5925 coli
1194 5869 1394 5930 ameriam.
