3834 6136
61 231 116 290 tta

60 365 147 424 llobis
162 363 193 420 iii
208 379 238 419 re
253 361 371 418 obscura
385 362 455 418 nibil
470 363 603 420 hactenns
624 365 688 421 licet
701 366 857 426 decernere.

61 437 133 496 sitis
147 433 311 493 verosimile
327 433 480 491 Usuardum
502 451 603 491 nomen
618 436 732 508 Pelapia
746 454 782 494 ex
797 440 859 495 ilie·

60 507 238 582 renymianis
266 521 330 563 acce
351 506 414 573 isse,
432 505 477 562 cui
505 523 555 580 pro
580 507 695 566 arbitrio
708 511 861 581 peccatricis

60 585 277 660 cognomentum
300 592 316 633 a
336 576 450 646 diderit,
471 578 545 650 quod
559 594 591 635 ea
604 579 678 636 inter
691 597 861 654 synonymae

60 662 129 711 esset
154 651 313 708 notissima.
341 648 478 708 Cateium
491 665 527 706 ex
542 649 659 708 Usuardi
674 661 767 710 mente
781 669 797 709 a
812 669 861 710 re-

601 233 918 293 MABTYROLOGIUM.
938 264 973 278 -
997 234 1101 296 MENS.
1122 237 1201 297 OCT.

1666 244 1720 305 libb

873 376 899 434 Α
916 369 1090 426 cautioribus
1103 370 1233 427 omnibus
1249 369 1384 429 hodierna
1396 375 1504 446 Pelagii
1515 392 1565 458 pio
1577 382 1719 450 peccatrice

914 439 1062 512 accipitur.
1082 441 1156 510 Vita,
1182 458 1198 498 a
1223 442 1324 499 lacobo
1338 444 1455 502 diacono
1468 464 1522 503 seri
1543 455 1580 517 ta,
1596 451 1625 506 iii
1644 451 1718 510 Surii

913 512 1079 570 collectione
1107 513 1181 571 edita
1205 521 1255 583 est,
1278 531 1313 571 ex
1337 517 1483 590 Roaveydi
1536 520 1583 576 itis
1606 521 1717 580 Petrum

914 591 1049 712 qpqqpqu
1075 600 1158 659 quam
1186 586 1312 660 sequitur
1340 588 1393 646 aliu
1422 605 1438 646 a
1463 590 1646 665 Metapbraste
1672 594 1719 652 ad·

791 797 984 857 AUCTABIA.

92 896 324 957 narrans-itai.
340 900 415 950 caret
429 892 549 964 Pelopia,
564 892 644 950 cu‘us
653 894 714 952 loco
724 896 859 978 ponitur:

65 974 137 1046 ·lpso
158 970 216 1036 die,
240 965 387 1023 translatio
411 965 498 1020 sancti
521 964 600 1020 Oswa
613 965 640 1021 di
663 966 862 1040 archiepiscopi

59 1053 84 1102 et
96 1040 299 1102 confessoris.»
320 1038 398 1093 Patet
411 1035 530 1092 accessio
540 1036 582 1091 An
604 1037 666 1093 lica.

91 1118 247 1173 llosnmrn.
265 1111 294 1166 in
310 1108 401 1182 prima
412 1106 515 1188 similis
529 1116 572 1163 est
583 1054 722 1177 Crenas,
743 1116 770 1164 et
797 1111 861 1166 Mo-

60 1202 123 1243 itit:
132 1187 167 1244 iu
180 1182 303 1241 secunda
313 1189 340 1236 et
355 1179 641 1259 tertiaflpurualiim:
659 1181 709 1235 «ln
719 1181 862 1237 territorio

60 1257 189 1323 baudoni
201 1253 323 1321 Clarati,
339 1251 421 1308 idest
436 1265 466 1305 iu
480 1249 643 1320 Auriniaco,
660 1259 761 1308 sancta
777 1252 861 1308 Bene-

61 1329 142 1388 dicta
156 1320 461 1399 virginisAntiocbia,
475 1319 603 1394 Dionysii
613 1323 705 1404 episco
726 1323 734 1378 i
749 1330 776 1379 et
794 1323 862 1382 socii

61 1400 129 1474 ejus.
148 1400 231 1467 lteui,
250 1403 353 1453 sancta
367 1390 540 1474 Regeussedis
565 1393 691 1465 virginis.
707 1338 748 1450 br
761 1404 862 1452 sancta

60 1474 203 1546 Reparata
216 1467 345 1540 virginis.
374 1466 437 1537 lpse
457 1463 514 1534 die,
538 1473 638 1522 sancta
660 1465 785 1539 Pelaqia,
802 1482 862 1538 quar

63 1560 95 1618 ap
130 1544 217 1600 llatur
232 1537 408 1613 peccatrix.»

123 1629 266 1680 nissam„
281 1611 312 1667 iii
325 1610 463 1679 Simeone,
478 1607 560 1664 Petro
574 1608 730 1681 Hispalensi
745 1608 863 1664 etBene·

64 1686 142 1744 dicta
156 1683 221 1741 satis
240 1698 333 1755 purus,
348 1686 423 1737 caret
437 1679 561 1752 reliquis.

96 1755 345 1821 Arruntis-Max„
355 1752 538 1816 cernimur..
552 1750 689 1820 Lernen,
704 1755 864 1807 Ascendet

61 1832 162 1887 Daitic.
188 1827 217 1882 in
243 1825 332 1898 prima
348 1822 422 1896 puri,
437 1829 498 1895 post
514 1823 641 1879 Demetrii
655 1823 795 1893 rnartqris,
810 1821 864 1877 ad-

60 1901 148 1959 duiit:
171 1896 283 1965 «Quem
298 1894 468 1952 Maximinus
484 1892 593 1967 [aliqui
601 1893 797 1966 Maximianus]
814 1892 863 1948 im·

60 1979 183 2054 perator,
192 1968 266 2043 apud
274 1966 415 2040 praiatain
424 1965 567 2021 civitatem
577 1965 721 2022 docentem
731 1965 864 2036 populum

60 2042 143 2116 iussit
157 2039 263 2096 lanceis
278 2037 421 2110 perforari,
443 2037 547 2162 talique
561 2036 616 2091 line
627 2037 777 2107 gloriosum
794 2051 863 2090 mar·

918 895 1083 953 mirabiliter
1116 913 1249 955 conversa
1284 915 1333 972 per
1354 909 1479 962 sanctum
1512 905 1719 983 Nonnumepi-

917 984 1066 1040 scopum.»

954 1041 1020 1096 llsc.
1039 1039 1185 1124 Stirmsub
1196 1060 1286 1126 ¹num.
1312 1044 1383 1122 428:
1414 1049 1543 1123 ‹Vigilia
1560 1058 1717 1110 sanctorum

917 1120 1072 1182 martyrum
1096 1114 1225 1183 Dionisii,
1250 1116 1354 1173 Rustici
1378 1126 1406 1174 et
1420 1120 1584 1179 Eleutherii.
1599 1123 1718 1181 Civitate

918 1181 1049 1250 Cesarea,
1062 1192 1163 1240 sancta
1176 1185 1317 1257 Reparata
1331 1188 1448 1259 virginis
1462 1201 1489 1248 et
1504 1203 1575 1250 mart
1611 1195 1666 1252 is.»

952 1255 983 1308 ln
999 1255 1136 1333 Viriesa.
1151 1271 1229 1313 num.
1240 1257 1322 1324 asts,
1332 1258 1407 1316 deest
1421 1263 1554 1320 memoria
1567 1265 1705 1323 Simeonis

916 1325 1061 1392 Demetrii,
1094 1324 1178 1396 Petri,
1203 1335 1230 1383 et
1253 1328 1378 1386 Peleia.
1405 1330 1562 1415 Adjicitur:
1599 1359 1608 1382 ι
1634 1310 1716 1410 Aputi

917 1394 1036 1462 Cretam,
1055 1397 1145 1479 natale
1167 1398 1257 1479 sancti
1271 1346 1396 1475 Phiiippi
1415 1404 1546 1478 episcopi.
1563 1406 1599 1461 Bt
1614 1415 1714 1464 sanctas

917 1467 1057 1593 Beparatae
1076 1483 1202 1540 virginis.
1217 1492 1228 1520 ι

971 1554 1126 1619 pneumam:
1150 1540 1266 1598 -pasto
1293 1551 1451 1601 sanctorum
1477 1557 1632 1630 martyrum
1660 1550 1718 1608 'l'e-

917 1617 1037 1690 rentiam
1051 1610 1215 1683 presbytcri,
1231 1612 1314 1669 Probi
1328 1622 1355 1671 et
1374 1615 1510 1674 Andriani
1535 1618 1576 1692 [aa
1590 1621 1664 1678 Mso.
1680 1629 1719 1679 est

917 1678 1047 1754 Adriani]
1060 1681 1107 1754 qui
1122 1698 1137 1737 a
1157 1682 1193 1763 qd
1210 1682 1350 1742 civitatem
1361 1686 1472 1743 Niceam
1482 1690 1534 1746 suli
1548 1691 1717 1750 Maximiano

917 1759 1038 1832 tyranno
1051 1699 1221 1889 BroCCristo
1231 1755 1306 1881 (passi
1322 1764 1397 1812 sunt.
1410 1782 1419 1806 ι
1434 1760 1504 1816 l‘uto
1519 1771 1648 1834 corrupta
1658 1781 1718 1821 esse

918 1837 1044 1904 nomina.¹
1075 1822 1124 1878 uid
1148 1840 1172 1879 si
1200 1841 1229 1881 in
1251 1834 1359 1882 icentur
1388 1830 1533 1899 Therasiae,
1560 1835 1664 1890 Pratitas
1691 1842 1718 1892 et

918 1893 1100 1960 Andronicus,
1112 1893 1146 1949 de
1161 1895 1262 1967 quibus
1273 1897 1412 1955 Usuardus
1426 1917 1457 1957 iri
1472 1901 1599 1960 Octobris
1614 1905 1628 1961 i
1650 1908 1720 1962 «De

918 1963 1021 2044 dicatio
1045 1964 1166 2046 ecclesia
1182 1966 1269 2024 sancti
1294 1967 1379 2025 Marci
1404 1972 1579 2045 evangelista
1603 1974 1632 2031 in
1647 1976 1719 2033 alma

918 2042 1032 2091 civitate
1048 2036 1239 2094 venetiarum.
1254 2061 1263 2085 ι

61 2113 168 2188 tyrium
178 2108 412 2170 consummavit.r
426 2108 456 2163 lii
469 2123 497 2163 re
511 2108 575 2180 iquo
585 2115 663 2163 textu
673 2106 736 2180 puri
751 2105 862 2178 subjun·
953 2106 1135 2164 Cirnensis:
1174 2108 1350 2178 -Cabillone
1380 2112 1513 2170 transitus
1536 2117 1624 2175 sancti
1642 2117 1718 2176 Grati

95 2193 150 2243 ut:
174 2181 275 2256 «Apud
290 2180 431 2238 civitatem
443 2178 749 2248 Caesariensem,natale
763 2185 864 2234 sancta
878 2170 901 2230 B
918 2177 1040 2249 episcopi
1054 2178 1266 2235 etconiessoris.
1283 2206 1293 2229 ι
1315 2180 1386 2238 Vide
1405 2182 1602 2245 Castellanum.

83 2261 204 2330 oparata
214 2252 342 2326 virginis.
354 2252 420 2319 Qua
434 2250 486 2306 sub
500 2250 585 2306 Decio
618 2251 726 2318 raside,
741 2248 860 2304 ferventi

62 2327 178 2402 plumbo
192 2324 313 2399 perlusa,
329 2321 428 2379 deinde
442 2337 490 2394 per
505 2266 644 2393 lampaia
662 2336 789 2378 accensas
799 2335 862 2375 ma-

63 2399 150 2458 millis
165 2396 226 2471 ejus
244 2396 354 2463 ablatis,
378 2392 584 2466 visceribusque
598 2393 737 2449 frustratis
752 2389 860 2465 [aliqui

63 2468 355 2599 irmtatisqcaminum
367 2465 425 2538 igni
439 2481 602 2522 succensum
612 2480 753 2536 superaus.
765 2461 863 2535 capitis

65 2544 176 2601 tandem
208 2537 399 2598 etruncatione
409 2536 573 2609 martyrium
585 2535 798 2592 consummavit.
813 2534 862 2589 Be·

65 2615 144 2685 lisia,
172 2610 310 2694 depositio
337 2608 424 2666 saneti
451 2607 591 2663 Amatoris
615 2604 722 2734 qoliqiii,
739 2603 862 2678 Amoris]

63 2687 239 2745 mulessoris.
261 2708 271 2733 ι
299 2681 407 2739 Colitur
421 2679 451 2734 iii
467 2679 613 2738 Monsterlii
626 2695 671 2733 sen
686 2694 768 2749 prope
784 2677 864 2733 Tun-

112 2777 139 2816 s.

65 2777 256 2888 gr(Consanus.
275 2825 305 2881 iu
320 2840 352 2880 eo
362 2820 551 2895 superioribus
565 2821 659 2878 diileit
673 2819 746 2895 quod
761 2821 866 2876 Deme-

64 2903 111 2963 trii
127 2900 250 2973 elogium
264 2895 441 2968 expunxerit.

100 2974 275 3034 Canusium:
306 2966 434 3024 «Natalis
449 2963 600 3021 beatissimi
612 2963 685 3020 senis
707 2960 864 3034 symeonis,

65 3047 114 3121 qui
131 3045 162 3100 in
178 3039 329 3112 Evangelio
343 3038 443 3110 legitur
453 3036 603 3092 Dominum
618 3034 770 3117 suscepisse
781 3033 809 3088 in
825 3033 865 3088 ul·

65 3135 117 3175 iius
140 3110 351 3176 Thessalonica,
361 3107 449 3166 sancti
458 3107 589 3165 Demetrii
599 3107 712 3179 gloriosi
724 3104 865 3177 martyris.

65 3191 96 3247 ln
114 3184 217 3243 Galliis
231 3181 368 3241 territorio
383 3179 510 3236 Lauduni
531 3178 649 3246 Clavati,
665 3177 755 3250 passio
765 3184 866 3233 sanctae

65 3257 226 3318 Benedicta
255 3254 284 3311 vi
318 3253 382 3321 inis,
408 3250 574 3323 subjudice
599 3250 741 3306 Matroclo.
762 3246 866 3303 Eodem

67 3332 123 3400 die,
138 3326 283 3386 territorio
322 3322 483 3390 trebatensi,
503 3328 603 3379 sancta
623 3318 868 3393 Ragemiledisvir·

68 3403 139 3478 ginis
163 3408 190 3457 et
209 3396 364 3455 abbatissa.
382 3396 412 3452 ln
431 3402 526 3450 monte
540 3393 653 3461 Oliveti,
670 3399 771 3448 sancta
786 3390 868 3445 Pela-

68 3493 136 3604 qia‚
166 3488 202 3529 ex
238 3468 392 3543 peccatrice
420 3465 555 3538 religiosa
580 3471 661 3536 atque
688 3460 868 3519 sanctissime

79 3555 177 3606 πίω)

103 3618 286 3676 Bnuxiiuiiiis.
304 3610 426 3683 incipit:
460 3632 470 3656 ι
488 3608 584 3665 Natale
599 3612 699 3663 sancta
712 3602 869 3661 Benedicta

69 3687 187 3763 virginis
201 3693 229 3743 et
238 3683 400 3756 martyris.»
420 3682 459 3738 De
472 3680 600 3736 Simeone
614 3685 675 3761 post
689 3677 771 3740 ulnis,
780 3673 865 3730 addit:

76 3789 86 3812 ι
101 3772 130 3820 et
145 3759 261 3817 dictasse
275 3755 426 3820 canticum,
442 3753 517 3809 Nunc
530 3751 650 3806 dimittis.
667 3749 690 3805 A
711 3747 747 3804 ud
760 3745 869 3805 Cretam

70 3832 171 3890 urbem
189 3828 308 3888 Cortina
323 3824 398 3907 [ispe
414 3823 555 3881 Cortinam
570 3820 665 3877 urbem
681 3765 780 3901 Creta]
795 3816 869 3899 beati

70 3900 207 3976 Philippi,
217 3899 338 3973 episcopi
353 3895 497 3968 gloriosi.»
515 3892 587 3952 Vide
598 3908 680 3963 supra
690 3892 719 3947 iii
732 3904 870 3964 principio

70 3971 315 4034 Observationum.
332 3971 370 4025 De
384 3965 525 4024 Demetrio
547 3971 574 4019 et
588 3963 627 4019 lle
647 3970 722 4018 arata
742 3961 825 4017 habet
839 3967 870 4014 ut

70 4043 317 4110 Aaronem-Max,
332 4046 385 4096 stc.
400 4039 470 4094 Tum
486 3979 779 4119 dePetroliispalensi,
791 4047 869 4104 pure.

70 4117 222 4202 Sequitur:
241 4137 251 4162 ι
264 4110 386 4179 Belleia,
398 4110 432 4167 de
452 4117 535 4164 esitio
545 4112 632 4163 sancti
642 4108 752 4161 Amoris
765 4102 870 4160 contes-

70 4207 153 4248 soris.
169 4189 240 4244 item
248 4126 578 4241 Richariiconiessoris.»
595 4176 666 4234 Vide
675 4192 744 4232 xxvi
754 4174 869 4246 Aprilis.

71 4264 110 4319 De
124 4258 247 4341 Pelagia,
266 4270 344 4330 pure.
361 4254 479 4309 Domum
493 4268 499 4307 :
533 4274 542 4299 ‹
562 4250 598 4306 Et
612 4255 712 4305 sancta
726 4247 870 4319 Bagenlre·

71 4333 114 4391 dis
132 4329 264 4404 virginis.
281 4351 290 4376 ι
312 4325 397 4384 Varie
409 4324 463 4382 hoc
476 4337 577 4379 nomen
593 4319 622 4376 in
637 4317 780 4377 codicibus
794 4315 871 4373 inle-

70 4405 164 4463 stitur.

104 4496 291 4552 Hiosaoiiiit.
310 4488 345 4548 de
370 4488 498 4545 Simeone
512 4489 611 4564 prater
625 4478 679 4552 iam
693 4479 779 4560 dicta,
795 4492 872 4532 more

72 4571 132 4624 suo
146 4580 207 4623 non
232 4563 300 4620 satis
325 4557 522 4617 verosimiliter
545 4553 642 4611 addit:
666 4551 742 4606 «llic
751 4549 871 4630 Symeon

73 4639 158 4695 luisse
172 4635 262 4692 iertur
275 4649 348 4689 unus
361 4631 395 4688 de
405 4629 577 4703 septuaginta
587 4622 694 4705 duobus
708 4621 872 4703 interpretr-

73 4707 188 4781 bus,qui
212 4705 289 4762 missi
310 4704 421 4760 luerent
436 4702 471 4757 ab
486 4700 566 4771 Onya
579 4693 783 4765 Pontifice,regi
803 4691 873 4747 Pto-

17 4833 30 4854 ,
74 4782 173 4837 lomao
184 4777 219 4834 ad
238 4774 457 4833 transferendam
471 4771 559 4843 legem
574 4767 624 4825 Dei
638 4766 672 4849 de
687 4764 829 4848 Hebrayco
843 4763 872 4817 in

75 4850 275 4922 Chaldaicum.
291 4873 300 4897 »
316 4847 386 4903 'lum
397 4850 519 4901 sanctam
533 4839 628 4896 Fidem
643 4843 741 4894 inserit
754 4852 816 4892 cum
832 4849 872 4890 sa·

76 4923 110 4979 tis
126 4924 211 4993 longo
225 4918 315 4991 elogio
330 4937 336 4975 :
353 4933 404 4974 nos
418 4915 452 4972 de
462 4930 494 4970 ea
508 4910 617 4969 abunde
630 4909 736 4982 egimus
750 4924 780 4962 vi
792 4906 871 4963 Octo·
886 4898 910 4957 D

76 4994 144 5050 bris.
161 4992 292 5065 Sequitur
305 4990 340 5046 de
358 4985 510 5053 Demetrio,
527 4991 652 5054 utsupra
666 4980 696 5036 iii
716 4978 871 5036 Amorne.-

76 5065 165 5133 llax,
181 5070 236 5121 etc.
257 5063 375 5119 Domum
390 5059 425 5115 de
435 5055 594 5121 Benedicta,
609 5069 687 5127 pure.
704 5048 801 5110 Petrus
815 5049 876 5105 llis·

78 5134 199 5210 palensis
208 5141 236 5191 et
250 5132 360 5206 Pelaqia
374 5131 421 5188 liic
434 5127 529 5185 omissi
544 5132 618 5182 sunt.

81 5235 84 5239 '
113 5220 498 5290 Aoumctcr.setttttid01000,
517 5223 578 5290 post
595 5209 875 5279 Simeoneminserit:

84 5298 220 5356 «Eodem
248 5294 305 5362 die,
336 5300 437 5350 sanctae
462 5286 633 5371 llaqenssedis
647 5283 802 5356 virginis.»
825 5281 879 5338 Pro

78 5367 262 5438 landeberti,
281 5366 376 5435 habet,
393 5363 519 5421 Medum
533 5356 648 5416 Ctouoti.
742 5405 744 5409 .
861 5384 864 5388 ·

953 2250 1076 2328 Baianas.
1094 2249 1142 2305 SS.
1156 2250 1279 2307 Timotb.
1296 2259 1323 2307 et
1337 2251 1429 2322 Apol.:
1450 2278 1459 2301 «
1478 2257 1509 2312 lii
1525 2274 1594 2330 pago
1610 2260 1719 2319 Laudu·

918 2336 1008 2386 nensi,
1023 2329 1125 2376 sanctae
1141 2319 1296 2378 Benedicta
1314 2322 1431 2393 virginis
1447 2333 1474 2382 et
1490 2330 1631 2400 martyris.
1648 2357 1657 2379 r

953 2392 1191 2448 Aaoiitciicsrnit.:
1215 2415 1225 2439 ‹
1244 2393 1274 2447 In
1289 2393 1430 2449 territorio
1443 2395 1633 2470 LugDonensi
1650 2419 1720 2459 saii-

918 2467 969 2517 ctre
982 2461 1138 2518 Benedicta
1149 2463 1193 2518 vir
1212 2462 1266 2518 iuis
1275 2469 1303 2518 et
1316 2464 1456 2536 martyris.
1472 2492 1481 2515 t

949 2532 1049 2614 ¹liditio
1073 2479 1274 2602 Lucano-Coi,
1297 2535 1327 2590 in
1342 2535 1470 2592 Simeone
1482 2554 1560 2610 pura,
1575 2542 1609 2598 de
1623 2546 1720 2603 Deme·
1789 2548 1799 2609 ¹,

920 2604 1072 2684 triotliabet
1086 2614 1117 2659 ut
1130 2622 1223 2677 supra.
1239 2607 1271 2662 lii
1282 2606 1363 2662 Petro
1373 2623 1443 2678 pura
1457 2618 1507 2666 est.
1519 2613 1558 2667 De
1571 2612 1721 2675 Benedicta

920 2675 1020 2755 addit:
1044 2674 1134 2741 «Qua
1154 2684 1277 2748 tempore
1298 2676 1460 2733 Maximiani
1488 2681 1662 2752 imperatoris
1691 2688 1720 2743 in

920 2753 1034 2802 civitate
1061 2747 1231 2814 simoniaco,
1247 2746 1405 2818 subjudice
1419 2750 1583 2821 Matroculo,
1604 2755 1721 2813 diversis

921 2816 1068 2899 tormentis
1082 2819 1213 2874 atrociter
1227 2817 1340 2883 afflicta,
1360 2820 1512 2877 novissime
1526 2830 1651 2906 tempora
1662 2827 1722 2898 ejus

922 2904 1010 2944 securi
1032 2888 1173 2944 confracta
1197 2897 1272 2944 sunt.
1297 2890 1329 2944 ln
1358 2905 1426 2961 pago
1451 2891 1603 2963 Blionensr,
1620 2905 1721 2954 sancta

922 2961 1054 3016 Susanna
1068 2960 1195 3032 virginis.
1208 2986 1216 3007 ι
1238 2961 1277 3015 De
1290 2960 1399 3032 Pelaqia
1412 2962 1532 3034 elogium
1546 2967 1628 3025 babet
1639 2969 1721 3040 vulgo

922 3031 1110 3088 notissimum.
1140 3033 1179 3088 De
1205 3031 1338 3103 Reparata
1363 3032 1535 3103 Caesariensi,
1561 3047 1592 3095 ut
1628 3055 1720 3110 supra.

922 3103 991 3158 Tum
1008 3121 1013 3158 :
1038 3102 1181 3169 ‹Delisiae
1197 3102 1333 3182 depositio
1348 3105 1435 3160 sancti
1452 3105 1562 3162 Amoris
1578 3109 1722 3165 confesso-

924 3174 971 3230 ris.
988 3173 1042 3242 Qui
1057 3173 1091 3228 de
1105 3173 1255 3244 Aquitania
1265 3172 1448 3230 nobilissimis
1459 3177 1618 3247 parentibus
1630 3187 1720 3248 ortus,

924 3246 992 3300 ioris
1006 3259 1117 3300 carnem
1136 3243 1283 3316 torquebat
1305 3243 1408 3311 cilicio,
1426 3245 1502 3301 intus
1516 3249 1632 3320 angebat
1643 3249 1722 3321 jeju-

923 3315 1096 3386 niis,vigiliis
1111 3314 1262 3369 inhaerebat
1276 3314 1385 3370 assidue
1394 3323 1420 3370 et
1431 3317 1566 3387 precibus,
1578 3320 1613 3374 ab
1628 3320 1721 3377 ocioso

923 3401 1049 3442 sermone
1067 3384 1222 3441 abstinebat
1245 3395 1272 3442 et
1286 3385 1353 3453 risu,
1371 3387 1519 3459 multisque
1533 3389 1623 3445 clarus
1638 3390 1719 3446 inira-

924 3457 1005 3523 culis,
1015 3457 1045 3512 in
1059 3472 1125 3529 pace
1138 3455 1254 3528 quievit.
1266 3456 1401 3522 Treveris,
1411 3458 1497 3514 sancti
1505 3459 1648 3541 Metropoli
1664 3462 1719 3534 epi·

886 3523 997 3600 Cscopi
1011 3537 1039 3584 et
1049 3526 1190 3599 martyris.
1206 3526 1312 3582 Eodem
1327 3526 1383 3595 die,
1393 3539 1620 3587 commemoratio
1630 3534 1719 3589 sancti

924 3599 1049 3656 Flaviani
1060 3598 1204 3670 martyris.
1222 3599 1302 3666 ltem,
1323 3599 1468 3655 translatio
1489 3603 1578 3659 sancti
1602 3604 1720 3661 Erbardi

923 3670 1044 3744 episcopi
1063 3676 1090 3727 et
1104 3669 1279 3725 contessoris.
1296 3694 1307 3719 s

959 3743 1055 3798 Birria.
1071 3741 1101 3797 in
1115 3749 1205 3808 textu,
1216 3741 1394 3810 moresolito,
1411 3750 1542 3816 purgatus
1556 3760 1613 3800 non
1627 3753 1677 3803 est.
1689 3747 1721 3804 ln

925 3814 979 3870 fine
1001 3813 1078 3870 addit
1105 3813 1139 3869 de
1153 3812 1326 3869 dedicatione
1340 3814 1461 3870 ecelesiae
1477 3815 1564 3871 sancti
1579 3816 1674 3885 Marci,
1691 3826 1721 3875 ut

924 3901 1016 3957 supra.
1033 3884 1155 3942 Deinde:
1180 3909 1189 3931 ι
1205 3885 1273 3940 ltem
1294 3892 1395 3942 sancta
1407 3885 1548 3958 Reparata
1562 3887 1714 3960 virginis.»

925 3956 1040 4014 Accedit
1054 3956 1083 4012 in
1093 3957 1178 4012 altera
1187 3956 1327 4013 editione:
1346 3979 1355 4003 ι
1371 3958 1402 4012 lii
1418 3958 1559 4015 territorio
1573 3958 1720 4030 Senonico,

925 4036 1026 4085 sancta
1041 4027 1176 4083 Porcariae
1192 4027 1310 4098 virginis
1324 4035 1351 4084 et
1366 4030 1529 4101 martyris.»

960 4100 1097 4156 Carnum:
1124 4122 1133 4144 «
1148 4098 1285 4178 Treveris,
1299 4099 1388 4154 sancti
1402 4101 1547 4172 Metropoli
1558 4103 1680 4185 episcopi
1695 4110 1722 4160 et

925 4171 1067 4242 martyris.
1077 4169 1109 4223 ln
1118 4168 1277 4235 Antiochia,
1286 4176 1444 4225 sanctorum
1454 4173 1723 4241 Dyonisii,lanuarii

926 4240 1061 4307 Faustini,
1078 4237 1225 4294 Marcialis.
1241 4238 1367 4293 Flaviani
1381 4241 1512 4311 martyris
1524 4258 1722 4300 commemora·

925 4313 975 4367 tio.
1001 4308 1124 4381 Philippi
1144 4306 1235 4380 episco
1256 4308 1265 4363 i
1287 4306 1460 4364 Gortinensis
1474 4317 1501 4365 et
1515 4313 1715 4370 confessoris.»

926 4386 964 4438 De
990 4387 1085 4437 sancto
1108 4381 1211 4434 Amore
1233 4324 1393 4435 iactitare
1417 4387 1448 4435 ut
1462 4396 1494 4435 su
1516 4382 1585 4437 rain
1600 4383 1722 4440 editione

926 4451 1115 4533 bonaco-Coi..
1132 4451 1182 4507 ‹lii
1197 4448 1308 4530 Anglia,
1323 4448 1424 4531 Ewigii
1439 4396 1614 4509 confessoris.
1625 4454 1722 4510 Trans·

927 4525 993 4581 latio
1012 4530 1099 4579 sancti
1124 4520 1244 4577 Erbardi
1263 4536 1384 4592 episcopi
1405 4529 1432 4577 et
1454 4521 1630 4581 confessoris.
1653 4549 1662 4573 ι
1683 4526 1723 4581 De

926 4599 1060 4667 llcparata
1073 4593 1155 4649 etiam
1168 4592 1253 4648 ferme
1267 4591 1722 4662 uisuprainsrrmrrsitiixaic.

934 4695 943 4717 r
959 4669 990 4724 ln
1036 4680 1086 4737 ago
1100 4663 1258 4733 Bleonensi,
1280 4671 1381 4719 sancta
1404 4663 1534 4721 Susanna
1550 4666 1677 4741 virginis.
1692 4669 1724 4725 ln

927 4682 1095 4805 Humeftoet,
1124 4736 1241 4793 Valeria
1268 4733 1396 4817 uirginis.
1424 4736 1580 4796 llainlredis
1594 4739 1722 4813 virginis.

927 4810 1030 4868 Eodem
1046 4808 1101 4880 die,
1116 4815 1216 4865 sancta
1231 4806 1376 4864 Triduana
1388 4807 1514 4881 virginis.
1531 4835 1540 4859 r

964 4883 1085 4939 Momm:
1108 4904 1118 4928 ‹
1136 4879 1281 4936 Adventus
1302 4878 1389 4936 sancti
1405 4880 1538 4953 Cerulphi
1553 4881 1718 4964 martyris.»

926 4955 1017 5013 Dcint
1038 4953 1081 5027 pis
1095 4951 1261 5019 minoribus,
1280 4967 1338 5007 «eii
1352 4951 1496 5009 Merendra
1511 4952 1722 5009 Tionchiniiim.

931 5026 984 5095 Qui
1007 4970 1041 5082 ab
1064 5023 1174 5081 ileliaee
1187 5022 1315 5106 episcopo
1336 5022 1366 5077 in
1384 5021 1724 5091 coenobioBlandiniensi,

932 5112 1008 5155 sacro
1036 5104 1136 5153 unctus
1151 5094 1309 5162 chrismate,
1326 5092 1466 5165 ingressus
1488 5107 1522 5147 ex
1543 5093 1642 5148 itinere
1655 5092 1725 5148 Dei-

934 5183 1004 5242 parae
1013 5163 1366 5239 templum‚diutiusoravit
1375 5180 1456 5245 quam
1467 5163 1605 5219 reductori
1616 5163 1725 5234 patrino

933 5241 1062 5315 placeret,
1076 5251 1108 5293 ac
1121 5243 1263 5308 propterea
1271 5234 1305 5289 ab
1319 5234 1369 5290 illo
1380 5242 1419 5289 ita
1432 5250 1517 5290 casus
1530 5242 1572 5291 est
1589 5242 1620 5289 ut
1647 5234 1726 5291 brevi

934 5317 995 5385 post
1003 5323 1078 5365 mors
1084 5306 1121 5363 sit
1129 5306 1283 5385 subsecuta.
1295 5303 1521 5376 ScribitMejerus
1532 5304 1562 5360 in
1576 5313 1725 5363 comment.

934 5394 1027 5439 rerum
1040 5375 1177 5435 Blandita
1190 5391 1264 5434 auno
1277 5390 1410 5433 uccecxv.
1425 5398 1434 5422 ·
1457 5375 1527 5430 Tum
1540 5392 1636 5433 rursm
1644 5376 1728 5434 solito

111 5457 266 5519 Vicrotttrt.
290 5455 319 5512 itt
333 5453 405 5510 fine:
428 5449 573 5509 «Civitati
594 5441 766 5514 Caeffl'iefflb
779 5448 880 5533 iam
935 5451 1094 5512 ciamare
1111 5447 1224 5511 italico:
1260 5447 1324 5502 «ln
1338 5445 1549 5516 Walcbiodoro,¹
1562 5449 1650 5504 sancti
1664 5449 1729 5505 Elo-

80 5531 224 5605 Beparata
237 5525 357 5599 virginis
370 5531 398 5581 et
413 5519 555 5595 martyris.
569 5543 580 5570 2

881 5572 884 5579 .
935 5521 996 5605 quii
1009 5518 1165 5598 [ΝΜ
1176 5526 1207 5579 et
1218 5515 1394 5578 messoris.
1410 5516 1515 5575 Eodem
1529 5518 1583 5587 die,
1592 5519 1730 5577 dedicatio

115 5612 569 5675 Marnic.·Casrus.·tli.rniriicr.:
601 5600 720 5691 «Sancti
732 5596 883 5669 emmiu,
936 5584 1273 5667 &murdim
1290 5587 1466 5662 ”masline
1487 5589 1620 5648 Venetiis.
1646 5592 1681 5646 Ei
1700 5590 1731 5647 iu

80 5689 167 5756 renis.
183 5688 325 5761 Beparata
340 5685 383 5741 tir
402 5683 597 5754 'nisetmartv
638 5670 817 5757 Boudion

81 5760 201 5844 gillitqi
215 5757 357 5841 martyris.
400 5754 496 5831 elegia
521 5746 676 5827 namurcii
687 5740 756 5805 pnt-

81 5846 147 5928 qua
159 5830 238 5890 dicta
249 5829 305 5886 liiit
315 5826 474 5902 Margarita,
486 5814 704 5907 picpufleb

234 5925 357 5986 Person.
372 5920 500 5985 cxxiv.

757 5668 895 5778 ...m
936 5658 1225 5778 msa-ir.
1232 5656 1735 5793 maestificata:

1400 5804 1691 5881 pterietconlessoris.
1707 5803 1740 5858 lii

1541 5901 1582 5958 ts
