3834 6136
126 210 178 284 lii

663 207 981 279 maurinoucuinn.
1003 250 1036 262 -
1056 219 1160 279 nnus.
1184 210 1258 303 iun.

1699 159 1784 287 'ise

123 349 199 408 dctis
227 348 389 417 desumptc;
413 344 459 399 sed
484 343 532 400 diu
557 350 618 416 post
642 352 773 401 morante
799 347 1038 413 rhetoricamur,
1065 352 1138 402 recte
1161 343 1343 416 supplendam
1361 345 1469 400 censuit
1492 346 1688 407 Florentinins.
1713 351 1784 410 Vide

124 423 205 493 stylo,
218 425 243 475 et
256 415 466 472 circumstantiis
477 431 627 470 emonam
640 418 712 472 ultro
726 417 844 489 citroque
857 419 930 475 bobi-

124 500 224 558 min,
248 489 377 560 formosis
397 487 478 542 etiam
493 487 633 543 coriorum
652 505 812 559 periurum:
830 492 929 562 scripto

124 571 211 621 tamen
235 566 367 633 putamus
396 559 445 614 diu
468 565 529 614 ιπιι
615 576 693 615 orum
716 563 926 618 translationem.

125 634 202 704 Quod
217 640 291 690 esset
313 639 377 687 ante
394 646 498 686 anuum
513 629 576 686 (ild.
617 631 663 687 uic
678 632 843 690 llensclienii
854 632 928 705 judi·

123 707 164 764 cio
178 706 264 761 iaoile
278 702 459 775 acquiescunt
472 701 647 768 recentiores,
663 711 694 757 ιιι
709 703 772 758 vide
786 705 859 777 apud
873 704 927 760 Til-

126 777 303 842 lemontium,
328 783 404 829 tomo
419 772 468 839 lV,
485 789 544 844 pag.
566 773 630 839 571,
644 774 691 846 qui
728 782 785 831 utat
801 777 926 848 martyrii

125 858 233 930 tempus
257 845 383 902 revocari
407 860 486 915 posse
508 844 542 900 ad
561 860 664 899 annum
683 791 746 901 adr.
769 847 872 903 (latera
895 848 928 903 de

126 915 423 992 sacrispignoiibnsin
434 915 638 972 Commentario
648 918 825 990 prosequitur
836 918 928 975 lauda·

126 1002 169 1049 tus
180 988 385 1047 llenschenius.
401 986 437 1043 Et
452 987 492 1042 sic
505 986 736 1044 wandalbertus:

170 1097 274 1159 Quinas
286 1096 385 1160 primus
397 1094 482 1151 babet,
494 1093 583 1157 juncto
598 1095 649 1144 sibi
666 1097 803 1147 Feliciauo.

156 1196 309 1270 Apinneiisi
322 1193 439 1265 martyri
457 1194 590 1254 Vincentio
609 1194 652 1250 elo
672 1196 729 1251 ium
748 1210 784 1251 ex
798 1196 929 1270 Gregorio

128 1269 282 1327 Turoneusi
308 1274 412 1324 textuit
432 1266 530 1347 Florus
553 1265 587 1321 de
610 1211 684 1322 sude
710 1267 834 1333 caudore,
863 1278 928 1336 etc,

128 1341 198 1415 quod
212 1340 248 1396 ad
265 1338 407 1394 aliusnon
429 1345 547 1394 transiit.
574 1338 634 1393 Ado
649 1347 676 1394 et
696 1354 732 1394 ex
747 1355 779 1394 eo
792 1340 930 1395 Notkerus

130 1429 174 1486 pro
190 1414 254 1468 loco
269 1409 409 1481 martyrii,
425 1425 486 1463 eum
498 1408 588 1464 denuo
598 1408 733 1478 indicarit,
745 1426 800 1483 quo
813 1411 930 1467 subinde

128 1500 227 1556 corpus
242 1484 404 1538 translatum
424 1488 475 1548 est,
490 1480 629 1549 videlicet,
646 1482 700 1536 loeo
713 1482 877 1552 Pompeium.
895 1483 931 1538 Αι

129 1555 227 1611 Noster
241 1554 355 1610 fortasse
369 1554 487 1618 cautior,
503 1568 534 1607 ea
547 1553 630 1608 verba
647 1553 746 1608 tacitus
761 1555 928 1633 praeteriens,

131 1635 232 1684 caetera
242 1641 279 1680 ex
290 1624 381 1680 Adone
394 1624 560 1680 verbotenus
574 1622 727 1681 transtulit.
740 1625 931 1697 Hieronyinia·

131 1714 232 1755 norum
244 1698 381 1765 lacunam,
396 1695 444 1751 ubi
460 1696 549 1767 ipsum
565 1695 696 1767 martyris
711 1712 812 1752 nomeu
826 1697 930 1752 omitti·

983 434 1043 491 quai
1060 417 1094 473 de
1106 416 1229 543 antiquis
1244 415 1322 474 dctis
1333 424 1360 472 et
1374 416 1462 483 cultu,
1477 417 1616 491 variisque
1629 421 1702 479 circa
1716 439 1784 496 per-

982 504 1077 544 soriam
1094 496 1122 543 ιι
1142 489 1194 544 rei
1215 487 1274 543 uias
1297 487 1494 544 controversiis
1510 498 1636 547 accurate
1653 493 1784 576 disquirit

983 557 1183 615 Henscbenius.
1227 559 1365 615 lucentius
1379 576 1395 614 a
1408 559 1585 616 lillemontio
1600 579 1663 619 cum
1678 566 1745 622 Fide
1757 575 1785 623 ιι

983 630 1112 702 Caprasia
1135 629 1314 701 conjungitur
1328 637 1404 686 tomo
1419 631 1467 697 lV,
1489 647 1505 686 a
1527 647 1587 705 pag.
1604 633 1666 689 543.
1682 633 1735 692 Sed
1751 636 1785 694 de

983 700 1026 757 bis
1041 700 1176 773 agendum
1200 703 1253 757 erit
1277 719 1305 756 vi
1329 710 1356 757 et
1377 718 1415 757 xx
1435 701 1572 759 Octobris.
1590 704 1661 760 Vide
1673 722 1734 779 que
1750 706 1784 764 de

983 773 1132 828 Vincentio
1153 773 1246 844 paucis
1270 773 1378 828 notarit
1396 773 1556 830 blotberius.
1582 776 1784 835 Celeberrimos

985 844 1112 899 Columbo
1136 842 1257 914 primum
1272 845 1396 915 signatur
1412 844 1445 899 ab
1460 845 1583 901 Usuardo
1598 855 1625 902 et
1642 849 1782 917 Notkero;

982 914 1016 970 ab
1041 914 1090 970 illo
1114 914 1225 986 quidem
1250 915 1322 971 sicut
1341 915 1371 970 iii
1395 924 1473 971 textu
1496 918 1651 987 retulimus,
1677 921 1783 979 abhoc

983 1002 1049 1041 vero
1073 987 1186 1056 longum
1206 986 1344 1058 profertur
1362 987 1426 1043 vitai
1450 988 1656 1059 compendium,
1679 991 1707 1046 iii
1728 1008 1783 1064 quo

983 1058 1119 1112 nonnulla
1132 1057 1305 1128 corrigenda,
1325 1065 1356 1113 ιιι
1368 1058 1403 1114 de
1417 1060 1544 1114 Primitio
1559 1062 1676 1116 omnium
1689 1063 1784 1118 Hiber·

983 1129 1103 1183 sensium
1116 1129 1308 1199 episcoporum,
1328 1129 1444 1202 aliisque
1458 1138 1518 1203 post
1533 1130 1684 1213 Colganum
1704 1134 1785 1191 docet

983 1199 1126 1256 Daertius:
1143 1199 1216 1271 apud
1231 1217 1312 1274 quem
1327 1201 1446 1272 plurima
1456 1203 1643 1260 curiosissime
1656 1206 1782 1273 collecta,

984 1269 1089 1352 digesta
1102 1280 1129 1326 ιι
1143 1269 1280 1341 explicata
1297 1271 1431 1329 invenies.
1448 1273 1585 1328 Diomedes
1600 1291 1634 1329 ex
1650 1275 1784 1356 Hierony·

984 1343 1085 1397 minuis
1096 1342 1241 1412 decerptus
1252 1351 1304 1398 eta
1318 1343 1400 1399 sociis
1414 1345 1526 1400 avulsus
1541 1354 1591 1413 est,
1607 1347 1713 1403 anullo
1729 1349 1784 1402 alio

984 1413 1172 1485 antiquiorum
1188 1413 1300 1470 relatus.
1312 1414 1388 1469 Nibil
1404 1415 1438 1469 de
1448 1431 1479 1469 eo
1493 1424 1541 1470 aut
1555 1417 1637 1472 sociis
1652 1419 1785 1474 memoria

985 1484 1125 1610 qiroditnm
1136 1491 1185 1549 est,
1202 1491 1300 1554 praeter
1312 1485 1370 1539 sola
1379 1485 1502 1552 nomina,
1520 1486 1595 1541 varie
1608 1487 1637 1542 iii
1651 1488 1784 1560 Martyro-

996 1556 1066 1626 ogiis
1089 1570 1223 1622 connexa,
1241 1564 1270 1610 ut
1285 1555 1367 1610 etiam
1382 1572 1417 1611 ex
1432 1557 1569 1611 Auctarlis
1585 1559 1686 1613 nostris
1705 1568 1785 1631 pate-

984 1626 1035 1752 lliit.
1053 1629 1143 1699 Atque
1158 1624 1201 1680 bis
1215 1626 1341 1684 laterculi
1356 1626 1519 1699 simplicitas
1531 1628 1598 1684 satis
1611 1628 1642 1685 in
1656 1637 1715 1686 tuto
1729 1631 1785 1686 col·

999 1707 1076 1755 orata
1090 1706 1141 1754 est.

864 1820 1057 1879 lucrium.

161 1923 300 1989 Pasiam,
316 1918 584 1985 narasse-limos,
599 1918 746 1976 nomaso.
762 1928 789 1976 et
804 1920 932 1977 Giisueu.
947 1923 970 1982 Β
987 1921 1060 1977 fine:
1082 1945 1091 1969 ι
1106 1921 1186 1993 Apud
1204 1919 1344 1990 Savinam‚
1356 1921 1444 1978 sancti
1456 1923 1559 1980 Getulii
1573 1927 1711 1999 martyris.
1727 1953 1737 1977 ι
1754 1928 1787 1985 lii

132 1996 231 2069 qabent
245 1999 428 2064 angmentum
443 1991 517 2064 quod
527 1990 556 2047 in
567 1991 813 2048 Observationibns
827 1993 933 2049 notavi-

133 2084 200 2124 inus.

163 2139 328 2194 roauims.
345 2134 376 2190 iii
394 2133 484 2206 elogio
502 2133 589 2189 Primi
609 2140 636 2190 et
659 2133 804 2204 Feliciaiii,
819 2144 850 2193 ιιι
863 2152 935 2208 sape

134 2210 196 2268 alibi
209 2208 291 2275 solet,
309 2206 426 2261 mutilus
440 2212 499 2272 est;
513 2205 588 2262 sistit
598 2205 633 2261 ad
647 2205 861 2278 imperatoribus.
878 2207 933 2266 Cec-

135 2291 188 2339 tera
203 2280 322 2337 omnino
336 2294 432 2350 purus.

165 2354 325 2408 Puessnru.
340 2349 469 2406 eumdem
489 2348 572 2405 habet
594 2350 628 2406 de
645 2348 739 2406 Primo
753 2360 781 2408 et
795 2351 935 2409 Feliciauo

135 2424 282 2480 delectum.
307 2421 434 2476 Secundo
456 2420 517 2478 loco
538 2422 619 2476 :·ln
644 2422 822 2492 Alexdndria,
848 2423 934 2479 sancti

136 2494 248 2552 llarimi
285 2493 453 2564 resbyteri.·
474 2493 514 2547 De
527 2509 582 2565 qno
599 2491 730 2548 indetis.
747 2495 855 2567 Pergit:
880 2496 935 2550 ‹ln

136 2566 244 2633 Galliis,
258 2510 405 2636 Pompeias,
417 2563 609 2643 passioflsancti
626 2563 776 2621 Vincentii.
791 2568 823 2622 ln
833 2567 934 2635 Scotia,

136 2638 225 2695 sancti
249 2635 411 2693 Columbini
434 2637 531 2707 (coluit
548 2635 672 2701 seribere,
691 2635 844 2709 Columbae)
864 2654 936 2694 con-

137 2706 261 2766 lassaris.
278 2731 287 2755 ·
307 2707 346 2762 De
358 2706 490 2763 Diomede
505 2705 586 2762 nibil.

169 2780 303 2906 quisus,
314 2778 395 2835 solito
406 2778 524 2851 puriter,
535 2778 641 2834 omittit
651 2779 740 2836 solum
755 2780 874 2852 elogium
886 2779 935 2838 Co-

139 2853 193 2908 lum
218 2869 249 2906 ¹.

166 2925 327 2988 Aaronom,
350 2921 543 2990 nix-Lmen,
567 2921 811 2990 aliusue-iiix,
830 2922 936 2979 Uirna·

137 3011 219 3063 iren,
245 2995 387 3059 Lernen„
411 2993 575 3058 bovinias„
600 2995 771 3059 diuinam..
792 2997 889 3050 Dauic.
910 3002 937 3049 ιι

138 3083 206 3123 ιιιτ.
220 3064 445 3121 nursia-nsua.
457 3074 548 3120 carent
561 3066 819 3122 annuntiationibus
830 3066 937 3122 duabus

139 3137 252 3202 ultimis,
269 3137 414 3207 quibuset
429 3137 585 3202 dorstado,
601 3145 632 3191 ut
650 3138 678 3191 iii
698 3137 937 3193 observationibus

138 3210 216 3264 etiam
238 3207 377 3262 diximus.
403 3207 506 3262 Eodem
530 3207 639 3264 delectu
660 3209 785 3265 laborarit
799 3209 935 3265 Vinicius.

138 3282 258 3352 signatus
274 3295 353 3333 nuin.
368 3277 451 3346 sele,
466 3286 493 3334 ιι
507 3279 677 3334 Uonscumu.

168 3352 352 3408 Castorum:
377 3374 386 3394 ι
403 3352 506 3416 ιιοιιιιι,
524 3350 550 3404 iii
566 3361 658 3405 moute
674 3351 760 3415 Celio,
778 3361 936 3407 sanctorum

140 3435 290 3494 martyrum
315 3421 400 3476 Primi
425 3429 452 3476 ιι
477 3421 618 3489 Feliciaiii,
643 3422 694 3477 sub
713 3423 895 3487 Diocletiano,
911 3429 937 3476 et

138 3492 573 3575 llaximianoimperatoribus.lu
583 3493 680 3548 Galliis
690 3494 935 3561 civitatenganao,

138 3565 227 3638 passio
236 3565 326 3620 sancti
338 3564 478 3619 tiiiceutii
489 3562 589 3619 Leuitm
600 3571 626 3619 et
638 3567 776 3636 martyris.
790 3565 819 3619 lii
834 3564 935 3632 Scotia,

138 3636 223 3718 nocti
244 3634 387 3693 Columbae
406 3635 572 3708 presbyteri,
596 3635 764 3692 admiranda
783 3635 937 3693 sanctitatis

137 3725 229 3764 tiri.»

171 3779 365 3846 Danuuius..
377 3779 405 3834 in
415 3779 505 3851 prima
514 3788 540 3836 et
548 3780 667 3837 secunda
676 3778 937 3835 commemoratione

139 3865 239 3922 purus,
257 3850 298 3905 sic
312 3859 430 3921 quartani
448 3853 534 3908 tertiae
549 3853 707 3925 anteponit:
731 3875 740 3898 ι
755 3850 847 3921 Nycea
861 3850 938 3906 ciri-

138 3928 203 3989 tate,
235 3928 395 3977 sanctorum
416 3923 575 3995 Dyomedis,
602 3923 760 3978 Auiamanti
788 3919 936 3994 [Aiiiaiitii]

139 3993 258 4074 blociani
276 4001 304 4048 et
319 3991 468 4050 ianuarii·
490 3996 620 4068 Sequitur
635 3994 668 4050 de
683 4001 777 4049 sancto
792 3993 937 4060 Columba,

141 4073 203 4120 satis
217 4080 299 4137 pure.

171 4135 377 4192 ducenorum:
400 4160 409 4183 ι
432 4136 526 4194 Romae
550 4137 579 4193 iri
602 4146 696 4193 monte
715 4135 821 4205 Ceben,
847 4134 937 4190 natale

142 4216 296 4264 auctorum
318 4215 471 4280 martyrum
493 4210 579 4266 Primi
603 4217 629 4265 ιι
648 4208 787 4265 Feliciano
808 4208 936 4273 fratrum,

144 4278 190 4358 snb
205 4279 388 4350 Dyocletiano
407 4288 434 4336 ιι
455 4281 623 4337 blauimiauo
648 4279 869 4351 imperatoribus.
885 4277 938 4359 Qui

146 4363 231 4417 primo
244 4349 317 4406 lerro
331 4359 398 4406 sunt
410 4352 496 4408 vincti
511 4360 538 4407 et
552 4353 581 4406 iii
596 4367 732 4408 carcerem
747 4359 812 4406 sunt
826 4350 936 4415 reclusi,

128 4416 191 4473 “ubi
214 4421 325 4490 angelus
345 4421 426 4477 affuit
445 4423 496 4490 eis,
514 4424 659 4479 consolaris
674 4438 720 4477 cos
739 4431 766 4477 et
784 4438 799 4476 a
819 4419 939 4476 vinculis

146 4490 297 4546 absolvens.
312 4493 376 4548 Post
391 4493 476 4565 virgis
496 4494 604 4549 fortiter
618 4501 683 4550 sunt
697 4492 818 4548 mactati.
834 4490 939 4547 Deinde

147 4570 302 4633 separantur
314 4563 349 4619 ab
364 4565 496 4631 invicem,
511 4575 538 4621 ot
552 4565 707 4621 Felicianus
723 4563 875 4618 Plumbatis
889 4579 939 4618 ιι-

988 1993 1183 2049 Praetermissis
1194 1993 1245 2064 jun
1265 1994 1322 2049 itur
1335 1995 1407 2050 aliis.
1430 1996 1455 2050 ls
1478 1995 1552 2053 baud
1571 1998 1654 2055 dubie
1673 2008 1723 2068 est,
1739 1999 1788 2071 qui

989 2064 1034 2121 die
1049 2066 1173 2138 sequenti
1186 2065 1220 2121 ab
1238 2011 1359 2122 [isoardo
1375 2075 1552 2123 memoratur.

1024 2138 1181 2193 Daemon:
1200 2137 1325 2193 «Eodem
1337 2138 1391 2205 die,
1404 2138 1540 2195 dedicatio
1551 2142 1673 2198 ecclesia
1687 2152 1787 2203 sanctae

989 2208 1081 2264 Mariae
1095 2209 1234 2338 losaqbat.
1252 2234 1261 2257 .
1283 2209 1396 2280 Propria
1412 2209 1482 2266 sorte
1495 2221 1535 2267 est
1548 2212 1600 2284 ipsi
1617 2214 1687 2270 loco.

1024 2281 1155 2336 Marnin-
1180 2281 1472 2336 sarus-Uirumscn:
1493 2307 1501 2329 ι
1516 2283 1601 2338 Primi
1617 2295 1643 2341 et
1656 2287 1788 2342 Feliciani

990 2360 1154 2423 martyrum.
1179 2351 1319 2408 Vincentii
1342 2353 1472 2477 nianqiris
1486 2353 1515 2407 in
1531 2354 1645 2426 Ageana
1664 2358 1787 2414 civitate.

991 2422 1131 2480 Columbae
1146 2422 1297 2495 presbyteri
1314 2430 1341 2477 ιι
1355 2440 1407 2478 coa
1421 2424 1521 2479 essoris
1536 2426 1562 2478 iii
1577 2426 1678 2482 Scotia.
1694 2452 1703 2475 ι

989 2532 995 2537 -
1026 2495 1093 2550 nea.
1110 2495 1189 2550 Sues.
1207 2495 1277 2565 sign.
1295 2511 1371 2548 nuni.
1383 2493 1451 2550 428:
1475 2519 1483 2540 ι
1500 2496 1603 2551 Eodem
1620 2497 1664 2552 die
1680 2499 1708 2553 iii
1719 2499 1789 2554 Gal-

990 2565 1035 2620 liis
1051 2565 1189 2620 territorio
1202 2564 1359 2629 Parisiensi,
1371 2564 1508 2622 detectum
1520 2575 1560 2621 est
1572 2586 1672 2639 corpus
1682 2570 1712 2624 B.
1725 2570 1789 2626 Dio·

991 2636 1064 2708 nysii
1087 2640 1267 2708 Areopagum,
1288 2652 1319 2691 ac
1343 2636 1494 2691 multorum
1516 2638 1659 2693 obtutibus
1678 2641 1791 2710 publica

991 2706 1214 2763 manifestatione
1238 2716 1388 2762 ostensum.
1419 2707 1509 2773 Quod
1527 2709 1660 2766 nimirum
1685 2710 1789 2767 idcirco

990 2779 1093 2834 iactum
1112 2778 1196 2834 inisse
1210 2785 1326 2844 constat,
1344 2794 1377 2832 ne
1393 2777 1574 2858 quorumdam
1590 2781 1726 2837 calliditas
1741 2783 1791 2837 in-

991 2850 1131 2917 vidorum,
1156 2849 1277 2921 ejusdem
1300 2847 1491 2920 gloriosissimi
1515 2852 1645 2922 martyris
1670 2853 1792 2908 membra

990 2937 1048 2978 sese
1072 2921 1172 2977 habere
1192 2921 1396 2986 mentientium,
1423 2919 1497 2976 falsae
1512 2923 1652 2993 opinionis
1671 2940 1792 2979 errorem

992 2992 1131 3048 mentibus
1147 2993 1289 3047 bominum
1306 2990 1474 3059 infunderet,
1490 3010 1599 3064 suaeque
1615 2995 1729 3050 fallaciae
1745 2995 1791 3066 lig-

992 3073 1084 3120 meiita
1107 3064 1280 3134 simplicibus
1301 3061 1454 3134 quibusque
1478 3066 1690 3134 persuaderet.»
1715 3065 1791 3122 Nihil

992 3135 1151 3206 hujusmodi
1167 3135 1239 3206 apud
1255 3135 1333 3189 alios.
1351 3135 1387 3188 Dc
1407 3135 1521 3190 veritate
1536 3135 1582 3190 liic
1598 3153 1652 3190 iioii
1667 3137 1789 3208 disputo.

1028 3209 1197 3261 Fuouesrin.
1213 3225 1218 3260 :
1243 3208 1298 3261 «lu
1312 3204 1402 3259 Nicaea
1416 3204 1537 3271 ciuitate,
1554 3217 1710 3262 sauctorum
1729 3209 1791 3264 Dio·

952 3287 973 3346 (1
993 3277 1090 3342 modis,
1103 3277 1236 3342 diiiaiitii,
1253 3287 1279 3332 et
1295 3275 1408 3330 blotiaiii
1425 3285 1451 3329 ιι
1474 3277 1606 3332 Jaiiuaiii.
1625 3280 1655 3332 lii
1674 3279 1790 3333 Alexan·

991 3350 1062 3414 driu,
1079 3349 1166 3403 sancti
1187 3348 1298 3402 blaxiuii
1318 3347 1478 3416 presbyteri.
1497 3348 1599 3413 ltoiiiiu,
1617 3350 1705 3419 passio
1723 3366 1792 3404 saii-

992 3421 1028 3476 cti
1054 3419 1178 3474 Faustini
1203 3418 1343 3489 martyris,
1364 3418 1410 3486 qul
1431 3417 1482 3471 sub
1501 3418 1612 3474 tuliano
1628 3420 1792 3490 imperatore

993 3507 1086 3564 passus
1101 3497 1151 3544 est.
1168 3515 1176 3535 ι

1029 3563 1202 3616 Lunensem:
1219 3583 1227 3605 ι
1243 3558 1361 3615 Ciuitate
1377 3561 1496 3631 Agiiiim,
1509 3561 1691 3633 PouipeyacO,
1702 3561 1792 3634 passio

992 3633 1079 3688 sancti
1098 3631 1249 3697 vincentii,
1266 3639 1318 3686 etc.
1336 3658 1345 3679 ι

1027 3706 1127 3758 Ειιιιο
1143 3701 1330 3758 Lumen-Coa.
1348 3704 1381 3759 de
1402 3704 1495 3759 Primo
1516 3711 1541 3758 ct
1559 3703 1709 3772 l'uliciano,
1732 3710 1793 3777 post

992 3776 1121 3841 ducentes,
1139 3775 1253 3828 iiiserit:
1278 3774 1325 3828 «il
1341 3775 1518 3844 pontilicibus
1539 3776 1703 3845 templorum
1719 3776 1793 3848 apud

992 3847 1030 3902 iiii
1043 3855 1180 3913 ieratores,
1197 3844 1270 3917 quod
1291 3857 1380 3902 esseut
1395 3847 1556 3912 Christiani,
1577 3847 1695 3902 incusati
1717 3856 1792 3904 sunt.

992 3864 1045 3975 Sed
1066 3919 1130 3990 quia
1154 3918 1181 3971 iii
1207 3916 1265 3972 lide'
1284 3917 1386 3973 Christi
1410 3919 1521 3973 stabiles
1540 3919 1648 3972 iuranti
1669 3918 1792 3986 fuerunt,

992 3989 1054 4045 ideo
1077 4005 1151 4044 nuno
1172 3988 1356 4059 singulatim·
1425 4006 1511 4061 nsque
1535 3989 1568 4044 ad
1593 3989 1686 4044 liiieiii.
1704 3990 1792 4044 Tum:

1000 4060 1117 4132 «sepulti
1132 4069 1196 4115 sunt
1208 4061 1241 4114 ad
1255 4075 1334 4114 arcus
1347 4061 1536 4115 Nomentanus
1549 4061 1621 4115 iutra
1635 4061 1794 4115 arenarium

993 4132 1026 4187 ab
1047 4132 1113 4186 urbe
1138 4133 1224 4187 lioma
1241 4131 1372 4185 milliario
1392 4143 1489 4202 quarto
1509 4132 1625 4186 ileciiim.
1644 4158 1652 4178 ·
1671 4133 1710 4186 Do
1728 4132 1793 4187 Vin·

992 4203 1083 4259 centio
1099 4202 1180 4257 babet
1196 4209 1225 4255 ut
1240 4202 1309 4257 Ado.
1327 4203 1357 4256 lii
1374 4203 1507 4257 Columba
1523 4219 1590 4274 pura
1605 4209 1656 4257 est.
1676 4203 1792 4270 «Nicea,

993 4274 1080 4330 sancti
1098 4273 1236 4328 Diomedis
1251 4273 1425 4328 contessoris.
1442 4274 1546 4329 Eodem
1563 4273 1617 4339 die,
1635 4281 1793 4327 sanctorum

993 4345 1112 4401 Gentilis
1131 4353 1158 4399 ot
1181 4343 1310 4399 basilidis
1329 4352 1492 4423 martyrum.
1519 4371 1528 4392 ι
1554 4344 1743 4398 ltumittuiitur
1759 4341 1794 4397 ad

994 4416 1067 4471 diem
1083 4422 1250 4485 sequentem.
1275 4440 1283 4460 ‹
1308 4414 1369 4484 lpso
1383 4415 1438 4479 die,
1464 4414 1606 4468 translatio
1629 4414 1717 4467 sancti
1734 4412 1794 4465 lid-

994 4486 1091 4542 mundi
1112 4485 1232 4556 episcopi
1252 4491 1279 4538 ιι
1293 4484 1467 4537 contessoris.
1484 4510 1493 4531 ›
1516 4487 1553 4538 De
1568 4500 1599 4536 ea
1613 4481 1794 4535 translatione

994 4559 1110 4628 aliisque
1134 4571 1166 4609 eo
1188 4554 1376 4633 spectantibus
1397 4561 1492 4623 agetur
1514 4553 1548 4607 ad
1576 4552 1650 4606 diem
1674 4552 1793 4606 natalem

148 4630 224 4701 ditur,
239 4643 302 4706 post
315 4634 350 4690 ad
362 4634 487 4707 stipitem
502 4636 612 4708 ligatur,
623 4636 766 4708 aculeique
776 4634 940 4690 iiianibuset
956 4647 980 4707 1)
996 4647 1044 4684 xvi
1059 4624 1233 4683 Novembris.

150 4703 255 4774 pdibus
266 4706 345 4761 illius
355 4707 520 4779 infiguntur,
535 4718 561 4763 ιι
574 4708 613 4763 sic
629 4708 728 4789 ligatus
743 4706 832 4762 tribus
842 4705 940 4761 diebus
1031 4699 1158 4755 Genusia.
1172 4715 1178 4752 :
1203 4722 1211 4744 ι
1228 4698 1329 4763 Rome,
1351 4695 1493 4750 beatorum
1508 4704 1662 4768 martyrum
1679 4712 1794 4752 numero

150 4776 311 4833 ducatibus
324 4778 428 4833 mansit
441 4779 469 4833 iii
485 4780 560 4851 liguo
570 4780 628 4834 sine
638 4778 701 4836 cibo
713 4787 740 4834 et
752 4786 828 4850 potu.
844 4777 941 4833 Socius

153 4855 232 4901 autem
254 4848 317 4920 ejus
337 4849 459 4918 Primus,
484 4850 604 4906 fustibus
624 4849 803 4905 validissimis
821 4848 939 4916 ceditur,

153 4924 206 4985 post
217 4917 243 4972 in
252 4920 352 4976 eculeo
362 4921 549 4993 suspenditur,
561 4929 588 4977 et
598 4923 682 4977 latera
695 4919 754 4992 ejus
769 4921 941 4991 lampadibus

152 4985 305 5064 aduruntur,
329 5000 358 5046 et
384 5001 477 5063 postea
520 4994 645 5049 lumbum
672 4993 792 5048 bulliens
817 4992 857 5046 ori
882 4993 941 5063 ejus

153 5058 309 5139 intenditur,
334 5063 409 5135 quod
429 5063 486 5135 ipse
501 5010 576 5121 inibit
590 5065 667 5137 qnasi
684 5080 782 5136 aquam
800 5062 939 5133 frigidam.

154 5127 246 5210 deinde
269 5134 365 5190 leones
387 5134 465 5190 missi
484 5144 559 5204 suiit,
584 5136 632 5209 qui
653 5135 748 5190 ambos
766 5134 940 5200 devorarent,

153 5214 191 5277 qni
211 5203 399 5261 solvebantur
419 5205 454 5262 ad
478 5207 559 5279 pedes
580 5223 684 5262 eorum.
713 5204 792 5273 Quod
817 5204 941 5260 videntes

153 5271 277 5354 infideles,
294 5276 374 5332 mille
389 5284 416 5358 et
435 5279 578 5350 quingenti
599 5279 725 5334 conversi
742 5285 816 5345 sunt,
840 5276 887 5403 qui
902 5276 942 5332 di·

153 5356 228 5400 tersis
243 5347 384 5404 mortibus
395 5350 568 5420 Jugulautiir,
585 5355 612 5406 ιι
626 5349 714 5405 sancti
736 5348 828 5405 statim
864 5348 943 5403 ecol-

154 5410 243 5472 lotar.
260 5441 270 5465 .
293 5418 326 5474 lii
342 5419 393 5475 reli
434 5421 538 5477 issatis
552 5437 637 5493 purus
653 5429 704 5477 est.

180 5485 326 5547 Vieronui.
352 5498 380 5548 ιι
395 5437 466 5550 diso.
488 5493 571 5550 Suro.
591 5495 714 5565 signatus
736 5507 814 5548 uum.
834 5490 894 5558 139,
914 5488 943 5546 iii

1013 4770 1152 4827 uindecim
1178 4768 1296 4825 Gentilis
1317 4775 1343 4823 ct
1362 4767 1490 4823 Basilidis
1512 4776 1702 4841 martyrum.»
1724 4768 1794 4824 Vide

994 4789 1076 4901 dicta.
1101 4842 1238 4897 «Maximi
1263 4840 1426 4912 presbyteri,
1449 4842 1611 4897 Alexandri.
1637 4840 1793 4894 'l’rauslatio

995 4915 1083 4971 sancii
1097 4915 1199 4969 Eskilli
1213 4912 1333 4984 episcopi
1350 4919 1377 4966 et
1392 4915 1532 4984 martyris.
1555 4937 1564 4957 ‹
1579 4912 1682 4967 Natalis
1697 4919 1738 4964 est
1753 4925 1793 4963 xii

995 4987 1110 5113 quails
1126 4984 1280 5041 'lranslatio
1295 4985 1383 5039 sancti
1397 4984 1539 5040 Edmuiidi
1554 4981 1675 5054 episcopi
1689 4986 1716 5034 et
1730 4994 1794 5034 coii-

1007 5073 1141 5113 essoris.»

1031 5130 1153 5194 blesam,
1169 5127 1262 5199 parvis
1276 5127 1364 5198 typis:
1388 5150 1397 5173 ι
1413 5126 1515 5182 Eodem
1531 5124 1586 5190 die,
1605 5129 1704 5176 sanctae
1719 5119 1794 5176 Pela·

996 5200 1046 5272 giae
1061 5198 1178 5269 virginis
1193 5207 1220 5253 et
1235 5200 1365 5270 martyris
1381 5197 1573 5259 Antiochense,
1587 5208 1647 5271 quae
1663 5207 1691 5271 se
1706 5208 1740 5247 ex
1755 5201 1793 5249 te·

996 5280 1040 5328 cto
1056 5269 1247 5343 praecipitavit,
1263 5286 1296 5325 ιιι
1307 5272 1335 5324 iii
1350 5269 1496 5324 illusorum
1510 5279 1607 5319 manus
1621 5263 1765 5319 incideret.
1779 5290 1787 5312 .

996 5344 1027 5399 lii
1051 5341 1221 5397 editionibus
1244 5339 1463 5413 posterioribus:
1493 5359 1502 5382 ι
1530 5336 1609 5402 ltem,
1632 5335 1795 5391 Maximiani

996 5412 1162 5487 Syracusani
1183 5429 1198 5468 e
1218 5411 1316 5483 iscopi,
1344 5409 1392 5482 qui
1417 5414 1539 5477 tempore
1567 5406 1692 5478 Gregorii
1719 5422 1795 5480 papae

997 5485 1106 5544 claruit.
1122 5509 1132 5534 ›
1149 5485 1188 5542 De
1200 5428 1310 5554 ionga
1325 5480 1397 5536 idem
1412 5486 1439 5533 et
1451 5477 1546 5535 eodem
1561 5479 1644 5534 modo
1658 5488 1794 5550 utsupra.

867 5711 1076 5730 *un-..—

291 5870 405 5934 Parnon
430 5870 559 5951 CXXIV.
