3834 6136
857 232 1009 299 babbani
1027 234 1186 298 ueniant

1803 231 1860 294 ltin

868 392 1171 452 uesnnvaiiaNES.

234 527 389 600 Pracipuas
403 532 458 581 tres
470 537 570 594 easque
584 520 749 579 celebriores
768 518 925 592 archangeli
940 521 1035 583 iti-it
1051 521 1118 579 satis
1131 531 1224 595 aperte
1246 529 1274 579 et
1292 521 1404 649 graeciae
1423 519 1562 576 enuntiari
1585 532 1642 574 aad
1665 516 1758 574 videa.
1781 517 1855 576 Mine

199 600 303 659 caretis
342 596 528 669 apparitiones
566 609 582 649 a
610 592 664 648 scri
685 591 791 647 toribus
826 601 999 649 enumeratas

199 671 323 729 invenio.
341 670 378 723 lie
398 666 497 738 prima,
519 680 580 738 quae
601 664 631 718 iii
679 663 777 718 siatica
792 663 903 735 regione
921 663 1000 721 Cho-

199 743 278 801 nensi
305 738 418 805 accidit,
439 736 526 791 multa
544 735 616 806 apud
638 735 849 805 Mataphrastem
874 751 1000 791 comme-

200 820 289 871 morat
319 809 479 874 Pantaleon,
507 806 599 862 editus
635 822 651 861 a
682 806 773 861 Suria.
803 806 929 863 Secunda
956 823 999 863 or·

200 886 265 943 dine
293 881 437 952 temporis,
465 878 513 935 sed
540 877 687 949 multiplex
720 877 785 944 init,
812 877 847 933 ad
877 885 998 934 mantem

200 959 366 1028 Garganum.
383 952 479 1008 Exstat
494 949 577 1005 etiam
600 949 697 1004 relatio
712 947 745 1003 de
760 949 953 1016 Norinanniea,
971 950 999 1004 iri

200 1036 293 1084 monte
312 1024 421 1090 lbntba,
435 1021 502 1077 alias
515 1039 542 1075 ni
573 1021 672 1075 anicula
687 1020 777 1075 meris.
795 1019 830 1076 de
841 1037 894 1093 qua
906 1020 1000 1076 tiden-

201 1099 253 1156 das
268 1095 380 1154 Mahilio
401 1110 463 1150 saec.
490 1109 520 1148 iii
545 1037 685 1147 llpenedict.
703 1098 779 1162 parte
800 1109 820 1160 i,
845 1107 934 1164 apag.
954 1092 998 1148 ei.

199 1172 240 1229 De
253 1169 306 1224 hac
324 1168 480 1238 expressius
498 1164 526 1219 io
542 1163 746 1220 accessionibus
761 1163 922 1219 Usuardinis
936 1163 1000 1235 agi-

200 1249 247 1297 tur
260 1256 309 1295 xvi
331 1236 468 1294 Octobris.
484 1235 550 1301 Quae
571 1242 661 1290 autem
678 1233 729 1290 hac
750 1234 796 1290 die
815 1235 948 1290 memoria
970 1235 999 1290 in

201 1309 407 1384 Martyrologiis
423 1307 563 1366 recolitur.
581 1322 613 1362 ea
624 1305 799 1378 potissimum
814 1313 937 1378 spectare
952 1306 1001 1360 vi-

201 1383 282 1440 detui
300 1379 506 1437 Dedicationem
531 1375 592 1448 ejus
610 1377 715 1448 tempii,
739 1376 813 1448 quod
837 1377 866 1432 in
888 1377 1001 1447 prelata

201 1448 654 1523 montaGarganoiamosissimum
667 1449 771 1504 estiis
785 1448 871 1504 leima
887 1449 1001 1521 loquun-

201 1532 248 1582 tur
265 1523 499 1595 iiieionyiiiiana:
529 1519 666 1575 Dedicatia
691 1521 808 1575 basilicae
833 1521 917 1575 sancti
943 1521 1002 1575 Mi-

201 1597 356 1660 choatiam
380 1593 408 1648 in
429 1591 624 1674 Epternacensi
644 1590 849 1659 vetustissima;
867 1592 909 1646 vei
928 1592 1002 1647 utin

201 1665 379 1728 corbeiensi:
396 1664 532 1720 Dedicatia
546 1662 662 1718 basilice
676 1663 766 1718 arena
778 1663 828 1734 geli
853 1662 1001 1731 Michaelis,

201 1741 231 1796 in
244 1746 330 1794 monte
339 1753 386 1807 qni
398 1736 497 1791 dicitrn
512 1735 662 1804 Garganus.
674 1733 757 1801 Beda,
770 1734 856 1805 priori
871 1733 1000 1790 similior:

201 1810 338 1868 Dedicatia
353 1807 464 1863 eclesiae
478 1806 561 1861 saneti
582 1806 669 1877 angeli
686 1805 841 1872 Michaelis;
861 1805 939 1861 addit
954 1807 1002 1860 ita·

1055 602 1159 651 motum
1179 593 1278 665 opinor
1313 592 1440 648 cranium
1454 591 1488 647 ad
1503 587 1624 662 phrasim
1640 589 1679 644 ita
1688 589 1855 662 restringan-

1054 665 1128 734 dam,
1144 674 1175 723 nt
1197 664 1401 721 consenatianis
1427 662 1631 719 solemnitatem
1652 667 1784 734 tanquam
1806 659 1860 718 hae

1054 738 1114 810 ipsa
1129 736 1174 793 die
1188 737 1297 804 lacmin,
1318 735 1399 809 paula
1418 734 1520 792 clarius
1535 731 1704 804 indigitaret.
1722 731 1815 788 Habes
1829 733 1858 788 in

1054 809 1151 865 Adone
1167 808 1319 881 longiorem
1343 805 1525 878 Garganensis
1540 804 1663 860 historia
1679 803 1792 872 seriem,
1808 820 1858 860 sua

1053 888 1176 952 tempore
1192 879 1394 935 illustrandam.
1410 877 1457 933 ubi
1474 878 1502 933 iu
1517 876 1613 931 lincea
1628 876 1754 932 Romano
1768 891 1857 948 paria

1054 953 1187 1008 attexitur
1200 950 1338 1007 dedicatio
1350 951 1477 1006 Romanae
1488 947 1685 1003 ecciesieinter
1694 946 1776 1002 nubes
1786 947 1859 1014 sita,

1053 1024 1087 1079 de
1097 1039 1150 1096 qua
1163 1023 1266 1078 videsis
1280 1021 1454 1078 Natatiouem
1469 1018 1591 1076 Baronii.
1604 1017 1756 1091 Historiam
1768 1017 1858 1089 ipsam

1054 1111 1116 1152 cum
1135 1110 1200 1149 sana
1214 1093 1393 1163 chronologia
1407 1092 1554 1148 conciliare
1569 1097 1685 1146 conatur
1710 1089 1859 1145 Florenti·

1055 1165 1128 1234 nius,
1158 1172 1184 1220 et
1208 1181 1257 1220 iios
1281 1163 1348 1219 aiibi
1370 1179 1387 1219 ο
1407 1179 1481 1219 eiam
1510 1161 1694 1219 conteremus.
1720 1159 1858 1218 Catemm

1055 1237 1139 1292 veiha
1154 1243 1261 1290 natasse
1271 1234 1376 1306 juverit
1390 1179 1553 1290 hodiernam
1570 1233 1760 1290 celebritatem
1775 1230 1860 1314 itaab

1055 1308 1204 1363 universali
1220 1305 1484 1362 Ecclesiacathaiica
1500 1304 1594 1369 recoli,
1606 1312 1637 1359 ιιι
1648 1319 1705 1360 noir
1715 1303 1860 1362 Michaelis

1055 1380 1151 1443 solius,
1166 1378 1214 1435 sed
1228 1379 1387 1449 augelorum
1401 1377 1527 1432 amnium
1542 1391 1600 1432 esse
1613 1384 1771 1433 censeatur.

1091 1451 1124 1506 Se
1146 1466 1212 1506 aens
1226 1450 1320 1505 classis
1335 1454 1484 1520 martyram
1506 1447 1535 1502 in
1560 1447 1675 1503 Thracia
1694 1446 1860 1519 amhagibus

1056 1530 1082 1578 et
1097 1467 1205 1578 nahelis
1220 1539 1235 1576 a
1249 1519 1419 1576 Florentinio
1427 1519 1547 1575 obnoxia
1561 1519 1660 1575 merita
1670 1517 1786 1585 dicitur,
1796 1518 1860 1591 qaia

1057 1590 1857 1665 iiiHieronymianisapographisetmartyrumetiocorum

1056 1665 1171 1721 noiuiaa
1185 1665 1223 1720 ita
1236 1663 1351 1720 confusa
1365 1673 1440 1729 sunt,
1461 1669 1493 1718 at
1508 1678 1563 1717 non
1579 1661 1661 1718 iacile
1674 1662 1729 1718 alia
1748 1661 1784 1719 ab
1799 1662 1861 1718 aliis

1057 1735 1230 1792 discrepetis.
1257 1736 1369 1791 iutenm
1385 1749 1420 1788 ex
1430 1733 1526 1790 eedem
1541 1733 1616 1790 iente
1631 1732 1786 1788 hauserunt
1800 1733 1859 1790 tta-

1056 1806 1181 1863 hauuset
1195 1808 1302 1874 Noster,
1313 1814 1340 1862 at
1351 1822 1448 1877 purum
1459 1820 1514 1860 non
1530 1804 1614 1860 luisse
1623 1804 1748 1861 ostendit
1757 1803 1858 1860 utrius·

202 1881 300 1951 banus,
324 1881 353 1936 in
366 1885 452 1934 marite
468 1879 602 1949 Gerousa.
626 1877 756 1934 Concinit
772 1876 1000 1935 Wandalbertus:
1018 1874 1040 1933 B
1055 1894 1107 1951 que
1122 1878 1314 1950 discrepantia,
1330 1893 1393 1934 eum
1410 1876 1485 1948 prior
1500 1875 1538 1931 ita
1552 1875 1676 1932 scribat:
1692 1876 1728 1932 in
1745 1876 1858 1932 Thracia

265 1997 387 2048 AErtierea
399 1995 492 2045 virtute
510 2003 608 2058 potens,
627 1995 801 2058 princepsque
817 2007 937 2055 supernae

264 2060 367 2109 Militiae
381 2057 492 2108 Michaei
509 2066 582 2108 terna
593 2056 642 2106 sibi
662 2057 756 2120 templa
772 2057 894 2107 sacravit.

238 2166 410 2225 haecomnia
432 2166 466 2223 de
481 2164 653 2222 dedicatione
669 2165 698 2221 in
713 2173 807 2223 monte
822 2166 948 2239 Gargano
961 2183 1003 2224 ac·

203 2239 331 2313 cipienda
349 2254 407 2295 esse
427 2237 602 2293 manifestum
618 2245 694 2311 pcto,
713 2254 800 2311 eoque
822 2237 916 2295 itidem
938 2239 1004 2294 reie-

203 2312 356 2384 rendaqure
367 2311 397 2366 in
406 2308 579 2366 Kalendariis
591 2310 783 2391 perdilatinni
791 2310 1003 2379 etFrontonem,

203 2399 235 2440 ec
248 2381 466 2439 Sacramentaria
481 2380 605 2453 Gregorii
622 2397 670 2453 per
684 2380 845 2437 Menardum
860 2382 954 2450 editis,
970 2380 1004 2437 de

203 2454 377 2512 dedicatione
389 2452 534 2521 hahentur,
547 2453 588 2508 uti
602 2463 630 2508 et
642 2453 671 2508 in
681 2453 744 2508 aliis
756 2452 896 2509 veteribus
909 2469 1003 2508 monu-

203 2525 330 2582 mentisa
346 2524 518 2580 Florentinio
535 2524 667 2581 recitatis.
691 2524 781 2585 Aliam
796 2523 849 2580 sihi
866 2525 1003 2606 propriam

203 2593 1005 2667 semitamingredivideturauctorRomaniparvi,duabus

203 2665 330 2722 articulis
352 2680 409 2719 rein
431 2664 584 2735 explicans.
608 2666 700 2721 Primo
743 2665 852 2722 uidem:
869 2668 902 2722 in
920 2674 1006 2720 marite

205 2737 341 2806 Gargano,
364 2736 521 2789 venerabilis
538 2737 665 2791 memoria
686 2753 733 2791 arc
769 2737 838 2805 ageli
856 2736 1003 2791 Michaelis.

205 2807 258 2864 Sed
273 2822 334 2878 quie
349 2821 380 2862 ea
395 2805 526 2860 memoria
540 2806 587 2872 sit,
603 2822 636 2861 an
651 2807 839 2879 apparitionis,
856 2822 889 2862 an
903 2808 1005 2863 dedica-

206 2877 294 2945 tionis,
305 2877 332 2931 in
346 2875 431 2931 dubia
444 2876 618 2947 relinquitur.
631 2877 663 2932 Se
684 2882 831 2932 uiturvero
844 2880 895 2933 :nt
906 2880 1004 2945 Rome,

204 2948 334 3005 dedicatio
357 2946 469 3002 eeclesiae
490 2946 604 3015 ejusdem
621 2893 785 3029 archangeli,
800 2965 817 3003 a
834 2949 906 3004 beata
926 2949 1005 3005 Boni·

204 3018 275 3091 facia
289 3035 361 3091 popa
372 3024 528 3072 constructor
541 3019 568 3071 in
586 3018 672 3085 Circa,
684 3035 731 3088 qni
742 3019 813 3073 lacus
827 3020 910 3076 laren
920 3038 1006 3077 niteas

204 3091 313 3147 dicitnr.
330 3089 391 3145 hdo
405 3089 560 3143 memoriam
575 3089 651 3145 iiiam
669 3089 696 3145 in
715 3098 807 3145 monte
823 3091 948 3163 Gargana
961 3092 1006 3149 de-

204 3162 302 3218 scribit
317 3159 464 3233 ipsissimis
479 3160 571 3216 verbis
586 3176 647 3233 quae
661 3176 695 3216 ex
710 3161 770 3241 ipso
784 3166 817 3217 ari
832 3163 938 3234 apicem
954 3165 1005 3220 h'a·
1062 3164 1211 3238 quidquam
1226 3163 1339 3218 aliertur
1350 3162 1423 3234 quad
1437 3161 1472 3219 ad
1486 3162 1615 3220 iilustran

1058 1950 1162 2005 claritate
1184 1951 1308 2017 Eraelea,
1331 1950 1422 2002 natale
1441 1947 1551 2016 liniicii,
1574 1947 1677 2004 Plauti.
1699 1946 1789 2002 Multa
1806 1947 1859 2002 aiis

1058 2020 1189 2093 expendit
1208 2019 1405 2077 Florentinius.
1422 2018 1529 2075 Verum
1548 2026 1579 2075 ut
1594 2027 1625 2075 nt
1639 2034 1671 2074 ea
1693 2017 1763 2088 sint,
1779 2018 1859 2074 lectio

1059 2100 1153 2149 nostra
1174 2107 1209 2148 ex
1226 2091 1356 2147 amnibus
1378 2089 1521 2147 codicibus
1542 2106 1606 2146 vere
1626 2087 1783 2146 Usuardiua
1808 2098 1858 2157 est,

1059 2180 1172 2236 eamque
1188 2165 1214 2218 in
1240 2165 1363 2221 Romana
1378 2162 1511 2218 moderna
1532 2168 1642 2219 secutus
1655 2167 1697 2217 est
1710 2160 1857 2218 Baranius.

1059 2235 1185 2292 Frateriri
1203 2234 1442 2290 Autissiodorensis
1461 2250 1473 2286 e
1493 2233 1574 2304 hropi
1593 2232 1720 2304 depositio
1736 2232 1859 2304 signatur

1059 2307 1088 2362 iii
1105 2305 1338 2379 Hieronymianis,
1363 2321 1398 2360 ex
1418 2251 1519 2378 quissus
1540 2320 1603 2361 eum
1627 2303 1720 2361 denuo
1744 2303 1857 2361 totidem

1059 2378 1151 2435 verbis
1165 2379 1269 2448 accepit
1283 2376 1425 2435 itabanus:
1443 2377 1541 2432 Noster
1559 2375 1667 2432 addidit
1687 2373 1857 2445 mosanarii,

1059 2466 1113 2523 quo
1126 2457 1229 2530 spectat
1243 2450 1272 2505 in
1283 2447 1649 2520 Hieronymianisdeparitia.
1661 2446 1705 2503 ab
1715 2447 1779 2503 aliis
1791 2463 1859 2503 riter·

1060 2529 1103 2593 tgr
1116 2521 1219 2577 dicitur
1232 2529 1260 2577 et
1272 2519 1414 2592 signanter
1427 2519 1457 2576 in
1479 2519 1672 2590 episcoporum
1686 2517 1858 2575 hatisnado

1059 2592 1180 2650 reusium
1194 2593 1317 2664 catalogo
1331 2607 1347 2647 a
1366 2591 1403 2646 ud
1417 2591 1625 2659 Democharam,
1637 2596 1667 2647 et
1676 2591 1704 2645 iii
1719 2590 1777 2645 aiio
1789 2588 1858 2671 apud

1060 2680 1110 2721 nos
1124 2666 1322 2736 manuscripto.
1353 2662 1502 2719 asteiianus
1514 2662 1643 2734 martyris
1655 2660 1773 2717 titulum
1787 2661 1860 2716 vide·

1059 2744 1105 2791 tiir
1119 2736 1233 2807 eripere,
1250 2750 1369 2806 eamque
1390 2735 1482 2790 nescio
1503 2732 1538 2791 ab
1553 2749 1633 2807 quam
1655 2748 1770 2789 causam
1783 2731 1819 2788 ad
1834 2749 1859 2788 ix

1059 2806 1126 2863 lolii
1144 2806 1338 2863 retrahendum
1354 2811 1441 2877 putat.
1459 2807 1502 2861 An
1517 2805 1551 2860 ah
1567 2803 1664 2860 hdaue
1685 2804 1858 2872 nominarit,

1060 2878 1175 2935 dubium
1191 2878 1310 2944 videtui,
1327 2876 1374 2933 sed
1386 2875 1500 2932 Usuardi
1516 2875 1690 2948 simplicitas,
1707 2874 1858 2934 secundum

1061 2966 1155 3005 oiiiues
1178 2950 1278 3006 abita
1303 2957 1403 3004 nostrae
1423 2956 1522 3020 partes,
1543 2955 1622 3003 extra
1642 2946 1860 3005 controuersiam

1061 3020 1149 3093 posita
1163 3029 1213 3076 est.
1228 3019 1422 3076 Tiiiemontius
1437 3027 1512 3074 tonia
1529 3019 1592 3086 XV,
1613 3034 1674 3091 pag.
1689 3018 1737 3086 26,
1749 3017 1785 3075 de
1799 3019 1860 3076 Fra-

1061 3102 1139 3150 terno
1154 3091 1381 3163 paucasuggerit,
1398 3106 1485 3164 neque
1501 3091 1528 3147 in
1543 3090 1761 3218 noassegilbss
1769 3087 1860 3219 ῧιὶθι
1906 3091 1909 3094 ’

1636 3179 1680 3219 aiii
1693 3178 1756 3235 epus
1796 3178 1806 3217 ι
1836 3177 1860 3217 m

204 3240 261 3290 ster
274 3233 479 3305 transsumpsit,
505 3232 605 3305 quihus
625 3231 801 3304 jamdictam
821 3235 1009 3292 dedicationem
1026 3231 1048 3292 G
1064 3238 1182 3292 multum
1197 3234 1321 3292 conferre
1336 3233 1431 3306 possit.

936 3407 1130 3467 ancianis.

240 3549 338 3608 Dinia.
354 3544 443 3603 textui
459 3543 526 3602 satis
539 3561 609 3618 paro
625 3544 653 3602 iii
670 3546 725 3604 line
742 3548 905 3622 subjungit:
925 3551 1008 3607 ‹Tre-

206 3623 290 3690 veris,
307 3616 395 3675 sancti
420 3616 557 3673 Lincwini
574 3618 729 3697 episcopi·
755 3621 860 3676 Nomen
886 3621 1010 3678 diversi-

207 3690 287 3746 mode
302 3689 448 3755 iormatur,
461 3694 492 3741 ut
506 3687 611 3758 patebit
624 3688 761 3745 inferius:
778 3705 812 3745 aii
825 3693 931 3748 calaris
945 3693 1009 3773 pai-

207 3776 280 3817 mam
296 3756 437 3831 praeripiat
459 3756 641 3826 Castalianus,
665 3758 730 3814 dum
755 3760 887 3816 Lndoaini
900 3763 1008 3833 scribit,

206 3831 274 3889 aiibi
290 3846 324 3885 ex
341 3829 463 3901 professo
477 3826 530 3882 erit
545 3828 774 3887 examinandum.

243 3902 402 3960 ιῖιιιιτιιιιιι.
418 3917 425 3954 r
448 3898 606 3955 «inmoute
622 3897 757 3982 Gargano,
773 3903 939 3960 venerahilis
954 3922 1008 3962 me·

207 3968 1010 4098 moriabeatiMichaelisarchangeli,uhiipsiusconsecrata

99 4063 103 4069 ·
207 4042 360 4100 abeodem
385 4039 549 4111 archangelo
575 4040 691 4097 habetur
716 4045 840 4112 eccesia,
866 4047 1009 4104 vilifacta

207 4123 335 4180 scemate,
351 4112 398 4168 sed
421 4112 522 4167 caelesti
544 4113 658 4184 praedita
680 4114 793 4171 virtute.
812 4116 880 4172 item
903 4119 1006 4188 itone,

206 4186 345 4242 dedicatio
360 4182 473 4240 oratorii
488 4186 575 4240 sancti
594 4183 737 4241 Michaelis
750 4185 918 4260 archangeli,
934 4191 1007 4264 quod

206 4254 1008 4330 pontifexilonii'aciusdedicaiitiusummitateoiici,mira

206 4343 288 4401 apere
303 4327 437 4383 altissime
450 4335 617 4398 porrectum.
633 4327 822 4399 Autisiadora‚
839 4333 928 4404 passio
943 4334 963 4388 F
967 4351 1007 4388 ia·

205 4399 278 4458 temi
302 4398 423 4478 eiscopi
453 4404 481 4453 et
503 4399 643 4471 martyris.
670 4401 702 4456 ln
725 4400 831 4471 Traeis,
847 4412 1005 4460 sanctorum

206 4469 297 4538 Lucii,
312 4415 404 4526 eiecti
419 4475 446 4524 et
461 4470 591 4526 Eraclea.
606 4495 615 4517 ι

243 4541 421 4598 Buuxaiiirn.
436 4558 442 4595 :
462 4565 470 4587 ι
487 4540 797 4603 Venerabilismemaria
809 4543 881 4602 beati
893 4545 1006 4602 archan·

208 4612 261 4738 geli
276 4611 428 4677 Michaelis,
444 4613 553 4683 patroni
569 4612 653 4684 hujus
667 4613 789 4671 ecclesie
802 4634 808 4671 :
823 4634 855 4674 aa
869 4618 897 4672 iii
914 4625 1006 4673 monte

232 4698 343 4753 argano,
358 4682 495 4738 dedicatio
510 4683 641 4752 ecclesias,
657 4701 717 4757 ques
737 4684 774 4739 ibi
793 4686 880 4759 ipsius
895 4689 1006 4744 nomine

207 4761 365 4811 consecrata
378 4752 503 4818 habetur,
517 4754 567 4807 nili
583 4755 693 4825 quidem
709 4767 837 4826 scemate,
853 4785 861 4808 ι
883 4769 935 4815 etc.
951 4759 1004 4814 No·

208 4823 285 4881 mins
302 4830 455 4894 martyrum
473 4822 503 4878 iii
525 4823 641 4880 Thracia
664 4826 792 4881 nonnihil
821 4831 915 4884 luxata
929 4838 1002 4886 sunt.

208 4894 352 4968 Sequitur:
371 4895 517 4973 «l'i'reveris
528 4895 557 4949 iii
569 4897 734 4951 iiiouasterio
744 4898 893 4968 Medeloca,
902 4899 1007 4973 deposi-

208 4967 247 5023 tio
258 4966 344 5023 saucti
357 4963 513 5044 Lindemini
523 4965 721 5040 archiepiscopi
732 4975 760 5024 et
769 4971 958 5027 confessoris·
976 4974 1007 5028 iii

207 5041 339 5096 Fraterno
354 5044 420 5092 satis
435 5052 520 5109 purus
535 5046 586 5094 est.

244 5111 424 5166 Maarsares.
443 5115 504 5179 past
516 5116 624 5164 textum
643 5108 677 5165 de
692 5108 856 5182 archangelo
874 5112 1007 5172 Michaeie

208 5181 275 5237 satis
289 5196 356 5253 pure
375 5180 504 5247 relatam,
518 5179 669 5252 subjungit.
702 5181 784 5238 «liae
806 5183 888 5239 etiam
902 5186 1007 5258 placuit

209 5250 255 5307 die
269 5259 370 5309 sancia
394 5253 489 5307 matris
503 5251 644 5318 Ecclesiae,
659 5258 691 5308 ut
709 5256 833 5309 omnium
848 5266 1006 5314 sanctarum

209 5324 369 5393 augelorum
391 5322 523 5379 memoria
537 5324 697 5380 solemniter
713 5333 817 5396 agatur,
833 5327 897 5398 quia
915 5344 1006 5385 uuus-

210 5396 324 5470 quisque
339 5393 484 5450 homiuum
507 5394 630 5452 creditur
657 5411 743 5451 unuin
758 5398 885 5469 angeium
906 5398 1005 5456 hahere

211 5463 293 5517 sibia
313 5466 371 5519 Deo
385 5464 545 5536 deputatum
561 5466 596 5522 ad
614 5467 778 5523 custodiam.
795 5470 877 5540 Apud
897 5469 1006 5527 Carno-

211 5539 281 5613 ttim,
297 5534 479 5613 natalesancti
491 5538 659 5610 sollempnis
668 5539 788 5611 episcopi
797 5542 1001 5599 eleoniessaris.

211 5602 262 5659 iiic
277 5603 393 5684 homini,
404 5607 573 5664 acclivitate
580 5625 661 5679 aaeca,
669 5610 752 5666 sardo
764 5618 791 5666 et
801 5618 888 5680 muto,
902 5614 1006 5670 arando

210 5675 312 5742 visum,
327 5675 453 5733 auditum
478 5685 505 5734 at
527 5678 665 5753 loquelam
685 5680 815 5738 restituit.
835 5682 1005 5742 Cladaveum

211 5761 320 5821 qnoque
335 5758 425 5816 regem
440 5748 608 5806 Francorum
622 5759 649 5807 et
662 5767 754 5810 secam
768 5760 905 5811 trecentas
923 5765 951 5813 et
964 5772 1004 5813 se·

205 5817 322 5895 arpinis
335 5824 464 5892 quatuor,
481 5817 554 5875 unda
568 5818 741 5894 baptismatis
763 5823 887 5884 initiavit
900 5844 908 5897 ;
923 5843 1004 5906 quein

1063 3558 1157 3625 pastea
1172 3549 1311 3622 Remigius
1327 3547 1474 3607 liemarum
1490 3547 1672 3623 episcopusin
1685 3564 1779 3624 regam
1792 3564 1862 3607 coii-

1063 3621 1189 3679 seeraiit.
1206 3645 1216 3671 i
1236 3623 1275 3678 De
1289 3638 1321 3702 eo
1339 3637 1421 3702 supra
1434 3628 1527 3676 actum
1542 3629 1583 3678 est
1597 3621 1625 3676 in
1643 3620 1786 3679 Auctariis
1796 3635 1861 3678 xxiv

1062 3701 1089 3751 et
1100 3709 1156 3749 iixv
1165 3692 1342 3774 Septembris:
1352 3691 1466 3747 historia
1476 3692 1564 3748 insius
1572 3691 1638 3749 aiibi
1645 3693 1860 3750 examinabitur.

1069 3765 1236 3830 «lubricis,
1248 3763 1502 3819 natalesanctorum
1514 3771 1583 3820 mart
1605 3781 1666 3820 rain
1676 3765 1782 3835 Eatici,
1794 3763 1861 3821 Plaii

1062 3835 1235 3891 stilicone.»
1247 3836 1286 3889 lie
1295 3834 1498 3890 Frateriiasatis
1506 3781 1697 3908 porcianus:
1714 3835 1860 3903 «Treueris,

1062 3905 1152 3963 sancti
1166 3906 1186 3960 L
1209 3905 1310 3961 ntivini
1326 3905 1417 3978 episeo
1438 3903 1446 3959 i
1462 3906 1673 3964 atcaniessaris.
1689 3932 1700 3958 r

1079 3978 1166 4058 ⁸iiiia.
1182 3922 1276 4059 guse,
1292 3976 1407 4059 ᾳιιίιιιιι
1419 3921 1726 4059 ῗιιειιιίιιιοιιιιιιιιις.
1745 3978 1860 4036 «Treie-

1062 4065 1111 4118 ris,
1123 4057 1210 4106 sancti
1221 4047 1348 4104 Liutnini
1358 4064 1478 4121 episcopi
1494 4059 1520 4106 et
1534 4050 1732 4112 confessoris·
1749 4050 1861 4108 Diversa

1062 4137 1133 4192 sape
1147 4119 1269 4191 ejusdem
1284 4118 1407 4175 nominis
1422 4118 1560 4178 formatio.
1577 4122 1648 4180 Vide
1661 4137 1724 4196 quie
1736 4122 1860 4180 diximus

1062 4192 1096 4248 ad
1111 4193 1208 4247 Diuic.
1224 4206 1315 4262 supra.

1097 4262 1549 4321 Marma.-Cmrus-Uiraiiecr.
1577 4282 1583 4320 ε
1623 4263 1800 4322 «Michaelis
1822 4279 1860 4320 ar·

1062 4333 1198 4405 changeii.
1214 4333 1336 4390 Lutwini
1347 4335 1468 4406 episcopi
1478 4335 1663 4392 Treveieusis.
1679 4337 1775 4393 Eutici
1785 4345 1860 4392 atsa-

1062 4405 1168 4461 ciarum
1179 4403 1239 4477 ejus
1249 4413 1413 4478 martyrum.
1424 4407 1549 4462 Frateriii
1557 4408 1676 4480 episcopi
1690 4407 1860 4465 etconlessa

1061 4476 1109 4532 ris.
1128 4502 1136 4525 ·
1157 4478 1197 4532 De
1211 4493 1265 4549 quo
1280 4478 1308 4532 in
1324 4477 1579 4534 Obseii'atianibus.

1096 4548 1127 4604 iu
1142 4547 1279 4604 Varicsn.
1300 4564 1377 4603 num.
1393 4547 1463 4605 aeta
1478 4548 1553 4606 deest
1566 4549 1703 4607 Fraterni.

1096 4618 1191 4674 Editio
1202 4619 1386 4677 Lunna-Coi.
1397 4619 1570 4676 deMichaele
1585 4628 1646 4693 past
1655 4628 1765 4677 textum
1776 4633 1861 4694 rimae

1061 4690 1095 4746 ad
1110 4691 1215 4758 uirtute,
1231 4689 1374 4762 adjungit:
1398 4714 1407 4737 ι
1422 4691 1453 4745 in
1467 4707 1521 4764 qua
1535 4698 1627 4748 tamen
1642 4693 1769 4748 omnium
1783 4707 1860 4764 auge·

1064 4761 1152 4816 iorum
1169 4763 1370 4818 solemnitatem
1393 4761 1500 4831 agimus
1520 4771 1548 4818 et
1559 4778 1655 4819 omues
1672 4763 1823 4820 adoramus
1835 4770 1861 4818 et

1020 4841 1044 4898 1)
1064 4831 1240 4887 honoramus.
1264 4834 1295 4888 ln
1320 4834 1445 4902 Thracia,
1462 4836 1551 4891 natale
1575 4842 1732 4892 sanctornm
1755 4834 1861 4904 liutici,

1062 4904 1135 4959 Piuti
1146 4911 1173 4957 et
1183 4904 1302 4959 Eracleaa
1313 4912 1476 4977 martyrum.
1489 4907 1693 4963 lamanasterio
1702 4905 1861 4974 Meiasensi,

1058 4973 1140 5100 jriiiita
1163 4975 1315 5055 Treeierim,
1339 4975 1474 5048 depositio
1498 4977 1586 5035 sanati
1601 4976 1724 5034 butwini
1738 4976 1860 5106 eXisaapl

1085 5061 1236 5101 nevarensis
1258 5054 1285 5102 et
1299 5047 1472 5103 confessoris.
1488 5049 1541 5115 Oui
1565 5050 1655 5121 primo
1670 5049 1725 5106 fuit
1770 5064 1809 5106 ux
1832 5063 1860 5104 in

1061 5116 1177 5173 Francia
1191 5125 1217 5172 et
1233 5119 1429 5174 monasterium
1451 5119 1554 5175 ibidem
1569 5128 1743 5188 construeris,
1761 5135 1861 5177 mana-

1061 5187 1129 5244 chus
1144 5188 1232 5243 lactus
1251 5195 1309 5245 est:
1331 5189 1430 5246 deinde
1445 5190 1620 5248 Treverensis
1636 5191 1861 5266 archiepiscopus

1060 5259 1102 5327 lit,
1122 5261 1217 5314 multis
1231 5261 1338 5316 clarens
1353 5262 1503 5331 miraculis,
1524 5270 1551 5318 et
1565 5264 1743 5345 postmodum
1755 5263 1787 5321 in
1801 5265 1861 5321 no-

1061 5333 1137 5387 mino
1151 5331 1267 5403 quievit.
1280 5331 1471 5400 Autisiadoro,
1486 5344 1573 5391 sanati
1588 5336 1714 5391 Fraterui
1724 5334 1859 5408 episcopi,

1060 5403 1617 5478 quemtiadunteodemdieinteremptum
1637 5407 1861 5490 quoepiscapum

1059 5474 1228 5554 ordinatum.
1250 5475 1358 5542 Trecas,
1372 5476 1444 5531 beati
1460 5477 1584 5534 Ursiaiiis
1594 5478 1736 5548 monachi,
1750 5488 1862 5536 atean-

1059 5544 1180 5601 iessaris.
1192 5545 1296 5602 Eodem
1305 5546 1359 5614 die,
1374 5547 1463 5604 sancti
1475 5548 1604 5605 blandini
1618 5548 1817 5607 confessorias·

1095 5616 1221 5673 Gnavsn.
1236 5635 1242 5673 :
1259 5618 1506 5675 «itemsanctomm
1514 5620 1629 5689 Placidi,
1639 5617 1860 5696 Sosii,Aqaiiini

1058 5687 1190 5769 episcopi.
1207 5687 1342 5758 Treveris,
1358 5690 1445 5747 sancti
1462 5691 1592 5749 Ludwini
1610 5692 1861 5768 episcopiorum

1059 5757 1180 5816 lassaris.
1204 5760 1271 5815 item
1286 5762 1438 5819 secundum
1452 5762 1632 5847 Cathelagum
1648 5763 1706 5836 hic,
1719 5764 1861 5839 depositio

1058 5829 1146 5888 saneti
1168 5829 1284 5889 Maximi
1305 5832 1436 5909 liegeusis
1455 5834 1589 5910 episcopi,
1611 5851 1696 5913 qaam
1718 5834 1860 5897 nmmos
