3834 6136
125 177 183 235 825

671 171 992 231 MAHFYHOLOGIUM.
1011 205 1047 216 -
1065 174 1170 232 MENS.
1190 175 1270 233 DEC.

125 302 242 363 Parthis
264 307 293 356 et
307 298 395 356 Medis
413 298 574 370 praedicans,
594 312 690 369 passus
703 304 745 352 est
769 297 798 352 iii
818 296 896 352 India
913 315 932 354 v
947 305 973 364 Α
1027 300 1215 356 Fauianam:
1249 324 1258 348 ‹
1276 300 1444 368 catalaunis,
1458 303 1545 359 sancti
1569 304 1703 372 Memmii,
1719 305 1783 377 epi-

124 378 221 434 Nonas
243 371 322 427 Julii.
340 369 447 441 Corpus
471 368 530 440 ejus
551 370 581 424 iii
602 369 753 435 civitatem,
774 384 856 440 quain
876 368 931 424 Siri

126 447 256 505 Edissam
268 447 380 507 vocant,
392 441 556 495 translatum
570 446 621 507 est,
631 438 724 511 ibique
734 438 932 512 dignohanore

125 517 278 590 sepultum.
301 510 492 578 Catbalaunis,
516 510 603 566 sancti
618 510 741 565 Memmii
765 510 886 592 episcopi
904 517 932 566 et

126 584 307 651 confessoris,
327 581 411 654 primi
431 581 555 637 civitatis
573 581 660 637 illius.
681 605 690 628 i
717 580 787 637 Vide
806 581 931 639 codicem

177 665 300 714 rientem.
316 653 348 708 ln
364 652 463 734 ultima
482 668 567 724 purus
582 658 633 707 est.

186 741 357 788 nonius..
377 740 406 778 in
417 739 507 794 prima
518 731 660 794 utcunque
670 738 767 794 purus,
778 723 819 780 sic
839 739 930 795 prose·

124 802 242 874 quitur:
266 821 275 844 ι
290 797 395 862 Roma,
408 793 496 850 sancti
509 792 757 865 Innocentiipapae.
772 793 825 859 Qui
840 793 932 850 decre-

123 873 166 927 vit
176 870 306 927 osculum
316 866 392 938 pacis
408 865 442 921 ad
457 866 568 920 missam
578 864 649 932 dari,
660 879 692 919 ac
701 865 762 919 oleo
772 872 930 921 consecrato

143 959 175 998 ro
189 939 313 997 infirmis
327 937 369 992 uti
384 935 542 991 constituit
560 959 569 981 ι
591 934 609 990 S
645 934 723 990 uitur
737 936 771 991 de
784 936 888 990 luanne
903 944 931 991 et

123 959 217 1071 Festo.
234 1010 326 1066 Tum:
352 1032 360 1054 ι
378 1008 409 1063 lii
426 1007 551 1073 Eraclea,
563 1014 653 1061 natae
667 1005 755 1063 sancti
770 1006 846 1062 Passi
860 1022 930 1061 mar·

123 1085 208 1157 tyris.
218 1079 421 1146 Cathallaunis,
432 1076 569 1148 depositio
577 1077 664 1132 sancti
675 1077 798 1132 Memmii
808 1076 930 1158 episcopi

124 1155 221 1228 primi,
237 1152 281 1209 illi
301 1150 409 1207 civitati
425 1148 458 1204 ab
474 1147 542 1203 urbe
557 1148 643 1203 lloma
656 1147 766 1203 directi.
783 1147 835 1214 Qui
859 1149 930 1203 inter

125 1226 180 1281 alia
189 1224 338 1279 innumera
348 1217 929 1290 miraculamortuumsuscitavit,aujusque

124 1311 203 1352 nunc
222 1293 382 1364 sepulcrum
402 1290 545 1345 miraculis
564 1289 740 1345 creberrimis
758 1290 927 1345 illustratur.

125 1365 268 1432 Treveris,
283 1362 370 1419 sancti
385 1360 532 1431 zepherini
547 1359 669 1431 episcopi
680 1366 706 1416 et
720 1361 895 1417 confessoris.
913 1384 922 1406 ι

126 1437 198 1494 Vide
212 1435 303 1491 infra:
332 1456 341 1479 ‹
361 1432 397 1487 Et
413 1429 491 1498 alibi,
509 1437 667 1487 sanctoruni
683 1431 772 1499 Faces,
789 1431 875 1487 Florii
902 1439 929 1486 et

125 1506 263 1563 Honorati
281 1504 472 1583 episcoporum
496 1509 523 1557 et
548 1503 778 1558 confessorum.»
811 1502 930 1558 Nomina

128 1579 160 1634 in
188 1575 328 1633 codicibus
352 1572 582 1644 Hieronymianis
600 1573 726 1640 invenio,
750 1574 848 1629 titulos
873 1589 929 1628 non

129 1649 210 1704 item.

166 1720 364 1774 nicasium:
398 1739 407 1762 ι
426 1717 457 1771 lii
478 1715 567 1782 India,
589 1716 679 1787 passio
694 1715 781 1771 sancti
804 1714 925 1781 Thamar,

125 1789 208 1846 electi
222 1788 274 1843 Dei
286 1787 414 1858 apostoli,
431 1787 477 1857 qui
493 1787 563 1840 tanti
578 1786 696 1842 fervoris
710 1785 811 1842 ararad
826 1785 928 1841 Domi-

125 1875 205 1926 num,
222 1858 314 1914 adbuc
328 1859 450 1913 incarne
465 1857 642 1925 existentem,
655 1856 800 1930 quodcum
813 1873 845 1912 eo
857 1856 927 1911 mori

124 1931 227 1998 voluit,
244 1929 349 1986 etalios
364 1929 494 1984 similiter
504 1928 593 1985 iacere
608 1928 734 1983 hortatus
747 1937 798 1995 est,
816 1926 926 1999 quando

124 2001 158 2058 ad
168 1999 408 2058 resuscitationem
418 1999 511 2054 Lazari
523 1999 658 2055 Dominus
668 1999 709 2054 ire
719 2000 819 2066 voluit,
835 2023 843 2045 ι
860 2005 926 2065 etc,

125 2087 187 2145 quai
201 2071 267 2128 vide
282 2070 355 2142 apud
369 2071 492 2126 Surium.
509 2069 579 2124 Tum
599 2086 672 2125 nova
688 2070 835 2126 contusio:
867 2095 876 2116 ι
895 2070 927 2124 lii

125 2143 242 2200 civitate
253 2142 378 2209 Treveri,
388 2142 476 2197 sancti
490 2141 584 2197 Severi
594 2141 715 2213 episcopi
726 2150 752 2196 et
762 2139 927 2196 confessoris

126 2213 250 2270 e'usdem
264 2212 397 2269 civitatis.
411 2213 465 2281 Qui
475 2212 508 2268 de
523 2212 638 2268 civitate
647 2208 761 2266 'Freveri
772 2212 887 2266 veniens
897 2210 926 2264 in

132 2231 324 2366 Aquitaniam,
333 2284 407 2339 unde
418 2291 499 2339 natus
510 2290 577 2346 erat,
584 2283 641 2354 jain
652 2299 735 2338 senex
754 2283 926 2354 pergratiam

125 2357 188 2423 Dei,
203 2372 285 2429 qnam
300 2355 368 2411 iiise
382 2355 491 2422 babuit,
506 2370 602 2409 omnes
613 2370 682 2426 quos
697 2353 770 2408 vidit
783 2353 925 2425 cognovit,

125 2443 160 2483 ex
183 2426 297 2482 nomine
315 2427 428 2498 proprio
448 2427 512 2480 illos
531 2425 675 2492 salutavit,
692 2434 718 2480 et
740 2425 814 2496 quod
839 2423 927 2494 majus

125 2504 195 2565 erat,
218 2513 264 2554 eos
287 2513 356 2571 quos
377 2497 509 2567 cognovit
522 2495 654 2564 exterius,
671 2495 780 2549 eosdem
796 2494 928 2565 cognovit

126 2568 256 2636 interius,
273 2568 311 2623 ita
327 2575 358 2623 ut
381 2567 508 2639 pluribus
528 2583 635 2634 eorum,
661 2582 723 2620 suas
745 2565 926 2636 cogitationes

125 2637 213 2694 bonas
226 2646 275 2694 aut
291 2640 377 2694 malas
388 2638 527 2710 proderet,
538 2645 565 2692 et
579 2638 678 2709 plenus
689 2636 771 2692 bonis
786 2636 926 2706 operibus,

126 2709 231 2765 ibidem
246 2709 317 2765 obiit
339 2709 368 2765 in
392 2725 468 2781 pace.
484 2707 589 2762 Eodem
608 2708 653 2763 die
672 2706 746 2788 apud
766 2705 925 2774 Thusciam,

127 2781 219 2835 natale
234 2787 391 2836 sanctorum
412 2787 566 2851 martyrum
583 2779 717 2833 lobannis
740 2784 767 2833 et
786 2779 870 2833 Festi.
895 2779 927 2832 lii

125 2851 242 2907 Eraclea
256 2852 380 2919 civitate,
392 2851 480 2907 sancti
493 2850 568 2905 Passi
583 2850 724 2921 martyris.
746 2874 755 2895 ι

164 2924 326 2984 Aoorcmu‘r.
338 2923 366 2976 in
376 2922 430 2977 tine
443 2922 536 2977 subdit
551 2937 557 2974 :
580 2944 588 2966 ι
605 2923 635 2976 ln
647 2936 714 2992 pago
725 2920 924 2988 cavillonensi,

126 2992 361 3064 sanctiCypriani
376 2993 511 3049 abbatis.»
532 2991 699 3048 Notatusest
714 2990 773 3046 beri
788 2998 815 3044 et
828 2992 931 3046 nudius
947 3011 969 3070 ρ
985 2991 1015 3044 ln
1031 2990 1200 3045 editionibus

128 3065 246 3129 tertius,
260 3062 308 3117 sed
319 3062 410 3118 adhuc
423 3077 513 3133 quaero
524 3063 587 3135 quis
601 3063 647 3118 sit.

165 3131 625 3190 mirsia.-ciiiriias.-Uiraiiacr.
640 3153 645 3190 :
663 3132 929 3205 ‹Thomaeapostoli

127 3203 247 3258 ioannis
257 3213 284 3258 et
297 3204 368 3259 Festi
382 3212 542 3277 martyrum.
562 3231 571 3253 ι

990 371 1063 451 scopi
1090 371 1184 496 primi,
1203 371 1237 427 ab
1252 372 1319 428 urbe
1339 374 1425 428 Roma
1443 372 1550 453 directi.
1567 372 1619 440 Qui
1640 376 1712 454 inter
1728 376 1784 433 alia

986 457 1119 497 miracua
1140 443 1226 498 terior
1247 451 1387 499 mortuum
1413 451 1576 510 suscitasse,
1605 461 1684 516 cujus
1707 463 1782 504 nunc

986 513 1143 583 sepulcrum
1157 513 1331 569 creberrimis
1343 513 1483 569 miraculis
1496 514 1661 570 illustratur.
1680 539 1689 562 ·
1711 517 1782 574 Vide

985 581 1060 640 dicta
1075 583 1211 655 superius,
1225 583 1276 639 sub
1288 585 1369 639 linem
1380 584 1622 641 Observationum.
1633 584 1761 659 Sequitur
1773 605 1779 642 :

993 677 1002 701 ‹
1022 655 1123 720 Romae,
1138 653 1292 722 Nicodemi,
1308 655 1355 727 qui
1372 663 1531 712 sanctorum
1547 664 1701 728 martyrum
1716 672 1783 713 cor-

985 740 1061 796 pora,
1077 725 1183 782 scilicet
1207 725 1326 793 Claudii,
1341 725 1500 793 Nicostrati,
1517 726 1634 784 Castorii
1659 734 1686 783 et
1705 726 1784 783 Siin-

985 795 1073 867 plicii,
1094 795 1128 852 de
1139 796 1225 852 fluvio
1236 803 1368 864 extracta,
1388 795 1464 852 domi
1478 814 1534 853 sua
1552 797 1691 870 sepelivit,
1707 804 1740 854 ut
1753 798 1782 853 in

985 867 1067 936 gestis
1077 883 1171 922 eorum
1183 868 1292 939 legitur.
1308 893 1317 914 ι
1335 867 1406 923 Vide
1416 867 1782 941 dictorumgestorumcom·

984 937 1117 1062 Raudium
1137 937 1210 1008 apud
1229 936 1354 994 Adonem
1369 956 1420 994 viii
1439 939 1613 1008 Novembris,
1629 939 1678 996 ubi
1700 947 1728 995 et
1747 939 1781 995 de

1010 1008 1133 1064 icodemo
1150 1009 1250 1080 agitur.

1020 1079 1115 1135 Editio
1138 1079 1336 1139 haereo-Coi.
1359 1084 1398 1138 De
1413 1081 1520 1137 Thoma
1538 1080 1626 1150 addit,
1658 1080 1781 1154 «ibique

985 1148 1068 1221 digno
1082 1148 1186 1205 bonore
1200 1152 1344 1207 conditum
1362 1160 1413 1208 est.
1430 1154 1462 1207 ln
1477 1151 1588 1220 Tuscia,
1608 1152 1698 1208 natale
1713 1167 1783 1209 san-

984 1230 1092 1277 ctorum
1107 1221 1241 1278 lobannis
1262 1231 1290 1277 et
1309 1223 1382 1278 Festi
1400 1224 1599 1280 confessorum.
1616 1224 1647 1278 ln
1669 1224 1782 1278 Hraclea

983 1292 1106 1359 civitate,
1118 1292 1208 1346 natale
1223 1294 1310 1349 sancti
1325 1293 1399 1349 Passi
1416 1294 1554 1365 martyris.
1574 1292 1709 1359 Treveris,
1721 1308 1781 1348 san·

984 1362 1020 1418 cti
1037 1362 1177 1487 rSeverini,
1193 1364 1306 1420 secundi
1327 1364 1449 1435 ejusdem
1473 1363 1597 1419 civitatis
1615 1363 1737 1436 episcopi
1752 1370 1779 1419 et

983 1448 1036 1488 con
1049 1448 1185 1489 essoris·

1020 1503 1163 1560 Gravia:
1193 1506 1249 1560 «ln
1275 1506 1397 1571 Eraclea,
1423 1506 1511 1561 sancti
1533 1505 1609 1561 Passi
1638 1504 1778 1576 martyris.

984 1576 1051 1630 ltem
1070 1585 1229 1631 sanatorum
1250 1578 1337 1642 Focari,
1355 1577 1498 1632 Honorati.
1521 1577 1626 1643 Romae,
1645 1574 1781 1648 depositio

941 1646 965 1705 B
982 1646 1068 1700 sancti
1085 1647 1239 1703 innocentii
1255 1647 1387 1719 episcopi.
1403 1649 1472 1703 ltem
1487 1647 1638 1704 secundum
1655 1647 1779 1703 Adonem

985 1717 1040 1782 hic,
1057 1716 1245 1783 Cathalaiinis‚
1261 1719 1348 1773 sancti
1364 1719 1486 1773 Memmii
1497 1719 1619 1791 episcopi
1650 1717 1726 1784 rimi,
1737 1716 1779 1771 illi

983 1787 1089 1843 civitati
1114 1789 1147 1843 ab
1163 1790 1229 1844 urbe
1243 1788 1330 1844 Roma
1344 1789 1453 1856 directi,
1470 1791 1516 1861 qui
1533 1790 1607 1844 inter
1621 1734 1675 1844 azia
1699 1803 1780 1842 mor-

983 1866 1061 1912 tuum
1086 1859 1241 1926 suscitavit,
1256 1858 1337 1915 cu'us
1356 1859 1438 1915 etiam
1454 1876 1528 1915 nunc
1542 1861 1700 1931 sepulcrum
1715 1873 1781 1914 cre-

983 1927 1112 1984 berrimis
1127 1929 1268 1986 miraculis
1280 1931 1287 1984 i
1303 1931 1446 1986 lustratur.
1460 1931 1538 1986 Hunc
1549 1929 1689 1985 Usuardns
1699 1927 1781 1984 habet

982 1999 1069 2056 Nonis
1092 2000 1219 2070 Augusti.
1245 1998 1381 2067 Treveris,
1407 2000 1479 2056 beati
1501 2001 1626 2055 Severini
1655 1997 1780 2064 secundi,

982 2070 1104 2141 episcopi
1127 2078 1155 2126 et
1168 2072 1344 2139 contessoris,
1362 2071 1410 2144 qui
1429 2078 1457 2126 et
1478 2070 1596 2126 Severus
1618 2070 1710 2126 dictus
1729 2074 1780 2123 est.

983 2141 1051 2196 item
1072 2141 1224 2198 secundum
1251 2141 1431 2214 Cathalogum
1461 2141 1518 2208 hic,
1543 2140 1677 2196 memoria
1707 2138 1781 2194 beati

983 2212 1110 2281 Dionysii
1125 2213 1257 2284 episcopi,
1273 2212 1404 2284 discipuli
1420 2214 1508 2268 sancti
1526 2212 1638 2267 Thema
1652 2208 1780 2283 apostoli,

983 2289 1010 2337 et
1025 2283 1139 2353 Pelagius
1155 2283 1218 2338 tiliae
1236 2284 1317 2353 regis,
1334 2299 1440 2353 sponsae
1457 2300 1523 2350 suae,
1538 2299 1608 2354 quos
1622 2283 1695 2337 idem
1710 2296 1782 2352 apo-

982 2354 1070 2408 stolus
1084 2355 1232 2409 convertit.
1249 2354 1400 2425 Dionysius
1419 2361 1511 2408 autern
1527 2351 1702 2423 postmodum
1718 2351 1781 2421 epi-

983 2439 1081 2503 scopas
1093 2423 1246 2489 ordinatus,
1260 2421 1549 2495 plenussanctitatead
1560 2422 1709 2477 Dominum
1722 2435 1781 2491 per-

983 2501 1071 2549 rexit:
1090 2495 1196 2565 Pelagia
1209 2511 1276 2550 vero
1290 2511 1366 2550 sacro
1381 2494 1519 2549 velamine
1533 2499 1701 2557 consecrata,
1719 2498 1781 2561 pust

982 2562 1042 2635 ejus
1058 2565 1174 2632 obitum,
1190 2582 1253 2622 cum
1265 2581 1316 2621 nec
1330 2564 1434 2621 nubere
1448 2563 1543 2630 vellet,
1558 2578 1610 2619 nec
1626 2561 1779 2628 immolare,

983 2651 1014 2692 ca
1034 2637 1072 2691 ite
1088 2637 1167 2707 plexa
1187 2636 1353 2708 martyrium
1373 2635 1533 2715 complevit.
1553 2658 1562 2681 ι

1046 2723 1127 2763 ouis.
1144 2708 1172 2761 iri
1186 2707 1259 2763 sine:
1284 2707 1473 2774 «Catalacum,
1488 2703 1577 2762 sancti
1593 2702 1716 2758 Memmii
1726 2701 1782 2773 epi·

983 2778 1068 2849 scopi,
1093 2778 1175 2849 prinii
1192 2778 1233 2833 illi
1248 2777 1357 2835 civitati
1372 2777 1406 2833 ab
1421 2776 1488 2832 urbe
1503 2777 1590 2832 Roma
1606 2773 1717 2840 directi,
1734 2772 1781 2854 qui

982 2848 1055 2904 inter
1078 2849 1131 2904 alia
1146 2849 1292 2904 innumera
1317 2849 1451 2904 miracula
1470 2853 1611 2901 mortuum
1626 2844 1780 2900 suscitavit.

984 2919 1088 2974 Eodem
1104 2919 1159 2985 die,
1173 2921 1262 2976 sancti
1277 2920 1401 2975 Severini
1422 2917 1543 2989 episcopi
1559 2915 1746 2971 Treverensis.
1764 2938 1774 2960 ι

1216 2990 1418 3116 gusterioribus
1433 2996 1522 3044 exstat
1538 2987 1591 3044 hoc
1608 2987 1698 3042 solum
1711 3002 1783 3056 aug-

985 3069 1107 3116 mentum
1121 3079 1126 3116 :
1150 3085 1159 3106 ‹
1175 3063 1215 3116 Eo
1236 3078 1277 3116 eni
1290 3061 1344 3128 die,
1356 3060 1442 3116 sancti
1454 3058 1578 3115 Severini
1589 3057 1714 3121 secundi,
1727 3055 1782 3127 epi·

986 3132 1061 3203 scopi
1077 3132 1249 3187 Treverensi.
1268 3156 1277 3178 ι
1300 3130 1370 3187 Vide
1385 3131 1512 3186 Gnaviiii.

124 3422 164 3477 xi
177 3421 239 3476 Kal.

1676 3408 1726 3465 Die
1738 3406 1783 3464 22.

162 3515 258 3569 Hamae
277 3510 322 3565 via
347 3509 485 3565 lavicana
501 3508 573 3564 inter
588 3508 657 3562 duas
679 3509 780 3574 lauras,
808 3506 908 3562 natalis
929 3504 1044 3577 triginta
1063 3510 1230 3575 martyrum,
1250 3503 1297 3574 qui
1325 3516 1495 3557 omnesaue
1521 3500 1566 3555 die
1590 3496 1782 3571 persecutione

124 3598 293 3656 Diocletiani
301 3597 430 3653 coronati
445 3602 519 3650 sunt.
531 3595 718 3662 Alexandriae,
734 3595 807 3651 beati
823 3594 994 3666 ischyrionis
1008 3594 1149 3664 martyris.
1165 3593 1191 3646 ls
1205 3607 1269 3647 cum
1280 3590 1315 3647 ad
1325 3589 1537 3646 sacrificandum
1547 3585 1691 3643 blanditiis
1702 3591 1783 3656 atque

126 3684 240 3756 injuriis
253 3690 408 3755 cogeretur,
420 3690 446 3737 et
460 3688 649 3737 contemneret
664 3700 670 3748 ;
687 3689 823 3752 praeaauta
837 3680 904 3735 sude
917 3681 1154 3738 transverberatus
1168 3695 1215 3751 per
1226 3678 1343 3747 viscera,
1352 3679 1412 3735 neci
1420 3677 1549 3734 traditur.
1565 3674 1684 3733 Civitate
1694 3673 1782 3742 Ostia,

125 3781 286 3831 sauctorum
301 3772 445 3840 Demetrii,
463 3771 595 3827 Honorati
610 3779 638 3829 et
650 3773 734 3827 Flori.
754 3771 912 3845 [bouillart.
927 3790 933 3828 :
946 3776 958 3804 ¹
972 3771 1092 3830 Civitate
1109 3769 1214 3837 Hostia,
1225 3768 1314 3824 sancti
1332 3766 1460 3840 Basilei]

894 3903 1011 3961 NDFAE.

162 4006 205 4061 lta
218 4005 366 4072 Herinien.,
385 4006 542 4072 Tainaron,
554 4004 683 4074 Antnarp.
700 4011 727 4059 et
739 4003 943 4072 Mam-Labeo,
959 4005 1105 4071 Munerat,
1119 4004 1219 4072 Belin,
1243 4005 1354 4059 Greaen.
1373 4008 1400 4058 et
1414 4000 1517 4059 Mutari.

162 4152 174 4179 ·
190 4142 289 4198 Fateor
308 4139 448 4195 Basileum
461 4139 508 4195 hic
518 4155 573 4196 non
590 4138 752 4195 beneluissc
762 4138 796 4194 ab
808 4139 930 4195 Usuardo

123 4211 408 4267 annuntiatumNam
419 4211 442 4265 si
454 4209 805 4283 Hieronymianosindices
818 4218 930 4267 secutus

124 4290 177 4350 est,
193 4282 314 4338 scribere
333 4280 447 4337 debuit:
470 4282 580 4337 Ciuitate
599 4281 703 4347 Hostia,
721 4282 770 4337 SS.
791 4281 928 4349 Demetrii,

123 4353 260 4409 Honorati
272 4356 355 4479 §nam
370 4351 403 4407 de
419 4353 501 4408 Floro
516 4354 592 4408 nulla
608 4352 712 4407 mentio
726 4350 755 4406 in
772 4359 929 4423 pervetusto

125 4433 224 4480 nostro
237 4440 271 4480 co
291 4425 367 4493 icc),
386 4432 434 4478 aut
450 4423 473 4478 si
491 4423 630 4478 basileum
644 4423 756 4478 animus
771 4430 828 4477 crat
848 4437 930 4478 cum-

126 4510 291 4561 memorare‚
319 4509 374 4548 nun
389 4494 511 4548 Hostiam
531 4493 578 4548 sed
601 4493 771 4547 Antiochiam
785 4492 928 4548 civitatem

125 4564 261 4636 assignari
284 4562 438 4635 oportebat.
455 4563 594 4630 Quaerenti
612 4562 695 4634 hujus
709 4564 791 4618 errati
806 4578 928 4631 causam,

127 4636 157 4690 in
173 4644 296 4691 mentem
311 4634 394 4689 rediit
407 4635 462 4689 diei
476 4652 524 4689 xxi
533 4633 709 4701 Novembris,
727 4633 772 4688 ubi
788 4635 926 4714 legeram:

128 4706 243 4763 Ciuitate
256 4706 361 4772 Hostia,
377 4712 529 4760 sanatorum
542 4712 690 4776 martyram
706 4704 834 4759 Demetrii
841 4711 865 4758 et
876 4705 928 4761 Ho-

124 4777 209 4832 norii'.
225 4775 325 4832 Statim
340 4775 433 4831 evolvi
451 4785 577 4831 nostrum
592 4775 804 4846 Hieronymiani
820 4775 928 4847 Marty-

126 4847 228 4917 rologii
252 4845 376 4902 codicem
398 4846 446 4920 qui
468 4847 502 4901 ad
528 4855 635 4902 antem
659 4845 777 4903 Usuardi
802 4846 928 4918 proxime

123 4917 244 4982 accedit,
260 4933 397 4990 quemque
415 4917 567 4973 verisimile
587 4926 628 4974 est
643 4933 678 4973 ex
692 4917 744 4972 illo
757 4919 928 4989 exscriptum

983 4140 1119 4207 versibus,
1153 4140 1264 4205 Hostiae,
1290 4140 1336 4194 SS.
1368 4138 1539 4193 Demetrium
1563 4144 1590 4192 ct
1618 4134 1784 4203 Honorium,

983 4209 1150 4277 Antiochiae,
1166 4217 1292 4265 sanctum
1307 4208 1456 4274 basileum,
1472 4207 1526 4261 hoc
1540 4221 1596 4260 uno
1611 4205 1784 4273 discrimine,

983 4280 1058 4353 qaod
1073 4297 1132 4335 xxii
1147 4278 1306 4336 Decembris
1322 4293 1372 4350 pro
1388 4275 1525 4332 Honorias
1541 4276 1648 4345 legatur
1663 4276 1784 4330 Honora·

984 4359 1033 4405 tas.
1052 4349 1187 4422 Equidem
1198 4349 1320 4418 conjicio
1332 4364 1367 4402 ex
1378 4347 1427 4402 illa
1440 4351 1600 4401 sanctorum
1617 4343 1786 4468 urbiumque

983 4419 1168 4478 similitudine
1188 4434 1309 4475 errarem
1338 4418 1463 4472 fluxisse.
1489 4417 1615 4471 Fortasse
1645 4414 1734 4470 Usuar
1753 4430 1786 4469 us

983 4493 1129 4548 articulum
1154 4505 1234 4545 suurn
1249 4490 1384 4545 clauserat
1398 4487 1444 4542 SS.
1466 4484 1598 4541 Demetrii
1611 4492 1637 4540 et
1653 4484 1786 4538 Honorati

982 4561 1255 4619 commemoratione.
1273 4560 1369 4614 Postea
1381 4559 1410 4612 in
1427 4556 1588 4614 memoriam
1604 4553 1713 4611 redieris
1728 4569 1785 4609 eos·

983 4634 1044 4689 dein
1063 4640 1171 4689 sanctos
1186 4648 1236 4686 xxi
1256 4631 1300 4687 die
1315 4629 1479 4685 Novembris
1498 4627 1583 4683 luisse
1596 4625 1783 4696 consignatos,

983 4704 1083 4760 vitium
1098 4703 1240 4775 scriptoris
1254 4701 1409 4773 suspicatus
1427 4700 1531 4756 delevit
1546 4697 1619 4771 quod
1636 4697 1786 4768 scripserat

984 4775 1060 4847 (nain
1075 4773 1144 4830 falso
1155 4774 1264 4829 monuit
1274 4771 1561 4830 Castellaniisnullam
1575 4785 1634 4826 esse
1646 4767 1785 4839 lituram),

983 4855 1107 4903 sanctum
1123 4845 1262 4901 Basileum
1272 4843 1443 4916 subrogavit,
1458 4850 1485 4898 et
1496 4842 1635 4898 memoria
1645 4840 1723 4912 lapsu
1735 4853 1786 4908 pro

983 4917 1124 4974 Antiochia
1140 4916 1249 4988 scripsit
1270 4916 1374 4972 Hostia.
1394 4915 1429 4970 Ut
1444 4925 1475 4972 ut
1490 4921 1540 4982 est,
1561 4912 1632 4968 nihil
1650 4909 1714 4964 inde
1730 4922 1787 4961 au-

125 5004 196 5055 esse,
221 5004 303 5060 quem
326 4988 466 5044 Usuardns
486 4988 514 5043 in
535 5005 585 5044 suo
607 4987 753 5044 scribendo
776 4989 928 5045 consuluit.
944 4995 968 5053 D
983 4989 1119 5046 ctoritatis
1128 4988 1232 5043 amittit
1241 4986 1379 5042 Pratensis
1389 4985 1477 5042 codex
1490 4985 1537 5060 qui
1548 4977 1712 5050 autographi
1723 4977 1786 5057 loco

126 5058 169 5115 Ibi
184 5066 304 5130 utroque
314 5059 369 5126 die,
381 5059 410 5115 id
421 5066 461 5115 est
471 5075 521 5114 axi
531 5058 696 5115 Novembris
709 5066 737 5114 et
747 5060 930 5115 xxiiDeceni·
986 5059 1142 5126 habebitur,
1157 5058 1246 5115 donec
1261 5065 1341 5114 erunt
1355 5057 1403 5128 qui
1418 5073 1453 5111 ex
1466 5057 1543 5111 fonte
1557 5052 1668 5108 haurire
1683 5047 1788 5102 malint

125 5129 197 5197 bris,
224 5138 392 5186 memoratos
418 5129 499 5186 video
516 5130 626 5188 eusdem
650 5136 759 5186 sanctos
782 5145 818 5185 en
833 5117 943 5185 iisdem'

986 5146 1068 5202 quani
1080 5130 1186 5185 rivulos
1198 5127 1360 5185 consectari.
1377 5127 1548 5182 Houiiinnr.

738 5252 942 5311 VAHIAN'FES
967 5253 1176 5312 LECTIONES.

164 5353 217 5409 Hic
227 5370 294 5409 usus
309 5370 370 5409 sum
385 5353 483 5423 majori
500 5353 636 5419 libertate,
648 5368 730 5424 quam
745 5367 861 5424 usquam
873 5359 932 5407 toto

124 5423 182 5481 boc
206 5440 298 5494 opere,
314 5425 484 5481 restituendo
503 5425 646 5495 proprium
666 5429 694 5477 et
712 5438 809 5477 verani
830 5438 932 5478 nomen

125 5497 304 5565 ischyrionis,
320 5496 394 5568 quod
409 5497 436 5550 in
451 5497 528 5551 nullo
542 5493 637 5552 codice
648 5494 794 5564 reperitur.
811 5493 930 5548 Puritnti

146 5568 276 5622 reximus
291 5574 349 5622 erat
369 5567 477 5623 Praten.
503 5583 550 5638 per
574 5564 737 5633 schyrionis,
759 5564 861 5619 Molan.
885 5580 932 5635 per

123 5584 286 5695 Sabinianis.
304 5637 458 5705 Herinien.,
473 5637 635 5703 Tornaceii,
656 5635 790 5690 Munerat.
813 5644 840 5690 et
859 5635 933 5691 Gre-

124 5724 193 5764 ven.
208 5708 336 5765 scribunt
348 5708 503 5775 Chirionis;
517 5707 619 5774 Belin,
638 5705 792 5777 Charianis,
806 5705 855 5761 alii
870 5705 930 5762 Chi·

987 5352 1101 5408 ridionis
1120 5352 1164 5406 vel
1191 5351 1329 5407 Scirionis.
1355 5348 1452 5405 Putavi
1468 5344 1689 5402 emendationem
1701 5342 1787 5424 'illam

989 5424 1056 5480 mibi
1077 5423 1180 5479 licitam
1196 5437 1263 5477 esse.
1280 5422 1332 5476 Pro
1348 5424 1486 5490 procantu
1505 5417 1578 5484 sude,
1597 5416 1625 5470 in
1643 5414 1787 5472 Herinien.

987 5502 1038 5563 est,
1047 5500 1106 5565 past
1115 5499 1202 5548 acuta.
1215 5490 1587 5563 TurpiuserrantAntuei·p.,
1596 5486 1787 5544 Mam-buben.

987 5572 1014 5620 et
1030 5565 1117 5620 Belin.
1135 5562 1201 5618 dum
1216 5563 1283 5618 duss
1298 5563 1458 5627 illasvoces,
1472 5565 1610 5631 praecata
1621 5557 1693 5625 sade,
1707 5557 1789 5628 plane

986 5635 1128 5690 coiittunt.
1145 5634 1196 5689 Hic
1214 5641 1312 5689 cetera
1325 5630 1473 5712 conjungo.
1490 5632 1529 5686 De
1549 5629 1702 5697 blandiciis,
1718 5644 1785 5682 can-

987 5711 1139 5776 capherei,
1156 5705 1262 5773 Hostia,
1278 5710 1342 5771 etc,
1360 5702 1426 5758 vide
1440 5700 1517 5759 alibi.
