<?xml version="1.0" encoding="UTF-8"?>
<!DOCTYPE html PUBLIC "-//W3C//DTD XHTML 1.0 Transitional//EN"
    "http://www.w3.org/TR/xhtml1/DTD/xhtml1-transitional.dtd">
<html xmlns="http://www.w3.org/1999/xhtml" xml:lang="en" lang="en">
 <head>
  <title>
</title>
<meta http-equiv="Content-Type" content="text/html;charset=utf-8" />
  <meta name='ocr-system' content='tesseract 3.04.00' />
  <meta name='ocr-capabilities' content='ocr_page ocr_carea ocr_par ocr_line ocrx_word'/>
</head>
<body>
  <div class='ocr_page' id='page_1' title='image "./patrologiaecurs76unkngoog_0340.png"; bbox 0 0 3834 6136; ppageno 0'>
   <div class='ocr_carea' id='block_1_1' title="bbox 145 220 1812 1572">
    <p class='ocr_par' dir='ltr' id='par_1_1' title="bbox 155 220 1812 571">
     <span class='ocr_line' id='line_1_1' title="bbox 169 220 1812 290; baseline 0.008 -13"><span class='ocrx_word' id='word_1_1' title='bbox 169 221 222 280; x_wconf 79' lang='lat' dir='ltr'>tou</span> <span class='ocrx_word' id='word_1_2' title='bbox 699 220 1018 282; x_wconf 79' lang='lat' dir='ltr'>uiutYuohouittit.</span> <span class='ocrx_word' id='word_1_3' title='bbox 1038 254 1073 266; x_wconf 97' lang='lat'><em>-</em></span> <span class='ocrx_word' id='word_1_4' title='bbox 1091 226 1195 283; x_wconf 77' lang='lat' dir='ltr'>MENS.</span> <span class='ocrx_word' id='word_1_5' title='bbox 1217 227 1294 284; x_wconf 80' lang='lat' dir='ltr'>OC&#39;l&#39;.</span> <span class='ocrx_word' id='word_1_6' title='bbox 1760 233 1812 290; x_wconf 82' lang='lat' dir='ltr'>eto</span> 
     </span>
     <span class='ocr_line' id='line_1_2' title="bbox 157 345 1811 433; baseline 0.009 -32"><span class='ocrx_word' id='word_1_7' title='bbox 157 346 267 407; x_wconf 76' lang='lat' dir='ltr'>indices</span> <span class='ocrx_word' id='word_1_8' title='bbox 288 345 387 402; x_wconf 83' lang='lat' dir='ltr'>mediae</span> <span class='ocrx_word' id='word_1_9' title='bbox 407 354 482 428; x_wconf 72' lang='lat' dir='ltr'>notas</span> <span class='ocrx_word' id='word_1_10' title='bbox 494 362 585 419; x_wconf 90' lang='lat' dir='ltr'>supra.</span> <span class='ocrx_word' id='word_1_11' title='bbox 602 346 673 402; x_wconf 79' lang='lat' dir='ltr'>&#39;lum</span> <span class='ocrx_word' id='word_1_12' title='bbox 690 346 729 429; x_wconf 77' lang='lat' dir='ltr'>⁸de</span> <span class='ocrx_word' id='word_1_13' title='bbox 742 347 863 421; x_wconf 76' lang='lat' dir='ltr'>Achilla,</span> <span class='ocrx_word' id='word_1_14' title='bbox 878 365 956 421; x_wconf 90' lang='lat' dir='ltr'>pure.</span> <span class='ocrx_word' id='word_1_15' title='bbox 973 353 999 412; x_wconf 85' lang='lat' dir='ltr'>A</span> <span class='ocrx_word' id='word_1_16' title='bbox 1046 352 1172 410; x_wconf 73' lang='lat' dir='ltr'>orriri.</span> <span class='ocrx_word' id='word_1_17' title='bbox 1187 372 1193 410; x_wconf 94' lang='lat'><strong>:</strong></span> <span class='ocrx_word' id='word_1_18' title='bbox 1215 378 1226 402; x_wconf 81' lang='grc' dir='ltr'>ι</span> <span class='ocrx_word' id='word_1_19' title='bbox 1241 355 1294 412; x_wconf 90' lang='lat' dir='ltr'>Iste</span> <span class='ocrx_word' id='word_1_20' title='bbox 1306 353 1402 410; x_wconf 90' lang='lat' dir='ltr'>heatus</span> <span class='ocrx_word' id='word_1_21' title='bbox 1412 355 1562 412; x_wconf 87' lang='lat' dir='ltr'>vir&#39;ardore</span> <span class='ocrx_word' id='word_1_22' title='bbox 1574 357 1638 414; x_wconf 90' lang='lat' dir='ltr'>lidei</span> <span class='ocrx_word' id='word_1_23' title='bbox 1653 359 1811 433; x_wconf 76' lang='lat' dir='ltr'>adevanqe·</span> 
     </span>
     <span class='ocr_line' id='line_1_3' title="bbox 156 417 1811 554; baseline 0.008 -80"><span class='ocrx_word' id='word_1_24' title='bbox 156 419 300 502; x_wconf 77' lang='lat' dir='ltr'>lienique:</span> <span class='ocrx_word' id='word_1_25' title='bbox 331 417 435 474; x_wconf 78' lang='lat' dir='ltr'>«Motis</span> <span class='ocrx_word' id='word_1_26' title='bbox 458 419 582 500; x_wconf 82' lang='lat' dir='ltr'>civitate,</span> <span class='ocrx_word' id='word_1_27' title='bbox 603 417 740 491; x_wconf 90' lang='lat' dir='ltr'>depositio</span> <span class='ocrx_word' id='word_1_28' title='bbox 754 420 842 477; x_wconf 87' lang='lat' dir='ltr'>sancti</span> <span class='ocrx_word' id='word_1_29' title='bbox 864 420 956 493; x_wconf 82' lang='lat' dir='ltr'>liupbi</span> <span class='ocrx_word' id='word_1_30' title='bbox 1010 422 1148 481; x_wconf 75' lang='lat' dir='ltr'>litandum</span> <span class='ocrx_word' id='word_1_31' title='bbox 1171 426 1305 554; x_wconf 55' lang='lat' dir='ltr'>pentibus</span> <span class='ocrx_word' id='word_1_32' title='bbox 1319 427 1475 496; x_wconf 85' lang='lat' dir='ltr'>Frisonum,</span> <span class='ocrx_word' id='word_1_33' title='bbox 1496 426 1530 483; x_wconf 92' lang='lat' dir='ltr'>de</span> <span class='ocrx_word' id='word_1_34' title='bbox 1544 428 1688 486; x_wconf 81' lang='lat' dir='ltr'>Britannia</span> <span class='ocrx_word' id='word_1_35' title='bbox 1715 447 1811 504; x_wconf 80' lang='lat' dir='ltr'>egres-</span> 
     </span>
     <span class='ocr_line' id='line_1_4' title="bbox 155 488 1811 571; baseline 0.007 -23"><span class='ocrx_word' id='word_1_36' title='bbox 155 507 280 566; x_wconf 87' lang='lat' dir='ltr'>episcopi</span> <span class='ocrx_word' id='word_1_37' title='bbox 295 488 511 571; x_wconf 79' lang='lat' dir='ltr'>etconfessoris.</span> <span class='ocrx_word' id='word_1_38' title='bbox 533 515 542 538; x_wconf 75' lang='grc' dir='ltr'><strong>ι</strong></span> <span class='ocrx_word' id='word_1_39' title='bbox 1010 511 1065 564; x_wconf 87' lang='lat' dir='ltr'>sus,</span> <span class='ocrx_word' id='word_1_40' title='bbox 1085 504 1116 552; x_wconf 93' lang='lat' dir='ltr'>ut</span> <span class='ocrx_word' id='word_1_41' title='bbox 1133 497 1170 553; x_wconf 89' lang='lat' dir='ltr'>Be</span> <span class='ocrx_word' id='word_1_42' title='bbox 1190 513 1206 553; x_wconf 90' lang='lat' dir='ltr'>a</span> <span class='ocrx_word' id='word_1_43' title='bbox 1230 496 1301 553; x_wconf 90' lang='lat' dir='ltr'>libro</span> <span class='ocrx_word' id='word_1_44' title='bbox 1326 515 1344 551; x_wconf 90' lang='lat' dir='ltr'>v</span> <span class='ocrx_word' id='word_1_45' title='bbox 1359 498 1453 569; x_wconf 83' lang='lat' dir='ltr'><strong>refert,</strong></span> <span class='ocrx_word' id='word_1_46' title='bbox 1478 499 1512 554; x_wconf 86' lang='lat' dir='ltr'>ad</span> <span class='ocrx_word' id='word_1_47' title='bbox 1527 499 1660 571; x_wconf 87' lang='lat' dir='ltr'>Pepinum</span> <span class='ocrx_word' id='word_1_48' title='bbox 1686 502 1811 560; x_wconf 85' lang='lat' dir='ltr'>Franco-</span> 
     </span>
    </p>

    <p class='ocr_par' dir='ltr' id='par_1_2' title="bbox 145 560 1811 1572">
     <span class='ocr_line' id='line_1_5' title="bbox 188 560 1809 644; baseline 0.007 -25"><span class='ocrx_word' id='word_1_49' title='bbox 188 563 396 642; x_wconf 58' lang='lat' dir='ltr'>nicanorus,</span> <span class='ocrx_word' id='word_1_50' title='bbox 412 576 441 616; x_wconf 92' lang='lat' dir='ltr'>in</span> <span class='ocrx_word' id='word_1_51' title='bbox 463 576 552 633; x_wconf 90' lang='lat' dir='ltr'>prima</span> <span class='ocrx_word' id='word_1_52' title='bbox 574 561 642 616; x_wconf 89' lang='lat' dir='ltr'>satis</span> <span class='ocrx_word' id='word_1_53' title='bbox 665 577 761 644; x_wconf 88' lang='lat' dir='ltr'>purus,</span> <span class='ocrx_word' id='word_1_54' title='bbox 786 563 826 619; x_wconf 89' lang='lat' dir='ltr'>sic</span> <span class='ocrx_word' id='word_1_55' title='bbox 849 560 953 644; x_wconf 67' lang='lat' dir='ltr'>pergitg</span> <span class='ocrx_word' id='word_1_56' title='bbox 1010 583 1072 622; x_wconf 92' lang='lat' dir='ltr'>rum</span> <span class='ocrx_word' id='word_1_57' title='bbox 1087 568 1185 626; x_wconf 86' lang='lat' dir='ltr'>ducein</span> <span class='ocrx_word' id='word_1_58' title='bbox 1200 569 1354 639; x_wconf 89' lang='lat' dir='ltr'>declinans,</span> <span class='ocrx_word' id='word_1_59' title='bbox 1375 570 1409 625; x_wconf 88' lang='lat' dir='ltr'>ab</span> <span class='ocrx_word' id='word_1_60' title='bbox 1422 586 1455 627; x_wconf 93' lang='lat' dir='ltr'>eo</span> <span class='ocrx_word' id='word_1_61' title='bbox 1470 573 1584 628; x_wconf 85' lang='lat' dir='ltr'>Romam</span> <span class='ocrx_word' id='word_1_62' title='bbox 1594 572 1703 641; x_wconf 89' lang='lat' dir='ltr'>missus,</span> <span class='ocrx_word' id='word_1_63' title='bbox 1719 589 1734 628; x_wconf 89' lang='lat' dir='ltr'>a</span> <span class='ocrx_word' id='word_1_64' title='bbox 1751 572 1809 630; x_wconf 89' lang='lat' dir='ltr'>Ser·</span> 
     </span>
     <span class='ocr_line' id='line_1_6' title="bbox 158 632 1809 715; baseline 0.005 -23"><span class='ocrx_word' id='word_1_65' title='bbox 158 633 273 707; x_wconf 78' lang='lat' dir='ltr'>«Apud</span> <span class='ocrx_word' id='word_1_66' title='bbox 298 633 464 715; x_wconf 72' lang='lat' dir='ltr'>⁸Perusinum</span> <span class='ocrx_word' id='word_1_67' title='bbox 492 632 587 688; x_wconf 91' lang='lat' dir='ltr'>urbem</span> <span class='ocrx_word' id='word_1_68' title='bbox 616 634 727 715; x_wconf 49' lang='lat' dir='ltr'>ltaliae,</span> <span class='ocrx_word' id='word_1_69' title='bbox 745 638 836 707; x_wconf 82' lang='lat' dir='ltr'>passio</span> <span class='ocrx_word' id='word_1_70' title='bbox 868 641 956 690; x_wconf 87' lang='lat' dir='ltr'>sancti</span> <span class='ocrx_word' id='word_1_71' title='bbox 1010 639 1054 710; x_wconf 77' lang='lat' dir='ltr'>gio</span> <span class='ocrx_word' id='word_1_72' title='bbox 1081 656 1150 711; x_wconf 75' lang='lat' dir='ltr'>papa</span> <span class='ocrx_word' id='word_1_73' title='bbox 1176 642 1319 713; x_wconf 89' lang='lat' dir='ltr'>episcopus</span> <span class='ocrx_word' id='word_1_74' title='bbox 1351 641 1493 699; x_wconf 89' lang='lat' dir='ltr'>ordinatus</span> <span class='ocrx_word' id='word_1_75' title='bbox 1521 651 1563 698; x_wconf 90' lang='lat' dir='ltr'>est</span> <span class='ocrx_word' id='word_1_76' title='bbox 1598 659 1670 699; x_wconf 89' lang='lat' dir='ltr'>anno</span> <span class='ocrx_word' id='word_1_77' title='bbox 1698 645 1809 701; x_wconf 86' lang='lat' dir='ltr'>Domini</span> 
     </span>
     <span class='ocr_line' id='line_1_7' title="bbox 149 704 1810 785; baseline 0.005 -22"><span class='ocrx_word' id='word_1_78' title='bbox 149 706 306 763; x_wconf 81' lang='lat' dir='ltr'>llerculani</span> <span class='ocrx_word' id='word_1_79' title='bbox 327 719 449 784; x_wconf 79' lang='lat' dir='ltr'>episcopi</span> <span class='ocrx_word' id='word_1_80' title='bbox 468 710 495 759; x_wconf 86' lang='lat' dir='ltr'>ct</span> <span class='ocrx_word' id='word_1_81' title='bbox 520 704 659 776; x_wconf 84' lang='lat' dir='ltr'>martyris,</span> <span class='ocrx_word' id='word_1_82' title='bbox 681 720 728 776; x_wconf 90' lang='lat' dir='ltr'>qm</span> <span class='ocrx_word' id='word_1_83' title='bbox 744 705 876 761; x_wconf 86' lang='lat' dir='ltr'>virtutus</span> <span class='ocrx_word' id='word_1_84' title='bbox 898 712 956 760; x_wconf 88' lang='lat' dir='ltr'>erat</span> <span class='ocrx_word' id='word_1_85' title='bbox 1010 726 1122 766; x_wconf 86' lang='lat' dir='ltr'>ncxciii.</span> <span class='ocrx_word' id='word_1_86' title='bbox 1146 710 1224 768; x_wconf 86' lang='lat' dir='ltr'>Unde</span> <span class='ocrx_word' id='word_1_87' title='bbox 1242 713 1361 781; x_wconf 91' lang='lat' dir='ltr'>rediens,</span> <span class='ocrx_word' id='word_1_88' title='bbox 1386 714 1531 785; x_wconf 83' lang='lat' dir='ltr'>apraelato</span> <span class='ocrx_word' id='word_1_89' title='bbox 1553 714 1671 770; x_wconf 91' lang='lat' dir='ltr'>ducein</span> <span class='ocrx_word' id='word_1_90' title='bbox 1697 715 1810 772; x_wconf 90' lang='lat' dir='ltr'>castello</span> 
     </span>
     <span class='ocr_line' id='line_1_8' title="bbox 148 775 1811 860; baseline 0.005 -25"><span class='ocrx_word' id='word_1_91' title='bbox 148 776 319 843; x_wconf 89' lang='lat' dir='ltr'>catholicus,</span> <span class='ocrx_word' id='word_1_92' title='bbox 335 782 364 832; x_wconf 90' lang='lat' dir='ltr'>et</span> <span class='ocrx_word' id='word_1_93' title='bbox 376 791 435 830; x_wconf 90' lang='lat' dir='ltr'>suis</span> <span class='ocrx_word' id='word_1_94' title='bbox 447 775 542 831; x_wconf 89' lang='lat' dir='ltr'>swasit</span> <span class='ocrx_word' id='word_1_95' title='bbox 556 776 682 832; x_wconf 90' lang='lat' dir='ltr'>resistere</span> <span class='ocrx_word' id='word_1_96' title='bbox 697 776 883 848; x_wconf 76' lang='lat' dir='ltr'>longobardis</span> <span class='ocrx_word' id='word_1_97' title='bbox 902 776 957 832; x_wconf 78' lang='lat' dir='ltr'>he·</span> <span class='ocrx_word' id='word_1_98' title='bbox 1010 780 1134 852; x_wconf 81' lang='lat' dir='ltr'>&#39;lrajecto</span> <span class='ocrx_word' id='word_1_99' title='bbox 1156 783 1247 839; x_wconf 92' lang='lat' dir='ltr'>locum</span> <span class='ocrx_word' id='word_1_100' title='bbox 1273 784 1345 840; x_wconf 90' lang='lat' dir='ltr'>sedis</span> <span class='ocrx_word' id='word_1_101' title='bbox 1367 785 1530 857; x_wconf 88' lang='lat' dir='ltr'>episcopalis</span> <span class='ocrx_word' id='word_1_102' title='bbox 1544 786 1659 857; x_wconf 85' lang='lat' dir='ltr'>accepit,</span> <span class='ocrx_word' id='word_1_103' title='bbox 1683 802 1716 842; x_wconf 88' lang='lat' dir='ltr'>ac</span> <span class='ocrx_word' id='word_1_104' title='bbox 1729 787 1811 860; x_wconf 74' lang='lat' dir='ltr'>longe</span> 
     </span>
     <span class='ocr_line' id='line_1_9' title="bbox 147 844 1810 934; baseline 0.004 -28"><span class='ocrx_word' id='word_1_105' title='bbox 147 849 260 930; x_wconf 86' lang='lat' dir='ltr'>reticis,</span> <span class='ocrx_word' id='word_1_106' title='bbox 283 846 320 904; x_wconf 91' lang='lat' dir='ltr'>ob</span> <span class='ocrx_word' id='word_1_107' title='bbox 343 845 427 919; x_wconf 93' lang='lat' dir='ltr'>quod,</span> <span class='ocrx_word' id='word_1_108' title='bbox 449 844 516 927; x_wconf 76' lang='lat' dir='ltr'>duni</span> <span class='ocrx_word' id='word_1_109' title='bbox 539 846 637 903; x_wconf 87' lang='lat' dir='ltr'>civitas</span> <span class='ocrx_word' id='word_1_110' title='bbox 658 848 716 929; x_wconf 90' lang='lat' dir='ltr'>ipsa</span> <span class='ocrx_word' id='word_1_111' title='bbox 736 856 814 931; x_wconf 80' lang='lat' dir='ltr'>capta</span> <span class='ocrx_word' id='word_1_112' title='bbox 841 856 956 930; x_wconf 59' lang='lat' dir='ltr'>osseus</span> <span class='ocrx_word' id='word_1_113' title='bbox 1010 853 1117 934; x_wconf 89' lang='lat' dir='ltr'>lateque</span> <span class='ocrx_word' id='word_1_114' title='bbox 1131 855 1247 909; x_wconf 86' lang='lat' dir='ltr'>verbum</span> <span class='ocrx_word' id='word_1_115' title='bbox 1263 855 1327 911; x_wconf 88' lang='lat' dir='ltr'>lidei</span> <span class='ocrx_word' id='word_1_116' title='bbox 1349 857 1497 924; x_wconf 85' lang='lat' dir='ltr'>seminans,</span> <span class='ocrx_word' id='word_1_117' title='bbox 1514 857 1656 913; x_wconf 87' lang='lat' dir='ltr'>inlinitum</span> <span class='ocrx_word' id='word_1_118' title='bbox 1676 858 1810 929; x_wconf 90' lang='lat' dir='ltr'>populum</span> 
     </span>
     <span class='ocr_line' id='line_1_10' title="bbox 146 917 1811 1000; baseline 0.005 -22"><span class='ocrx_word' id='word_1_119' title='bbox 146 921 267 978; x_wconf 85' lang='lat' dir='ltr'>Thotilo</span> <span class='ocrx_word' id='word_1_120' title='bbox 281 933 344 991; x_wconf 74' lang='lat' dir='ltr'>rege</span> <span class='ocrx_word' id='word_1_121' title='bbox 360 917 597 999; x_wconf 32' lang='lat' dir='ltr'>haeretico-iussus</span> <span class='ocrx_word' id='word_1_122' title='bbox 608 926 653 1000; x_wconf 76' lang='lat' dir='ltr'>est</span> <span class='ocrx_word' id='word_1_123' title='bbox 672 919 802 986; x_wconf 88' lang='lat' dir='ltr'>interfici,</span> <span class='ocrx_word' id='word_1_124' title='bbox 818 926 845 974; x_wconf 93' lang='lat' dir='ltr'>et</span> <span class='ocrx_word' id='word_1_125' title='bbox 865 934 955 991; x_wconf 88' lang='lat' dir='ltr'>primo</span> <span class='ocrx_word' id='word_1_126' title='bbox 1010 923 1120 981; x_wconf 84' lang='lat' dir='ltr'>Christo</span> <span class='ocrx_word' id='word_1_127' title='bbox 1134 926 1288 997; x_wconf 84' lang='lat' dir='ltr'>acquirens,</span> <span class='ocrx_word' id='word_1_128' title='bbox 1305 928 1414 983; x_wconf 91' lang='lat' dir='ltr'>taudem</span> <span class='ocrx_word' id='word_1_129' title='bbox 1430 928 1459 984; x_wconf 92' lang='lat' dir='ltr'>iii</span> <span class='ocrx_word' id='word_1_130' title='bbox 1478 928 1652 1000; x_wconf 86' lang='lat' dir='ltr'>Eptbernaeo</span> <span class='ocrx_word' id='word_1_131' title='bbox 1668 937 1811 986; x_wconf 91' lang='lat' dir='ltr'>monaste-</span> 
     </span>
     <span class='ocr_line' id='line_1_11' title="bbox 145 989 1811 1072; baseline 0.007 -27"><span class='ocrx_word' id='word_1_132' title='bbox 145 992 302 1065; x_wconf 68' lang='lat' dir='ltr'>corrigium</span> <span class='ocrx_word' id='word_1_133' title='bbox 323 989 359 1046; x_wconf 88' lang='lat' dir='ltr'>de</span> <span class='ocrx_word' id='word_1_134' title='bbox 374 989 457 1071; x_wconf 83' lang='lat' dir='ltr'>dorso</span> <span class='ocrx_word' id='word_1_135' title='bbox 475 1005 535 1060; x_wconf 85' lang='lat' dir='ltr'>eJus</span> <span class='ocrx_word' id='word_1_136' title='bbox 558 989 656 1058; x_wconf 90' lang='lat' dir='ltr'>incidi,</span> <span class='ocrx_word' id='word_1_137' title='bbox 673 997 700 1046; x_wconf 91' lang='lat' dir='ltr'>et</span> <span class='ocrx_word' id='word_1_138' title='bbox 716 998 808 1071; x_wconf 81' lang='lat' dir='ltr'>postea</span> <span class='ocrx_word' id='word_1_139' title='bbox 828 990 955 1047; x_wconf 88' lang='lat' dir='ltr'>decolla-</span> <span class='ocrx_word' id='word_1_140' title='bbox 1009 994 1061 1063; x_wconf 89' lang='lat' dir='ltr'>rio,</span> <span class='ocrx_word' id='word_1_141' title='bbox 1084 995 1113 1051; x_wconf 95' lang='lat' dir='ltr'>in</span> <span class='ocrx_word' id='word_1_142' title='bbox 1140 997 1278 1053; x_wconf 88' lang='lat' dir='ltr'>territorio</span> <span class='ocrx_word' id='word_1_143' title='bbox 1304 999 1474 1063; x_wconf 83' lang='lat' dir='ltr'>Treverensi,</span> <span class='ocrx_word' id='word_1_144' title='bbox 1499 1001 1571 1072; x_wconf 91' lang='lat' dir='ltr'>quod</span> <span class='ocrx_word' id='word_1_145' title='bbox 1598 1001 1713 1072; x_wconf 87' lang='lat' dir='ltr'>ipsemet</span> <span class='ocrx_word' id='word_1_146' title='bbox 1738 1017 1811 1058; x_wconf 92' lang='lat' dir='ltr'>con-</span> 
     </span>
     <span class='ocr_line' id='line_1_12' title="bbox 147 1062 1811 1194; baseline 0.004 -73"><span class='ocrx_word' id='word_1_147' title='bbox 147 1065 186 1134; x_wconf 94' lang='lat' dir='ltr'>ri,</span> <span class='ocrx_word' id='word_1_148' title='bbox 203 1071 234 1120; x_wconf 84' lang='lat' dir='ltr'>et</span> <span class='ocrx_word' id='word_1_149' title='bbox 259 1062 361 1144; x_wconf 80' lang='lat' dir='ltr'>luctum</span> <span class='ocrx_word' id='word_1_150' title='bbox 384 1067 504 1142; x_wconf 69' lang='lat' dir='ltr'>est3ita;</span> <span class='ocrx_word' id='word_1_151' title='bbox 529 1068 557 1116; x_wconf 93' lang='lat' dir='ltr'>et</span> <span class='ocrx_word' id='word_1_152' title='bbox 579 1076 679 1132; x_wconf 88' lang='lat' dir='ltr'>corpus</span> <span class='ocrx_word' id='word_1_153' title='bbox 701 1064 955 1144; x_wconf 33' lang='lat' dir='ltr'>ejus-insepultum</span> <span class='ocrx_word' id='word_1_154' title='bbox 1009 1074 1156 1137; x_wconf 76' lang='lat' dir='ltr'>struxerat,</span> <span class='ocrx_word' id='word_1_155' title='bbox 1183 1067 1289 1194; x_wconf 64' lang='lat' dir='ltr'>quievit</span> <span class='ocrx_word' id='word_1_156' title='bbox 1313 1069 1342 1124; x_wconf 95' lang='lat' dir='ltr'>in</span> <span class='ocrx_word' id='word_1_157' title='bbox 1366 1087 1441 1142; x_wconf 88' lang='lat' dir='ltr'>pace.</span> <span class='ocrx_word' id='word_1_158' title='bbox 1465 1072 1496 1126; x_wconf 92' lang='lat' dir='ltr'>lii</span> <span class='ocrx_word' id='word_1_159' title='bbox 1520 1071 1711 1140; x_wconf 86' lang='lat' dir='ltr'>Nicboniedia,</span> <span class='ocrx_word' id='word_1_160' title='bbox 1743 1088 1811 1130; x_wconf 88' lang='lat' dir='ltr'>san-</span> 
     </span>
     <span class='ocr_line' id='line_1_13' title="bbox 146 1131 1810 1214; baseline 0.007 -26"><span class='ocrx_word' id='word_1_161' title='bbox 146 1141 317 1210; x_wconf 84' lang='lat' dir='ltr'>permanait,</span> <span class='ocrx_word' id='word_1_162' title='bbox 332 1141 364 1190; x_wconf 92' lang='lat' dir='ltr'>ut</span> <span class='ocrx_word' id='word_1_163' title='bbox 384 1131 482 1189; x_wconf 87' lang='lat' dir='ltr'>scribit</span> <span class='ocrx_word' id='word_1_164' title='bbox 495 1131 592 1187; x_wconf 90' lang='lat' dir='ltr'>beatus</span> <span class='ocrx_word' id='word_1_165' title='bbox 606 1131 754 1213; x_wconf 77' lang='lat' dir='ltr'>Cregorius</span> <span class='ocrx_word' id='word_1_166' title='bbox 767 1149 796 1190; x_wconf 93' lang='lat' dir='ltr'>in</span> <span class='ocrx_word' id='word_1_167' title='bbox 819 1134 953 1206; x_wconf 77' lang='lat' dir='ltr'>llyalogo,</span> <span class='ocrx_word' id='word_1_168' title='bbox 1009 1145 1116 1195; x_wconf 91' lang='lat' dir='ltr'>ctorum</span> <span class='ocrx_word' id='word_1_169' title='bbox 1149 1140 1187 1196; x_wconf 88' lang='lat' dir='ltr'>Po</span> <span class='ocrx_word' id='word_1_170' title='bbox 1201 1140 1256 1208; x_wconf 92' lang='lat' dir='ltr'>isii,</span> <span class='ocrx_word' id='word_1_171' title='bbox 1289 1141 1420 1209; x_wconf 85' lang='lat' dir='ltr'>Eustasii,</span> <span class='ocrx_word' id='word_1_172' title='bbox 1453 1142 1549 1210; x_wconf 84' lang='lat' dir='ltr'>Primi,</span> <span class='ocrx_word' id='word_1_173' title='bbox 1590 1143 1745 1214; x_wconf 81' lang='lat' dir='ltr'>liogaciani.</span> <span class='ocrx_word' id='word_1_174' title='bbox 1778 1145 1810 1199; x_wconf 92' lang='lat' dir='ltr'>lii</span> 
     </span>
     <span class='ocr_line' id='line_1_14' title="bbox 149 1203 1809 1288; baseline 0.004 -24"><span class='ocrx_word' id='word_1_175' title='bbox 149 1216 178 1265; x_wconf 89' lang='lat' dir='ltr'>et</span> <span class='ocrx_word' id='word_1_176' title='bbox 192 1207 242 1267; x_wconf 88' lang='lat' dir='ltr'>die</span> <span class='ocrx_word' id='word_1_177' title='bbox 318 1203 593 1286; x_wconf 76' lang='lat' dir='ltr'>dragesimaoorpus</span> <span class='ocrx_word' id='word_1_178' title='bbox 607 1220 667 1285; x_wconf 67' lang='lat' dir='ltr'>equs</span> <span class='ocrx_word' id='word_1_179' title='bbox 681 1204 955 1288; x_wconf 35' lang='lat' dir='ltr'>‚sanuminieutuiu</span> <span class='ocrx_word' id='word_1_180' title='bbox 1009 1210 1140 1281; x_wconf 86' lang='lat' dir='ltr'>Aphrice,</span> <span class='ocrx_word' id='word_1_181' title='bbox 1174 1212 1263 1266; x_wconf 89' lang='lat' dir='ltr'>natale</span> <span class='ocrx_word' id='word_1_182' title='bbox 1295 1221 1453 1268; x_wconf 90' lang='lat' dir='ltr'>sanctorum</span> <span class='ocrx_word' id='word_1_183' title='bbox 1487 1212 1594 1285; x_wconf 79' lang='lat' dir='ltr'>Rogati,</span> <span class='ocrx_word' id='word_1_184' title='bbox 1624 1214 1735 1281; x_wconf 81' lang='lat' dir='ltr'>Donati,</span> <span class='ocrx_word' id='word_1_185' title='bbox 1764 1215 1809 1270; x_wconf 86' lang='lat' dir='ltr'>Ju-</span> 
     </span>
     <span class='ocr_line' id='line_1_15' title="bbox 147 1275 1809 1365; baseline 0.005 -32"><span class='ocrx_word' id='word_1_186' title='bbox 147 1287 204 1337; x_wconf 84' lang='lat' dir='ltr'>est.</span> <span class='ocrx_word' id='word_1_187' title='bbox 221 1280 253 1336; x_wconf 90' lang='lat' dir='ltr'>lu</span> <span class='ocrx_word' id='word_1_188' title='bbox 301 1293 371 1349; x_wconf 75' lang='lat' dir='ltr'>ysia,</span> <span class='ocrx_word' id='word_1_189' title='bbox 388 1275 525 1347; x_wconf 87' lang='lat' dir='ltr'>depositio</span> <span class='ocrx_word' id='word_1_190' title='bbox 539 1283 628 1356; x_wconf 83' lang='lat' dir='ltr'>sancti</span> <span class='ocrx_word' id='word_1_191' title='bbox 642 1275 805 1333; x_wconf 90' lang='lat' dir='ltr'>Willibordi</span> <span class='ocrx_word' id='word_1_192' title='bbox 819 1291 953 1357; x_wconf 88' lang='lat' dir='ltr'>episcopi,</span> <span class='ocrx_word' id='word_1_193' title='bbox 1010 1281 1089 1336; x_wconf 77' lang='lat' dir='ltr'>lie.»</span> <span class='ocrx_word' id='word_1_194' title='bbox 1121 1281 1191 1337; x_wconf 81' lang='lat' dir='ltr'>Vide</span> <span class='ocrx_word' id='word_1_195' title='bbox 1213 1282 1437 1354; x_wconf 88' lang='lat' dir='ltr'>llieronymiana.</span> <span class='ocrx_word' id='word_1_196' title='bbox 1461 1285 1550 1365; x_wconf 78' lang='lat' dir='ltr'>«lpse</span> <span class='ocrx_word' id='word_1_197' title='bbox 1565 1284 1619 1351; x_wconf 89' lang='lat' dir='ltr'>die,</span> <span class='ocrx_word' id='word_1_198' title='bbox 1635 1291 1735 1341; x_wconf 82' lang='lat' dir='ltr'>sanctae</span> <span class='ocrx_word' id='word_1_199' title='bbox 1755 1301 1809 1341; x_wconf 88' lang='lat' dir='ltr'>iue-</span> 
     </span>
     <span class='ocr_line' id='line_1_16' title="bbox 149 1346 1809 1472; baseline 0.005 -66"><span class='ocrx_word' id='word_1_200' title='bbox 149 1351 203 1425; x_wconf 92' lang='lat' dir='ltr'>qui</span> <span class='ocrx_word' id='word_1_201' title='bbox 225 1358 286 1407; x_wconf 88' lang='lat' dir='ltr'>erat</span> <span class='ocrx_word' id='word_1_202' title='bbox 308 1363 381 1404; x_wconf 89' lang='lat' dir='ltr'>unus</span> <span class='ocrx_word' id='word_1_203' title='bbox 401 1347 436 1403; x_wconf 89' lang='lat' dir='ltr'>de</span> <span class='ocrx_word' id='word_1_204' title='bbox 463 1346 619 1472; x_wconf 77' lang='lat' dir='ltr'>Capellsms</span> <span class='ocrx_word' id='word_1_205' title='bbox 644 1348 741 1405; x_wconf 84' lang='lat' dir='ltr'>Karuli</span> <span class='ocrx_word' id='word_1_206' title='bbox 768 1347 953 1429; x_wconf 89' lang='lat' dir='ltr'>imperatoris,</span> <span class='ocrx_word' id='word_1_207' title='bbox 1010 1351 1104 1407; x_wconf 73' lang='lat' dir='ltr'>murias</span> <span class='ocrx_word' id='word_1_208' title='bbox 1127 1353 1286 1423; x_wconf 77' lang='lat' dir='ltr'>Eiigelberti</span> <span class='ocrx_word' id='word_1_209' title='bbox 1313 1354 1513 1426; x_wconf 89' lang='lat' dir='ltr'>archiepiscopi</span> <span class='ocrx_word' id='word_1_210' title='bbox 1528 1354 1738 1427; x_wconf 77' lang='lat' dir='ltr'>Agrippinensis</span> <span class='ocrx_word' id='word_1_211' title='bbox 1759 1354 1809 1414; x_wconf 75' lang='lat' dir='ltr'>ce</span> 
     </span>
     <span class='ocr_line' id='line_1_17' title="bbox 151 1418 1807 1501; baseline 0.002 -23"><span class='ocrx_word' id='word_1_212' title='bbox 151 1421 190 1479; x_wconf 80' lang='lat' dir='ltr'>ud</span> <span class='ocrx_word' id='word_1_213' title='bbox 203 1420 284 1494; x_wconf 77' lang='lat' dir='ltr'>cujus</span> <span class='ocrx_word' id='word_1_214' title='bbox 296 1426 465 1492; x_wconf 72' lang='lat' dir='ltr'>proseptum</span> <span class='ocrx_word' id='word_1_215' title='bbox 478 1418 526 1474; x_wconf 88' lang='lat' dir='ltr'>ile</span> <span class='ocrx_word' id='word_1_216' title='bbox 541 1419 571 1473; x_wconf 93' lang='lat' dir='ltr'>iu</span> <span class='ocrx_word' id='word_1_217' title='bbox 590 1419 733 1501; x_wconf 82' lang='lat' dir='ltr'>civitatem</span> <span class='ocrx_word' id='word_1_218' title='bbox 752 1419 954 1490; x_wconf 71' lang='lat' dir='ltr'>Trajectensem</span> <span class='ocrx_word' id='word_1_219' title='bbox 1009 1422 1126 1478; x_wconf 69' lang='lat' dir='ltr'>louiaeet</span> <span class='ocrx_word' id='word_1_220' title='bbox 1137 1425 1265 1495; x_wconf 84' lang='lat' dir='ltr'>martyris</span> <span class='ocrx_word' id='word_1_221' title='bbox 1280 1443 1285 1480; x_wconf 92' lang='lat'>:</span> <span class='ocrx_word' id='word_1_222' title='bbox 1304 1426 1352 1497; x_wconf 94' lang='lat' dir='ltr'>qui</span> <span class='ocrx_word' id='word_1_223' title='bbox 1363 1425 1399 1481; x_wconf 94' lang='lat' dir='ltr'>ob</span> <span class='ocrx_word' id='word_1_224' title='bbox 1409 1426 1596 1482; x_wconf 83' lang='lat' dir='ltr'>defensionem</span> <span class='ocrx_word' id='word_1_225' title='bbox 1604 1441 1807 1498; x_wconf 89' lang='lat' dir='ltr'>oppressorum,</span> 
     </span>
     <span class='ocr_line' id='line_1_18' title="bbox 154 1490 1809 1572; baseline 0.002 -21"><span class='ocrx_word' id='word_1_226' title='bbox 154 1509 187 1551; x_wconf 85' lang='lat' dir='ltr'>se</span> <span class='ocrx_word' id='word_1_227' title='bbox 201 1490 344 1550; x_wconf 75' lang='lat' dir='ltr'>transtulit</span> <span class='ocrx_word' id='word_1_228' title='bbox 366 1492 450 1563; x_wconf 81' lang='lat' dir='ltr'>(patet</span> <span class='ocrx_word' id='word_1_229' title='bbox 467 1491 710 1572; x_wconf 73' lang='lat' dir='ltr'>anachronismus),</span> <span class='ocrx_word' id='word_1_230' title='bbox 737 1499 763 1547; x_wconf 91' lang='lat' dir='ltr'>et</span> <span class='ocrx_word' id='word_1_231' title='bbox 788 1492 865 1547; x_wconf 86' lang='lat' dir='ltr'>illem</span> <span class='ocrx_word' id='word_1_232' title='bbox 883 1506 955 1547; x_wconf 89' lang='lat' dir='ltr'>eou-</span> <span class='ocrx_word' id='word_1_233' title='bbox 1009 1492 1043 1551; x_wconf 93' lang='lat' dir='ltr'>ab</span> <span class='ocrx_word' id='word_1_234' title='bbox 1069 1494 1164 1565; x_wconf 88' lang='lat' dir='ltr'>impiis</span> <span class='ocrx_word' id='word_1_235' title='bbox 1193 1494 1356 1552; x_wconf 83' lang='lat' dir='ltr'>innocenter</span> <span class='ocrx_word' id='word_1_236' title='bbox 1382 1498 1500 1567; x_wconf 91' lang='lat' dir='ltr'>occisus,</span> <span class='ocrx_word' id='word_1_237' title='bbox 1532 1497 1651 1554; x_wconf 83' lang='lat' dir='ltr'>feliciter</span> <span class='ocrx_word' id='word_1_238' title='bbox 1678 1496 1809 1554; x_wconf 89' lang='lat' dir='ltr'>occubuit</span> 
     </span>
    </p>
   </div>
   <div class='ocr_carea' id='block_1_2' title="bbox 156 1561 953 1718">
    <p class='ocr_par' dir='ltr' id='par_1_3' title="bbox 156 1561 953 1718">
     <span class='ocr_line' id='line_1_19' title="bbox 156 1561 953 1690; baseline -0.004 -70"><span class='ocrx_word' id='word_1_239' title='bbox 156 1565 247 1620; x_wconf 84' lang='lat' dir='ltr'>uertit</span> <span class='ocrx_word' id='word_1_240' title='bbox 258 1562 293 1620; x_wconf 89' lang='lat' dir='ltr'>ad</span> <span class='ocrx_word' id='word_1_241' title='bbox 304 1561 356 1619; x_wconf 90' lang='lat' dir='ltr'>lide</span> <span class='ocrx_word' id='word_1_242' title='bbox 365 1577 404 1630; x_wconf 90' lang='lat' dir='ltr'>ui,</span> <span class='ocrx_word' id='word_1_243' title='bbox 425 1569 453 1618; x_wconf 87' lang='lat' dir='ltr'>et</span> <span class='ocrx_word' id='word_1_244' title='bbox 465 1568 559 1634; x_wconf 84' lang='lat' dir='ltr'>postea</span> <span class='ocrx_word' id='word_1_245' title='bbox 573 1561 602 1617; x_wconf 93' lang='lat' dir='ltr'>iu</span> <span class='ocrx_word' id='word_1_246' title='bbox 618 1565 753 1690; x_wconf 57' lang='lat' dir='ltr'>Prsimam&#39;</span> <span class='ocrx_word' id='word_1_247' title='bbox 770 1562 818 1618; x_wconf 92' lang='lat' dir='ltr'>ubi</span> <span class='ocrx_word' id='word_1_248' title='bbox 829 1578 953 1634; x_wconf 75' lang='lat' dir='ltr'>magnam</span> 
     </span>
     <span class='ocr_line' id='line_1_20' title="bbox 158 1633 648 1718; baseline -0.006 -26"><span class='ocrx_word' id='word_1_249' title='bbox 158 1643 266 1718; x_wconf 86' lang='lat' dir='ltr'>partem</span> <span class='ocrx_word' id='word_1_250' title='bbox 288 1633 361 1689; x_wconf 92' lang='lat' dir='ltr'>illius</span> <span class='ocrx_word' id='word_1_251' title='bbox 381 1642 461 1689; x_wconf 75' lang='lat' dir='ltr'>terrae</span> <span class='ocrx_word' id='word_1_252' title='bbox 478 1633 617 1690; x_wconf 89' lang='lat' dir='ltr'>convertit</span> <span class='ocrx_word' id='word_1_253' title='bbox 633 1651 648 1689; x_wconf 92' lang='lat' dir='ltr'>a</span> 
     </span>
    </p>
   </div>
   <div class='ocr_carea' id='block_1_3' title="bbox 1009 1567 1809 1642">
    <p class='ocr_par' dir='ltr' id='par_1_4' title="bbox 1009 1567 1809 1642">
     <span class='ocr_line' id='line_1_21' title="bbox 1009 1567 1809 1642; baseline 0.004 -22"><span class='ocrx_word' id='word_1_254' title='bbox 1009 1581 1081 1621; x_wconf 90' lang='lat' dir='ltr'>anno</span> <span class='ocrx_word' id='word_1_255' title='bbox 1107 1567 1201 1637; x_wconf 76' lang='lat' dir='ltr'>gratie</span> <span class='ocrx_word' id='word_1_256' title='bbox 1224 1584 1354 1624; x_wconf 81' lang='lat' dir='ltr'>nccexxx</span> <span class='ocrx_word' id='word_1_257' title='bbox 1384 1567 1425 1642; x_wconf 84' lang='lat' dir='ltr'>[iii</span> <span class='ocrx_word' id='word_1_258' title='bbox 1450 1569 1541 1640; x_wconf 82' lang='lat' dir='ltr'>primu</span> <span class='ocrx_word' id='word_1_259' title='bbox 1560 1569 1673 1624; x_wconf 82' lang='lat' dir='ltr'>editione</span> <span class='ocrx_word' id='word_1_260' title='bbox 1697 1569 1809 1624; x_wconf 82' lang='lat' dir='ltr'>habetur·</span> 
     </span>
    </p>
   </div>
   <div class='ocr_carea' id='block_1_4' title="bbox 684 1632 1805 1712">
    <p class='ocr_par' dir='ltr' id='par_1_5' title="bbox 684 1632 1805 1712">
     <span class='ocr_line' id='line_1_22' title="bbox 684 1632 1805 1712; baseline 0.006 -22"><span class='ocrx_word' id='word_1_261' title='bbox 684 1634 846 1701; x_wconf 88' lang='lat' dir='ltr'>Dominum,</span> <span class='ocrx_word' id='word_1_262' title='bbox 871 1641 898 1690; x_wconf 94' lang='lat' dir='ltr'>et</span> <span class='ocrx_word' id='word_1_263' title='bbox 914 1632 953 1688; x_wconf 92' lang='lat' dir='ltr'>ibi</span> <span class='ocrx_word' id='word_1_264' title='bbox 1009 1637 1145 1711; x_wconf 63' lang='lat' dir='ltr'>nourrii}</span> <span class='ocrx_word' id='word_1_265' title='bbox 1169 1638 1298 1696; x_wconf 87' lang='lat' dir='ltr'>Restituti</span> <span class='ocrx_word' id='word_1_266' title='bbox 1313 1639 1435 1712; x_wconf 86' lang='lat' dir='ltr'>episcopi</span> <span class='ocrx_word' id='word_1_267' title='bbox 1456 1648 1483 1696; x_wconf 91' lang='lat' dir='ltr'>et</span> <span class='ocrx_word' id='word_1_268' title='bbox 1500 1640 1674 1697; x_wconf 84' lang='lat' dir='ltr'>confessoris.</span> <span class='ocrx_word' id='word_1_269' title='bbox 1695 1640 1805 1709; x_wconf 87' lang='lat' dir='ltr'>llletbis,</span> 
     </span>
    </p>
   </div>
   <div class='ocr_carea' id='block_1_5' title="bbox 157 1704 1805 1835">
    <p class='ocr_par' dir='ltr' id='par_1_6' title="bbox 157 1704 1805 1835">
     <span class='ocr_line' id='line_1_23' title="bbox 157 1704 1805 1835; baseline 0.002 -73"><span class='ocrx_word' id='word_1_270' title='bbox 157 1723 188 1763; x_wconf 91' lang='lat' dir='ltr'>in</span> <span class='ocrx_word' id='word_1_271' title='bbox 209 1721 274 1779; x_wconf 87' lang='lat' dir='ltr'>pace</span> <span class='ocrx_word' id='word_1_272' title='bbox 287 1704 365 1772; x_wconf 92' lang='lat' dir='ltr'>obiit,</span> <span class='ocrx_word' id='word_1_273' title='bbox 381 1705 476 1778; x_wconf 92' lang='lat' dir='ltr'>etipse</span> <span class='ocrx_word' id='word_1_274' title='bbox 492 1706 663 1776; x_wconf 88' lang='lat' dir='ltr'>estsepultus</span> <span class='ocrx_word' id='word_1_275' title='bbox 677 1705 706 1760; x_wconf 94' lang='lat' dir='ltr'>in</span> <span class='ocrx_word' id='word_1_276' title='bbox 722 1706 886 1773; x_wconf 72' lang='lat' dir='ltr'>Cluturnum,</span> <span class='ocrx_word' id='word_1_277' title='bbox 903 1704 950 1759; x_wconf 92' lang='lat' dir='ltr'>ubi</span> <span class='ocrx_word' id='word_1_278' title='bbox 970 1708 1076 1768; x_wconf 88' lang='lat' dir='ltr'>Bbeati</span> <span class='ocrx_word' id='word_1_279' title='bbox 1099 1708 1161 1765; x_wconf 86' lang='lat' dir='ltr'>Rufi</span> <span class='ocrx_word' id='word_1_280' title='bbox 1185 1710 1306 1835; x_wconf 75' lang='lat' dir='ltr'>episcopi</span> <span class='ocrx_word' id='word_1_281' title='bbox 1328 1718 1355 1766; x_wconf 93' lang='lat' dir='ltr'>et</span> <span class='ocrx_word' id='word_1_282' title='bbox 1382 1711 1555 1767; x_wconf 83' lang='lat' dir='ltr'>confessoris.</span> <span class='ocrx_word' id='word_1_283' title='bbox 1582 1710 1728 1768; x_wconf 86' lang='lat' dir='ltr'>Tricastini</span> <span class='ocrx_word' id='word_1_284' title='bbox 1749 1728 1763 1766; x_wconf 87' lang='lat' dir='ltr'>s</span> <span class='ocrx_word' id='word_1_285' title='bbox 1784 1711 1805 1765; x_wconf 94' lang='lat' dir='ltr'>i·</span> 
     </span>
    </p>
   </div>
   <div class='ocr_carea' id='block_1_6' title="bbox 150 1775 955 2991">
    <p class='ocr_par' dir='ltr' id='par_1_7' title="bbox 150 1775 955 2191">
     <span class='ocr_line' id='line_1_24' title="bbox 175 1775 950 1858; baseline -0.004 -25"><span class='ocrx_word' id='word_1_286' title='bbox 175 1781 235 1857; x_wconf 81' lang='lat' dir='ltr'>rius</span> <span class='ocrx_word' id='word_1_287' title='bbox 249 1791 305 1857; x_wconf 81' lang='lat' dir='ltr'>esse</span> <span class='ocrx_word' id='word_1_288' title='bbox 326 1776 416 1857; x_wconf 87' lang='lat' dir='ltr'>luerat¹</span> <span class='ocrx_word' id='word_1_289' title='bbox 433 1775 596 1858; x_wconf 79' lang='lat' dir='ltr'>monachus,</span> <span class='ocrx_word' id='word_1_290' title='bbox 618 1776 794 1857; x_wconf 80' lang='lat' dir='ltr'>Treverensis</span> <span class='ocrx_word' id='word_1_291' title='bbox 813 1775 950 1857; x_wconf 81' lang='lat' dir='ltr'>dyocesis.</span> 
     </span>
     <span class='ocr_line' id='line_1_25' title="bbox 150 1795 955 1929; baseline -0.005 -23"><span class='ocrx_word' id='word_1_292' title='bbox 150 1795 184 1905; x_wconf 73' lang='lat' dir='ltr'>fn</span> <span class='ocrx_word' id='word_1_293' title='bbox 202 1855 317 1905; x_wconf 89' lang='lat' dir='ltr'>civitate</span> <span class='ocrx_word' id='word_1_294' title='bbox 331 1847 444 1912; x_wconf 90' lang='lat' dir='ltr'>bletbis,</span> <span class='ocrx_word' id='word_1_295' title='bbox 458 1848 595 1920; x_wconf 88' lang='lat' dir='ltr'>depositio</span> <span class='ocrx_word' id='word_1_296' title='bbox 610 1856 698 1905; x_wconf 84' lang='lat' dir='ltr'>saneti</span> <span class='ocrx_word' id='word_1_297' title='bbox 714 1847 777 1907; x_wconf 83' lang='lat' dir='ltr'>lluli</span> <span class='ocrx_word' id='word_1_298' title='bbox 792 1863 913 1929; x_wconf 89' lang='lat' dir='ltr'>episcopi</span> <span class='ocrx_word' id='word_1_299' title='bbox 928 1854 955 1902; x_wconf 89' lang='lat' dir='ltr'>et</span> 
     </span>
     <span class='ocr_line' id='line_1_26' title="bbox 150 1917 955 2001; baseline -0.005 -24"><span class='ocrx_word' id='word_1_300' title='bbox 150 1919 358 2001; x_wconf 48' lang='lat' dir='ltr'>contessoris»</span> <span class='ocrx_word' id='word_1_301' title='bbox 387 1919 517 1991; x_wconf 86' lang='lat' dir='ltr'>Sequitur</span> <span class='ocrx_word' id='word_1_302' title='bbox 543 1917 577 1975; x_wconf 92' lang='lat' dir='ltr'>de</span> <span class='ocrx_word' id='word_1_303' title='bbox 606 1919 710 1976; x_wconf 87' lang='lat' dir='ltr'>Fibitio</span> <span class='ocrx_word' id='word_1_304' title='bbox 735 1920 892 2000; x_wconf 80' lang='lat' dir='ltr'>Trevirensi</span> <span class='ocrx_word' id='word_1_305' title='bbox 920 1933 955 2000; x_wconf 68' lang='lat' dir='ltr'>eir</span> 
     </span>
     <span class='ocr_line' id='line_1_27' title="bbox 151 1989 955 2048; baseline -0.004 -2"><span class='ocrx_word' id='word_1_306' title='bbox 151 2007 170 2046; x_wconf 87' lang='lat' dir='ltr'>v</span> <span class='ocrx_word' id='word_1_307' title='bbox 192 1990 371 2048; x_wconf 83' lang='lat' dir='ltr'>Novembris.</span> <span class='ocrx_word' id='word_1_308' title='bbox 387 1992 525 2047; x_wconf 90' lang='lat' dir='ltr'>Denium:</span> <span class='ocrx_word' id='word_1_309' title='bbox 547 2015 557 2037; x_wconf 73' lang='grc' dir='ltr'>ι</span> <span class='ocrx_word' id='word_1_310' title='bbox 577 1991 608 2046; x_wconf 91' lang='lat' dir='ltr'>ln</span> <span class='ocrx_word' id='word_1_311' title='bbox 624 1997 792 2047; x_wconf 86' lang='lat' dir='ltr'>munasterio</span> <span class='ocrx_word' id='word_1_312' title='bbox 808 1989 955 2046; x_wconf 84' lang='lat' dir='ltr'>Habetcnsi</span> 
     </span>
     <span class='ocr_line' id='line_1_28' title="bbox 151 2059 954 2134; baseline -0.004 -15"><span class='ocrx_word' id='word_1_313' title='bbox 151 2061 486 2134; x_wconf 62' lang='lat' dir='ltr'>innumeremus</span> <span class='ocrx_word' id='word_1_314' title='bbox 501 2061 683 2128; x_wconf 84' lang='lat' dir='ltr'>Gebedrudis,</span> <span class='ocrx_word' id='word_1_315' title='bbox 698 2061 817 2132; x_wconf 71' lang='lat' dir='ltr'>virginis</span> <span class='ocrx_word' id='word_1_316' title='bbox 834 2069 861 2118; x_wconf 90' lang='lat' dir='ltr'>et</span> <span class='ocrx_word' id='word_1_317' title='bbox 875 2059 954 2117; x_wconf 89' lang='lat' dir='ltr'>abba·</span> 
     </span>
     <span class='ocr_line' id='line_1_29' title="bbox 151 2129 650 2191; baseline -0.004 -1"><span class='ocrx_word' id='word_1_318' title='bbox 151 2133 239 2191; x_wconf 73' lang='lat' dir='ltr'>tissa.</span> <span class='ocrx_word' id='word_1_319' title='bbox 260 2157 271 2182; x_wconf 89' lang='lat'>·</span> <span class='ocrx_word' id='word_1_320' title='bbox 287 2129 360 2190; x_wconf 82' lang='lat' dir='ltr'>vide</span> <span class='ocrx_word' id='word_1_321' title='bbox 373 2130 485 2190; x_wconf 83' lang='lat' dir='ltr'>castell.</span> <span class='ocrx_word' id='word_1_322' title='bbox 504 2131 533 2187; x_wconf 94' lang='lat' dir='ltr'>iii</span> <span class='ocrx_word' id='word_1_323' title='bbox 548 2131 650 2188; x_wconf 88' lang='lat' dir='ltr'>indice.</span> 
     </span>
    </p>

    <p class='ocr_par' dir='ltr' id='par_1_8' title="bbox 153 2202 955 2642">
     <span class='ocr_line' id='line_1_30' title="bbox 189 2202 955 2287; baseline -0.004 -24"><span class='ocrx_word' id='word_1_324' title='bbox 189 2207 396 2287; x_wconf 71' lang='lat' dir='ltr'>Dimum:</span> <span class='ocrx_word' id='word_1_325' title='bbox 429 2203 487 2259; x_wconf 83' lang='lat' dir='ltr'>‹ln</span> <span class='ocrx_word' id='word_1_326' title='bbox 511 2202 661 2271; x_wconf 83' lang='lat' dir='ltr'>Turdnico,</span> <span class='ocrx_word' id='word_1_327' title='bbox 674 2202 764 2285; x_wconf 78' lang='lat' dir='ltr'>suncti</span> <span class='ocrx_word' id='word_1_328' title='bbox 783 2202 862 2260; x_wconf 87' lang='lat' dir='ltr'>Baldi</span> <span class='ocrx_word' id='word_1_329' title='bbox 883 2219 955 2286; x_wconf 52' lang='lat' dir='ltr'>conj</span> 
     </span>
     <span class='ocr_line' id='line_1_31' title="bbox 153 2274 954 2431; baseline -0.017 -25"><span class='ocrx_word' id='word_1_330' title='bbox 153 2274 954 2431; x_wconf 53' lang='lat' dir='ltr'>tuitiititliullliiuiiluliuliilti:</span> 
     </span>
     <span class='ocr_line' id='line_1_32' title="bbox 154 2417 954 2503; baseline -0.005 -26"><span class='ocrx_word' id='word_1_331' title='bbox 154 2437 233 2494; x_wconf 89' lang='lat' dir='ltr'>scopi</span> <span class='ocrx_word' id='word_1_332' title='bbox 243 2436 325 2503; x_wconf 86' lang='lat' dir='ltr'>primi</span> <span class='ocrx_word' id='word_1_333' title='bbox 331 2419 542 2491; x_wconf 69' lang='lat' dir='ltr'>limenensis.»</span> <span class='ocrx_word' id='word_1_334' title='bbox 556 2420 586 2475; x_wconf 95' lang='lat' dir='ltr'>ln</span> <span class='ocrx_word' id='word_1_335' title='bbox 594 2433 716 2490; x_wconf 75' lang='lat' dir='ltr'>margine</span> <span class='ocrx_word' id='word_1_336' title='bbox 724 2417 852 2499; x_wconf 83' lang='lat' dir='ltr'>babetur,</span> <span class='ocrx_word' id='word_1_337' title='bbox 858 2417 954 2488; x_wconf 72' lang='lat' dir='ltr'>festum</span> 
     </span>
     <span class='ocr_line' id='line_1_33' title="bbox 154 2489 955 2573; baseline 0 -27"><span class='ocrx_word' id='word_1_338' title='bbox 154 2492 185 2546; x_wconf 87' lang='lat' dir='ltr'>in</span> <span class='ocrx_word' id='word_1_339' title='bbox 198 2493 303 2548; x_wconf 62' lang='lat' dir='ltr'>desub</span> <span class='ocrx_word' id='word_1_340' title='bbox 324 2515 334 2541; x_wconf 76' lang='grc' dir='ltr'>ι</span> <span class='ocrx_word' id='word_1_341' title='bbox 352 2491 501 2573; x_wconf 73' lang='lat' dir='ltr'>llerculani</span> <span class='ocrx_word' id='word_1_342' title='bbox 516 2489 639 2571; x_wconf 84' lang='lat' dir='ltr'>episcopi</span> <span class='ocrx_word' id='word_1_343' title='bbox 659 2496 687 2571; x_wconf 82' lang='lat' dir='ltr'>et</span> <span class='ocrx_word' id='word_1_344' title='bbox 701 2499 844 2573; x_wconf 69' lang='lat' dir='ltr'>martyris</span> <span class='ocrx_word' id='word_1_345' title='bbox 864 2491 955 2546; x_wconf 90' lang='lat' dir='ltr'>Ama-</span> 
     </span>
     <span class='ocr_line' id='line_1_34' title="bbox 156 2560 911 2642; baseline -0.003 -23"><span class='ocrx_word' id='word_1_346' title='bbox 156 2563 250 2620; x_wconf 91' lang='lat' dir='ltr'>rauthi</span> <span class='ocrx_word' id='word_1_347' title='bbox 264 2570 407 2635; x_wconf 80' lang='lat' dir='ltr'>martyris.</span> <span class='ocrx_word' id='word_1_348' title='bbox 422 2562 540 2619; x_wconf 77' lang='lat' dir='ltr'>Achille</span> <span class='ocrx_word' id='word_1_349' title='bbox 558 2577 679 2634; x_wconf 84' lang='lat' dir='ltr'>episcopi</span> <span class='ocrx_word' id='word_1_350' title='bbox 695 2560 880 2642; x_wconf 76' lang='lat' dir='ltr'>Alexandrus.</span> <span class='ocrx_word' id='word_1_351' title='bbox 900 2585 911 2610; x_wconf 74' lang='grc' dir='ltr'><strong>ι</strong></span> 
     </span>
    </p>

    <p class='ocr_par' dir='ltr' id='par_1_9' title="bbox 190 2631 862 2702">
     <span class='ocr_line' id='line_1_35' title="bbox 190 2631 862 2702; baseline -0.003 -11"><span class='ocrx_word' id='word_1_352' title='bbox 190 2635 222 2691; x_wconf 92' lang='lat' dir='ltr'>ln</span> <span class='ocrx_word' id='word_1_353' title='bbox 238 2635 374 2692; x_wconf 78' lang='lat' dir='ltr'>Viricau.</span> <span class='ocrx_word' id='word_1_354' title='bbox 390 2651 419 2691; x_wconf 92' lang='lat' dir='ltr'>ii.</span> <span class='ocrx_word' id='word_1_355' title='bbox 435 2634 516 2702; x_wconf 80' lang='lat' dir='ltr'>nois,</span> <span class='ocrx_word' id='word_1_356' title='bbox 533 2633 605 2689; x_wconf 92' lang='lat' dir='ltr'>nibil</span> <span class='ocrx_word' id='word_1_357' title='bbox 620 2633 654 2690; x_wconf 87' lang='lat' dir='ltr'>de</span> <span class='ocrx_word' id='word_1_358' title='bbox 670 2631 862 2690; x_wconf 85' lang='lat' dir='ltr'>witlibrordo.</span> 
     </span>
    </p>

    <p class='ocr_par' dir='ltr' id='par_1_10' title="bbox 156 2704 955 2846">
     <span class='ocr_line' id='line_1_36' title="bbox 188 2704 955 2835; baseline -0.007 -71"><span class='ocrx_word' id='word_1_359' title='bbox 188 2707 383 2835; x_wconf 50' lang='lat' dir='ltr'>diffissus:</span> <span class='ocrx_word' id='word_1_360' title='bbox 415 2730 424 2754; x_wconf 81' lang='grc' dir='ltr'>ι</span> <span class='ocrx_word' id='word_1_361' title='bbox 442 2705 524 2833; x_wconf 54' lang='lat' dir='ltr'>ApuIA</span> <span class='ocrx_word' id='word_1_362' title='bbox 538 2705 682 2762; x_wconf 85' lang='lat' dir='ltr'>civitatem</span> <span class='ocrx_word' id='word_1_363' title='bbox 700 2704 869 2773; x_wconf 84' lang='lat' dir='ltr'>Padusuam,</span> <span class='ocrx_word' id='word_1_364' title='bbox 885 2719 955 2760; x_wconf 88' lang='lat' dir='ltr'>sau-</span> 
     </span>
     <span class='ocr_line' id='line_1_37' title="bbox 156 2777 661 2846; baseline -0.01 -10"><span class='ocrx_word' id='word_1_365' title='bbox 156 2787 195 2836; x_wconf 92' lang='lat' dir='ltr'>cti</span> <span class='ocrx_word' id='word_1_366' title='bbox 297 2777 395 2846; x_wconf 91' lang='lat' dir='ltr'>ocimi,</span> <span class='ocrx_word' id='word_1_367' title='bbox 408 2785 441 2834; x_wconf 90' lang='lat' dir='ltr'>ut</span> <span class='ocrx_word' id='word_1_368' title='bbox 453 2777 483 2832; x_wconf 95' lang='lat' dir='ltr'>iii</span> <span class='ocrx_word' id='word_1_369' title='bbox 521 2793 630 2833; x_wconf 88' lang='lat' dir='ltr'>emano.</span> <span class='ocrx_word' id='word_1_370' title='bbox 651 2801 661 2824; x_wconf 73' lang='grc' dir='ltr'>ι</span> 
     </span>
    </p>

    <p class='ocr_par' dir='ltr' id='par_1_11' title="bbox 191 2846 954 2908">
     <span class='ocr_line' id='line_1_38' title="bbox 191 2846 954 2908; baseline -0.007 -1"><span class='ocrx_word' id='word_1_371' title='bbox 191 2849 289 2908; x_wconf 78' lang='lat' dir='ltr'>codex</span> <span class='ocrx_word' id='word_1_372' title='bbox 309 2849 415 2906; x_wconf 83' lang='lat' dir='ltr'>llouris</span> <span class='ocrx_word' id='word_1_373' title='bbox 444 2849 554 2906; x_wconf 82' lang='lat' dir='ltr'>Sinuri.</span> <span class='ocrx_word' id='word_1_374' title='bbox 588 2872 597 2896; x_wconf 84' lang='lat'><strong>·</strong></span> <span class='ocrx_word' id='word_1_375' title='bbox 621 2846 796 2904; x_wconf 84' lang='lat' dir='ltr'>Venerabilis</span> <span class='ocrx_word' id='word_1_376' title='bbox 821 2847 954 2904; x_wconf 87' lang='lat' dir='ltr'>transitus</span> 
     </span>
    </p>

    <p class='ocr_par' dir='ltr' id='par_1_12' title="bbox 156 2918 954 2991">
     <span class='ocr_line' id='line_1_39' title="bbox 156 2918 954 2991; baseline -0.004 -15"><span class='ocrx_word' id='word_1_377' title='bbox 156 2920 329 2978; x_wconf 77' lang='lat' dir='ltr'>nobiissime</span> <span class='ocrx_word' id='word_1_378' title='bbox 341 2919 459 2991; x_wconf 79' lang='lat' dir='ltr'>uirqiuis</span> <span class='ocrx_word' id='word_1_379' title='bbox 473 2918 637 2976; x_wconf 88' lang='lat' dir='ltr'>Gebetrudis</span> <span class='ocrx_word' id='word_1_380' title='bbox 652 2918 796 2975; x_wconf 76' lang='lat' dir='ltr'>abbatisse</span> <span class='ocrx_word' id='word_1_381' title='bbox 809 2918 954 2977; x_wconf 86' lang='lat' dir='ltr'>sanctissi-</span> 
     </span>
    </p>
   </div>
   <div class='ocr_carea' id='block_1_7' title="bbox 1009 1779 1809 2920">
    <p class='ocr_par' dir='ltr' id='par_1_13' title="bbox 1010 1779 1809 2417">
     <span class='ocr_line' id='line_1_40' title="bbox 1011 1779 1805 1860; baseline 0.003 -25"><span class='ocrx_word' id='word_1_382' title='bbox 1011 1779 1086 1860; x_wconf 86' lang='lat' dir='ltr'>scopi</span> <span class='ocrx_word' id='word_1_383' title='bbox 1107 1788 1133 1834; x_wconf 90' lang='lat' dir='ltr'>et</span> <span class='ocrx_word' id='word_1_384' title='bbox 1147 1796 1199 1835; x_wconf 91' lang='lat' dir='ltr'>con</span> <span class='ocrx_word' id='word_1_385' title='bbox 1214 1782 1322 1836; x_wconf 90' lang='lat' dir='ltr'>essoris.</span> <span class='ocrx_word' id='word_1_386' title='bbox 1341 1782 1512 1838; x_wconf 86' lang='lat' dir='ltr'>Piosdocimi</span> <span class='ocrx_word' id='word_1_387' title='bbox 1525 1782 1646 1854; x_wconf 89' lang='lat' dir='ltr'>episcopi</span> <span class='ocrx_word' id='word_1_388' title='bbox 1661 1790 1689 1840; x_wconf 92' lang='lat' dir='ltr'>et</span> <span class='ocrx_word' id='word_1_389' title='bbox 1702 1798 1753 1838; x_wconf 90' lang='lat' dir='ltr'>con</span> <span class='ocrx_word' id='word_1_390' title='bbox 1767 1798 1805 1837; x_wconf 89' lang='lat' dir='ltr'>es-</span> 
     </span>
     <span class='ocr_line' id='line_1_41' title="bbox 1011 1851 1807 1980; baseline 0.003 -74"><span class='ocrx_word' id='word_1_391' title='bbox 1011 1867 1090 1931; x_wconf 83' lang='lat' dir='ltr'>sons.</span> <span class='ocrx_word' id='word_1_392' title='bbox 1106 1851 1159 1918; x_wconf 88' lang='lat' dir='ltr'>Qui</span> <span class='ocrx_word' id='word_1_393' title='bbox 1180 1868 1243 1906; x_wconf 87' lang='lat' dir='ltr'>cuni</span> <span class='ocrx_word' id='word_1_394' title='bbox 1258 1852 1338 1908; x_wconf 92' lang='lat' dir='ltr'>beato</span> <span class='ocrx_word' id='word_1_395' title='bbox 1361 1855 1451 1910; x_wconf 86' lang='lat' dir='ltr'>Marco</span> <span class='ocrx_word' id='word_1_396' title='bbox 1467 1853 1634 1980; x_wconf 61' lang='lat' dir='ltr'>evanlqelista</span> <span class='ocrx_word' id='word_1_397' title='bbox 1654 1860 1682 1909; x_wconf 89' lang='lat' dir='ltr'>et</span> <span class='ocrx_word' id='word_1_398' title='bbox 1696 1855 1807 1925; x_wconf 85' lang='lat' dir='ltr'>Appol-</span> 
     </span>
     <span class='ocr_line' id='line_1_42' title="bbox 1011 1921 1806 1993; baseline 0.003 -16"><span class='ocrx_word' id='word_1_399' title='bbox 1011 1921 1098 1977; x_wconf 90' lang='lat' dir='ltr'>liuare</span> <span class='ocrx_word' id='word_1_400' title='bbox 1113 1921 1248 1979; x_wconf 83' lang='lat' dir='ltr'>liboniam</span> <span class='ocrx_word' id='word_1_401' title='bbox 1267 1923 1392 1993; x_wconf 88' lang='lat' dir='ltr'>veniens,</span> <span class='ocrx_word' id='word_1_402' title='bbox 1407 1924 1514 1980; x_wconf 79' lang='lat' dir='ltr'>abesto</span> <span class='ocrx_word' id='word_1_403' title='bbox 1554 1933 1614 1980; x_wconf 91' lang='lat' dir='ltr'>etro</span> <span class='ocrx_word' id='word_1_404' title='bbox 1632 1924 1740 1981; x_wconf 83' lang='lat' dir='ltr'>civitati</span> <span class='ocrx_word' id='word_1_405' title='bbox 1759 1925 1806 1979; x_wconf 86' lang='lat' dir='ltr'>Pa·</span> 
     </span>
     <span class='ocr_line' id='line_1_43' title="bbox 1011 1993 1807 2068; baseline 0.001 -19"><span class='ocrx_word' id='word_1_406' title='bbox 1011 1994 1112 2050; x_wconf 81' lang='lat' dir='ltr'>taviuae</span> <span class='ocrx_word' id='word_1_407' title='bbox 1123 1993 1268 2050; x_wconf 87' lang='lat' dir='ltr'>ordinatus</span> <span class='ocrx_word' id='word_1_408' title='bbox 1279 1995 1434 2067; x_wconf 86' lang='lat' dir='ltr'>episcopus.</span> <span class='ocrx_word' id='word_1_409' title='bbox 1453 2012 1517 2052; x_wconf 87' lang='lat' dir='ltr'>cuin</span> <span class='ocrx_word' id='word_1_410' title='bbox 1532 1996 1666 2068; x_wconf 92' lang='lat' dir='ltr'>pupulum</span> <span class='ocrx_word' id='word_1_411' title='bbox 1681 1994 1807 2051; x_wconf 91' lang='lat' dir='ltr'>inuuuie·</span> 
     </span>
     <span class='ocr_line' id='line_1_44' title="bbox 1010 2064 1808 2138; baseline 0.003 -19"><span class='ocrx_word' id='word_1_412' title='bbox 1010 2081 1071 2119; x_wconf 91' lang='lat' dir='ltr'>rum</span> <span class='ocrx_word' id='word_1_413' title='bbox 1102 2064 1168 2119; x_wconf 85' lang='lat' dir='ltr'>fidei</span> <span class='ocrx_word' id='word_1_414' title='bbox 1194 2065 1299 2120; x_wconf 80' lang='lat' dir='ltr'>Christi</span> <span class='ocrx_word' id='word_1_415' title='bbox 1330 2066 1533 2138; x_wconf 81' lang='lat' dir='ltr'>acquisivisset,</span> <span class='ocrx_word' id='word_1_416' title='bbox 1566 2065 1676 2121; x_wconf 77' lang='lat' dir='ltr'>tandem</span> <span class='ocrx_word' id='word_1_417' title='bbox 1710 2066 1808 2138; x_wconf 92' lang='lat' dir='ltr'>plenus</span> 
     </span>
     <span class='ocr_line' id='line_1_45' title="bbox 1010 2133 1809 2217; baseline 0 -26"><span class='ocrx_word' id='word_1_418' title='bbox 1010 2133 1130 2201; x_wconf 91' lang='lat' dir='ltr'>dierum,</span> <span class='ocrx_word' id='word_1_419' title='bbox 1151 2135 1311 2191; x_wconf 89' lang='lat' dir='ltr'>meritorum</span> <span class='ocrx_word' id='word_1_420' title='bbox 1327 2152 1359 2192; x_wconf 91' lang='lat' dir='ltr'>ac</span> <span class='ocrx_word' id='word_1_421' title='bbox 1378 2136 1574 2193; x_wconf 86' lang='lat' dir='ltr'>miraculorum</span> <span class='ocrx_word' id='word_1_422' title='bbox 1588 2135 1686 2209; x_wconf 76' lang='lat' dir='ltr'>gloria,</span> <span class='ocrx_word' id='word_1_423' title='bbox 1702 2136 1809 2217; x_wconf 88' lang='lat' dir='ltr'>quievit</span> 
     </span>
     <span class='ocr_line' id='line_1_46' title="bbox 1010 2206 1807 2280; baseline 0.003 -18"><span class='ocrx_word' id='word_1_424' title='bbox 1010 2222 1083 2262; x_wconf 88' lang='lat' dir='ltr'>anno</span> <span class='ocrx_word' id='word_1_425' title='bbox 1099 2206 1270 2279; x_wconf 88' lang='lat' dir='ltr'>episcopatus</span> <span class='ocrx_word' id='word_1_426' title='bbox 1287 2207 1329 2263; x_wconf 91' lang='lat' dir='ltr'>sui</span> <span class='ocrx_word' id='word_1_427' title='bbox 1351 2224 1428 2264; x_wconf 81' lang='lat' dir='ltr'>xciii.</span> <span class='ocrx_word' id='word_1_428' title='bbox 1444 2208 1612 2280; x_wconf 78' lang='lat' dir='ltr'>Argentiuae,</span> <span class='ocrx_word' id='word_1_429' title='bbox 1635 2214 1723 2263; x_wconf 88' lang='lat' dir='ltr'>saiicti</span> <span class='ocrx_word' id='word_1_430' title='bbox 1747 2208 1807 2264; x_wconf 82' lang='lat' dir='ltr'>Flo·</span> 
     </span>
     <span class='ocr_line' id='line_1_47' title="bbox 1011 2277 1807 2350; baseline 0.004 -18"><span class='ocrx_word' id='word_1_431' title='bbox 1011 2277 1113 2334; x_wconf 91' lang='lat' dir='ltr'>rentini</span> <span class='ocrx_word' id='word_1_432' title='bbox 1127 2278 1247 2350; x_wconf 89' lang='lat' dir='ltr'>episcopi</span> <span class='ocrx_word' id='word_1_433' title='bbox 1270 2287 1297 2333; x_wconf 89' lang='lat' dir='ltr'>et</span> <span class='ocrx_word' id='word_1_434' title='bbox 1310 2279 1485 2335; x_wconf 84' lang='lat' dir='ltr'>confessoris.</span> <span class='ocrx_word' id='word_1_435' title='bbox 1505 2280 1537 2335; x_wconf 94' lang='lat' dir='ltr'>lu</span> <span class='ocrx_word' id='word_1_436' title='bbox 1558 2278 1699 2337; x_wconf 89' lang='lat' dir='ltr'>territorio</span> <span class='ocrx_word' id='word_1_437' title='bbox 1723 2278 1807 2335; x_wconf 87' lang='lat' dir='ltr'>Turo-</span> 
     </span>
     <span class='ocr_line' id='line_1_48' title="bbox 1010 2347 1495 2417; baseline 0 -12"><span class='ocrx_word' id='word_1_438' title='bbox 1010 2348 1083 2417; x_wconf 89' lang='lat' dir='ltr'>uico,</span> <span class='ocrx_word' id='word_1_439' title='bbox 1100 2349 1186 2405; x_wconf 89' lang='lat' dir='ltr'>sancti</span> <span class='ocrx_word' id='word_1_440' title='bbox 1201 2347 1280 2404; x_wconf 85' lang='lat' dir='ltr'>Baldi</span> <span class='ocrx_word' id='word_1_441' title='bbox 1295 2350 1469 2407; x_wconf 83' lang='lat' dir='ltr'>confessoris.</span> <span class='ocrx_word' id='word_1_442' title='bbox 1486 2375 1495 2397; x_wconf 83' lang='lat'><strong>»</strong></span> 
     </span>
    </p>

    <p class='ocr_par' dir='ltr' id='par_1_14' title="bbox 1009 2419 1807 2920">
     <span class='ocr_line' id='line_1_49' title="bbox 1045 2419 1805 2488; baseline 0.001 -12"><span class='ocrx_word' id='word_1_443' title='bbox 1045 2420 1154 2477; x_wconf 79' lang='lat' dir='ltr'>blonuu.</span> <span class='ocrx_word' id='word_1_444' title='bbox 1171 2419 1205 2475; x_wconf 92' lang='lat' dir='ltr'>de</span> <span class='ocrx_word' id='word_1_445' title='bbox 1225 2420 1406 2477; x_wconf 79' lang='lat' dir='ltr'>willibrordo</span> <span class='ocrx_word' id='word_1_446' title='bbox 1423 2420 1522 2477; x_wconf 90' lang='lat' dir='ltr'>litteris</span> <span class='ocrx_word' id='word_1_447' title='bbox 1536 2420 1651 2487; x_wconf 88' lang='lat' dir='ltr'>Italicis,</span> <span class='ocrx_word' id='word_1_448' title='bbox 1667 2419 1698 2475; x_wconf 92' lang='lat' dir='ltr'>in</span> <span class='ocrx_word' id='word_1_449' title='bbox 1714 2427 1805 2488; x_wconf 84' lang='lat' dir='ltr'>textu,</span> 
     </span>
     <span class='ocr_line' id='line_1_50' title="bbox 1014 2490 1807 2620; baseline -0.001 -72"><span class='ocrx_word' id='word_1_450' title='bbox 1014 2491 1127 2561; x_wconf 68' lang='lat' dir='ltr'>Traiecti</span> <span class='ocrx_word' id='word_1_451' title='bbox 1133 2490 1280 2561; x_wconf 67' lang='lat' dir='ltr'>inferioris.</span> <span class='ocrx_word' id='word_1_452' title='bbox 1289 2491 1366 2548; x_wconf 88' lang='lat' dir='ltr'>Tunc</span> <span class='ocrx_word' id='word_1_453' title='bbox 1373 2492 1584 2620; x_wconf 49' lang='lat' dir='ltr'>tppisminutis:</span> <span class='ocrx_word' id='word_1_454' title='bbox 1602 2516 1611 2540; x_wconf 72' lang='grc' dir='ltr'>ι</span> <span class='ocrx_word' id='word_1_455' title='bbox 1624 2491 1677 2559; x_wconf 90' lang='lat' dir='ltr'>Qui</span> <span class='ocrx_word' id='word_1_456' title='bbox 1688 2491 1807 2564; x_wconf 85' lang='lat' dir='ltr'>quiescit</span> 
     </span>
     <span class='ocr_line' id='line_1_51' title="bbox 1010 2562 1805 2636; baseline 0 -19"><span class='ocrx_word' id='word_1_457' title='bbox 1010 2563 1082 2619; x_wconf 88' lang='lat' dir='ltr'>inter</span> <span class='ocrx_word' id='word_1_458' title='bbox 1093 2562 1233 2618; x_wconf 75' lang='lat' dir='ltr'>Treuerim</span> <span class='ocrx_word' id='word_1_459' title='bbox 1244 2570 1271 2618; x_wconf 88' lang='lat' dir='ltr'>ct</span> <span class='ocrx_word' id='word_1_460' title='bbox 1281 2563 1385 2618; x_wconf 84' lang='lat' dir='ltr'>Lutzen</span> <span class='ocrx_word' id='word_1_461' title='bbox 1405 2579 1514 2632; x_wconf 72' lang='lat' dir='ltr'>usquin,</span> <span class='ocrx_word' id='word_1_462' title='bbox 1528 2564 1557 2618; x_wconf 94' lang='lat' dir='ltr'>in</span> <span class='ocrx_word' id='word_1_463' title='bbox 1573 2563 1675 2636; x_wconf 91' lang='lat' dir='ltr'>oppido</span> <span class='ocrx_word' id='word_1_464' title='bbox 1688 2572 1716 2618; x_wconf 91' lang='lat' dir='ltr'>et</span> <span class='ocrx_word' id='word_1_465' title='bbox 1731 2565 1805 2634; x_wconf 83' lang='lat' dir='ltr'>(rnr-</span> 
     </span>
     <span class='ocr_line' id='line_1_52' title="bbox 1009 2633 1806 2704; baseline -0.001 -14"><span class='ocrx_word' id='word_1_466' title='bbox 1009 2651 1054 2690; x_wconf 82' lang='lat' dir='ltr'>sisi</span> <span class='ocrx_word' id='word_1_467' title='bbox 1068 2634 1183 2704; x_wconf 83' lang='lat' dir='ltr'>ltelicis)</span> <span class='ocrx_word' id='word_1_468' title='bbox 1204 2635 1233 2688; x_wconf 90' lang='lat' dir='ltr'>iii</span> <span class='ocrx_word' id='word_1_469' title='bbox 1245 2634 1411 2690; x_wconf 89' lang='lat' dir='ltr'>monasterio</span> <span class='ocrx_word' id='word_1_470' title='bbox 1431 2635 1614 2703; x_wconf 86' lang='lat' dir='ltr'>Ecbternaco,</span> <span class='ocrx_word' id='word_1_471' title='bbox 1630 2633 1806 2689; x_wconf 84' lang='lat' dir='ltr'>Treverensis</span> 
     </span>
     <span class='ocr_line' id='line_1_53' title="bbox 1009 2703 1806 2785; baseline -0.004 -24"><span class='ocrx_word' id='word_1_472' title='bbox 1009 2705 1155 2764; x_wconf 83' lang='lat' dir='ltr'>dioeeesis:</span> <span class='ocrx_word' id='word_1_473' title='bbox 1172 2703 1253 2776; x_wconf 85' lang='lat' dir='ltr'>cujus</span> <span class='ocrx_word' id='word_1_474' title='bbox 1264 2712 1343 2761; x_wconf 91' lang='lat' dir='ltr'>actus</span> <span class='ocrx_word' id='word_1_475' title='bbox 1357 2705 1431 2761; x_wconf 84' lang='lat' dir='ltr'>lleda</span> <span class='ocrx_word' id='word_1_476' title='bbox 1445 2703 1588 2785; x_wconf 86' lang='lat' dir='ltr'>presbyter</span> <span class='ocrx_word' id='word_1_477' title='bbox 1611 2705 1639 2759; x_wconf 94' lang='lat' dir='ltr'>in</span> <span class='ocrx_word' id='word_1_478' title='bbox 1655 2704 1737 2774; x_wconf 81' lang='lat' dir='ltr'>gestis</span> <span class='ocrx_word' id='word_1_479' title='bbox 1751 2704 1806 2758; x_wconf 86' lang='lat' dir='ltr'>Au·</span> 
     </span>
     <span class='ocr_line' id='line_1_54' title="bbox 1010 2774 1807 2850; baseline -0.004 -17"><span class='ocrx_word' id='word_1_480' title='bbox 1010 2779 1117 2850; x_wconf 79' lang='lat' dir='ltr'>giorum</span> <span class='ocrx_word' id='word_1_481' title='bbox 1132 2776 1275 2833; x_wconf 83' lang='lat' dir='ltr'>describit.</span> <span class='ocrx_word' id='word_1_482' title='bbox 1288 2777 1340 2832; x_wconf 85' lang='lat' dir='ltr'>llic</span> <span class='ocrx_word' id='word_1_483' title='bbox 1354 2776 1472 2847; x_wconf 81' lang='lat' dir='ltr'>aSeigio</span> <span class='ocrx_word' id='word_1_484' title='bbox 1484 2792 1552 2847; x_wconf 82' lang='lat' dir='ltr'>papa</span> <span class='ocrx_word' id='word_1_485' title='bbox 1561 2778 1653 2832; x_wconf 74' lang='lat' dir='ltr'>Romus</span> <span class='ocrx_word' id='word_1_486' title='bbox 1663 2774 1807 2832; x_wconf 88' lang='lat' dir='ltr'>ordinatus</span> 
     </span>
     <span class='ocr_line' id='line_1_55' title="bbox 1009 2846 1805 2920; baseline -0.004 -15"><span class='ocrx_word' id='word_1_487' title='bbox 1009 2858 1060 2918; x_wconf 91' lang='lat' dir='ltr'>est,</span> <span class='ocrx_word' id='word_1_488' title='bbox 1076 2856 1104 2904; x_wconf 91' lang='lat' dir='ltr'>et</span> <span class='ocrx_word' id='word_1_489' title='bbox 1124 2848 1153 2903; x_wconf 95' lang='lat' dir='ltr'>in</span> <span class='ocrx_word' id='word_1_490' title='bbox 1166 2847 1340 2904; x_wconf 88' lang='lat' dir='ltr'>Germaniam</span> <span class='ocrx_word' id='word_1_491' title='bbox 1364 2847 1398 2903; x_wconf 89' lang='lat' dir='ltr'>ad</span> <span class='ocrx_word' id='word_1_492' title='bbox 1414 2846 1620 2920; x_wconf 73' lang='lat' dir='ltr'>praedicandum</span> <span class='ocrx_word' id='word_1_493' title='bbox 1642 2846 1805 2913; x_wconf 90' lang='lat' dir='ltr'>destinatus,</span> 
     </span>
    </p>
   </div>
   <div class='ocr_carea' id='block_1_8' title="bbox 1009 2916 1807 2992">
    <p class='ocr_par' dir='ltr' id='par_1_15' title="bbox 1009 2916 1807 2992">
     <span class='ocr_line' id='line_1_56' title="bbox 1009 2916 1807 2992; baseline -0.004 -17"><span class='ocrx_word' id='word_1_494' title='bbox 1009 2919 1167 2992; x_wconf 89' lang='lat' dir='ltr'>ibidemque</span> <span class='ocrx_word' id='word_1_495' title='bbox 1176 2916 1322 2992; x_wconf 85' lang='lat' dir='ltr'>requievit.</span> <span class='ocrx_word' id='word_1_496' title='bbox 1338 2945 1348 2966; x_wconf 82' lang='lat'><strong>·</strong></span> <span class='ocrx_word' id='word_1_497' title='bbox 1368 2918 1437 2975; x_wconf 82' lang='lat' dir='ltr'>Turn</span> <span class='ocrx_word' id='word_1_498' title='bbox 1449 2935 1484 2974; x_wconf 86' lang='lat' dir='ltr'>eii</span> <span class='ocrx_word' id='word_1_499' title='bbox 1496 2919 1622 2975; x_wconf 75' lang='lat' dir='ltr'>liubane:</span> <span class='ocrx_word' id='word_1_500' title='bbox 1647 2917 1739 2974; x_wconf 83' lang='lat' dir='ltr'>«Item</span> <span class='ocrx_word' id='word_1_501' title='bbox 1746 2931 1807 2972; x_wconf 87' lang='lat' dir='ltr'>san·</span> 
     </span>
    </p>
   </div>
   <div class='ocr_carea' id='block_1_9' title="bbox 156 2986 1806 3146">
    <p class='ocr_par' dir='ltr' id='par_1_16' title="bbox 156 2986 1806 3146">
     <span class='ocr_line' id='line_1_57' title="bbox 158 2986 1806 3064; baseline -0.003 -17"><span class='ocrx_word' id='word_1_502' title='bbox 158 3008 223 3060; x_wconf 77' lang='lat' dir='ltr'>mre,</span> <span class='ocrx_word' id='word_1_503' title='bbox 239 2991 344 3048; x_wconf 83' lang='lat' dir='ltr'>sororis</span> <span class='ocrx_word' id='word_1_504' title='bbox 356 2991 429 3048; x_wconf 80' lang='lat' dir='ltr'>beuti</span> <span class='ocrx_word' id='word_1_505' title='bbox 441 2991 584 3063; x_wconf 79' lang='lat' dir='ltr'>Adelphii,</span> <span class='ocrx_word' id='word_1_506' title='bbox 599 3007 660 3064; x_wconf 83' lang='lat' dir='ltr'>quae</span> <span class='ocrx_word' id='word_1_507' title='bbox 674 2989 732 3046; x_wconf 91' lang='lat' dir='ltr'>suis</span> <span class='ocrx_word' id='word_1_508' title='bbox 746 2990 853 3047; x_wconf 90' lang='lat' dir='ltr'>meritis</span> <span class='ocrx_word' id='word_1_509' title='bbox 867 2991 955 3047; x_wconf 84' lang='lat' dir='ltr'>multa</span> <span class='ocrx_word' id='word_1_510' title='bbox 1010 2991 1047 3049; x_wconf 86' lang='lat' dir='ltr'>cti</span> <span class='ocrx_word' id='word_1_511' title='bbox 1064 2991 1126 3049; x_wconf 85' lang='lat' dir='ltr'>liuli</span> <span class='ocrx_word' id='word_1_512' title='bbox 1139 2991 1269 3048; x_wconf 81' lang='lat' dir='ltr'>Metensis</span> <span class='ocrx_word' id='word_1_513' title='bbox 1283 2989 1361 3046; x_wconf 91' lang='lat' dir='ltr'>urhis</span> <span class='ocrx_word' id='word_1_514' title='bbox 1376 2990 1497 3062; x_wconf 90' lang='lat' dir='ltr'>episcopi</span> <span class='ocrx_word' id='word_1_515' title='bbox 1520 2996 1547 3045; x_wconf 89' lang='lat' dir='ltr'>et</span> <span class='ocrx_word' id='word_1_516' title='bbox 1561 2988 1738 3054; x_wconf 85' lang='lat' dir='ltr'>confessoris,</span> <span class='ocrx_word' id='word_1_517' title='bbox 1757 2986 1806 3059; x_wconf 94' lang='lat' dir='ltr'>qui</span> 
     </span>
     <span class='ocr_line' id='line_1_58' title="bbox 156 3055 1806 3146; baseline -0.004 -27"><span class='ocrx_word' id='word_1_518' title='bbox 156 3062 305 3131; x_wconf 86' lang='lat' dir='ltr'>beneficia,</span> <span class='ocrx_word' id='word_1_519' title='bbox 316 3077 344 3118; x_wconf 88' lang='lat' dir='ltr'>se</span> <span class='ocrx_word' id='word_1_520' title='bbox 353 3060 949 3146; x_wconf 66' lang='lat' dir='ltr'>summadevotiouequaerentibusprestat.·</span> <span class='ocrx_word' id='word_1_521' title='bbox 973 3055 996 3116; x_wconf 85' lang='lat' dir='ltr'><strong>G</strong></span> <span class='ocrx_word' id='word_1_522' title='bbox 1009 3064 1159 3120; x_wconf 87' lang='lat' dir='ltr'>translatus</span> <span class='ocrx_word' id='word_1_523' title='bbox 1170 3070 1211 3118; x_wconf 90' lang='lat' dir='ltr'>est</span> <span class='ocrx_word' id='word_1_524' title='bbox 1225 3061 1381 3134; x_wconf 84' lang='lat' dir='ltr'>apraedicta</span> <span class='ocrx_word' id='word_1_525' title='bbox 1390 3060 1467 3127; x_wconf 90' lang='lat' dir='ltr'>urbe,</span> <span class='ocrx_word' id='word_1_526' title='bbox 1478 3060 1666 3117; x_wconf 87' lang='lat' dir='ltr'>consentiente</span> <span class='ocrx_word' id='word_1_527' title='bbox 1681 3061 1806 3130; x_wconf 81' lang='lat' dir='ltr'>Drogonc</span> 
     </span>
    </p>
   </div>
   <div class='ocr_carea' id='block_1_10' title="bbox 154 3133 955 4430">
    <p class='ocr_par' dir='ltr' id='par_1_17' title="bbox 154 3133 955 4430">
     <span class='ocr_line' id='line_1_59' title="bbox 196 3133 953 3206; baseline -0.001 -16"><span class='ocrx_word' id='word_1_528' title='bbox 196 3133 295 3190; x_wconf 76' lang='lat' dir='ltr'>Editio</span> <span class='ocrx_word' id='word_1_529' title='bbox 313 3133 497 3192; x_wconf 82' lang='lat' dir='ltr'>busaeo-Cui.</span> <span class='ocrx_word' id='word_1_530' title='bbox 522 3134 551 3190; x_wconf 94' lang='lat' dir='ltr'>in</span> <span class='ocrx_word' id='word_1_531' title='bbox 576 3149 665 3206; x_wconf 89' lang='lat' dir='ltr'>prims</span> <span class='ocrx_word' id='word_1_532' title='bbox 685 3150 754 3206; x_wconf 85' lang='lat' dir='ltr'>pura</span> <span class='ocrx_word' id='word_1_533' title='bbox 778 3144 830 3202; x_wconf 88' lang='lat' dir='ltr'>est,</span> <span class='ocrx_word' id='word_1_534' title='bbox 854 3151 883 3190; x_wconf 94' lang='lat' dir='ltr'>in</span> <span class='ocrx_word' id='word_1_535' title='bbox 904 3149 953 3189; x_wconf 89' lang='lat' dir='ltr'>se-</span> 
     </span>
     <span class='ocr_line' id='line_1_60' title="bbox 155 3202 952 3276; baseline -0.001 -16"><span class='ocrx_word' id='word_1_536' title='bbox 155 3205 251 3261; x_wconf 84' lang='lat' dir='ltr'>cundu</span> <span class='ocrx_word' id='word_1_537' title='bbox 273 3205 405 3261; x_wconf 86' lang='lat' dir='ltr'>inseritur</span> <span class='ocrx_word' id='word_1_538' title='bbox 426 3206 525 3273; x_wconf 78' lang='lat' dir='ltr'>lutila,</span> <span class='ocrx_word' id='word_1_539' title='bbox 549 3212 581 3260; x_wconf 93' lang='lat' dir='ltr'>ut</span> <span class='ocrx_word' id='word_1_540' title='bbox 602 3223 635 3261; x_wconf 90' lang='lat' dir='ltr'>su</span> <span class='ocrx_word' id='word_1_541' title='bbox 656 3219 694 3261; x_wconf 89' lang='lat' dir='ltr'>ra.</span> <span class='ocrx_word' id='word_1_542' title='bbox 720 3205 809 3261; x_wconf 83' lang='lat' dir='ltr'>Tum:</span> <span class='ocrx_word' id='word_1_543' title='bbox 842 3202 952 3276; x_wconf 83' lang='lat' dir='ltr'>«Apud</span> 
     </span>
     <span class='ocr_line' id='line_1_61' title="bbox 155 3221 950 3357; baseline -0.001 -25"><span class='ocrx_word' id='word_1_544' title='bbox 155 3276 334 3348; x_wconf 79' lang='lat' dir='ltr'>Albigensem</span> <span class='ocrx_word' id='word_1_545' title='bbox 362 3275 470 3345; x_wconf 87' lang='lat' dir='ltr'>urbem,</span> <span class='ocrx_word' id='word_1_546' title='bbox 503 3276 591 3332; x_wconf 88' lang='lat' dir='ltr'>saucti</span> <span class='ocrx_word' id='word_1_547' title='bbox 626 3221 781 3357; x_wconf 68' lang='lat' dir='ltr'>rimarantii</span> <span class='ocrx_word' id='word_1_548' title='bbox 810 3275 950 3357; x_wconf 78' lang='lat' dir='ltr'>martyris.</span> 
     </span>
     <span class='ocr_line' id='line_1_62' title="bbox 154 3346 953 3420; baseline -0.003 -17"><span class='ocrx_word' id='word_1_549' title='bbox 154 3347 209 3416; x_wconf 83' lang='lat' dir='ltr'>Qui</span> <span class='ocrx_word' id='word_1_550' title='bbox 226 3347 301 3420; x_wconf 84' lang='lat' dir='ltr'>apud</span> <span class='ocrx_word' id='word_1_551' title='bbox 322 3346 446 3404; x_wconf 83' lang='lat' dir='ltr'>eumdem</span> <span class='ocrx_word' id='word_1_552' title='bbox 460 3348 557 3404; x_wconf 90' lang='lat' dir='ltr'>urbem</span> <span class='ocrx_word' id='word_1_553' title='bbox 576 3357 673 3404; x_wconf 86' lang='lat' dir='ltr'>exacto</span> <span class='ocrx_word' id='word_1_554' title='bbox 691 3347 781 3404; x_wconf 87' lang='lat' dir='ltr'>lidelis</span> <span class='ocrx_word' id='word_1_555' title='bbox 793 3357 953 3405; x_wconf 87' lang='lat' dir='ltr'>certaminis</span> 
     </span>
     <span class='ocr_line' id='line_1_63' title="bbox 155 3417 953 3491; baseline -0.003 -15"><span class='ocrx_word' id='word_1_556' title='bbox 155 3434 250 3488; x_wconf 87' lang='lat' dir='ltr'>cursu,</span> <span class='ocrx_word' id='word_1_557' title='bbox 270 3417 374 3475; x_wconf 83' lang='lat' dir='ltr'>ibidem</span> <span class='ocrx_word' id='word_1_558' title='bbox 392 3420 517 3489; x_wconf 85' lang='lat' dir='ltr'>sepultus</span> <span class='ocrx_word' id='word_1_559' title='bbox 538 3419 610 3474; x_wconf 83' lang='lat' dir='ltr'>vivit</span> <span class='ocrx_word' id='word_1_560' title='bbox 633 3420 663 3475; x_wconf 91' lang='lat' dir='ltr'>iu</span> <span class='ocrx_word' id='word_1_561' title='bbox 682 3419 786 3490; x_wconf 79' lang='lat' dir='ltr'>gloria;</span> <span class='ocrx_word' id='word_1_562' title='bbox 812 3418 891 3491; x_wconf 83' lang='lat' dir='ltr'>cujus</span> <span class='ocrx_word' id='word_1_563' title='bbox 904 3435 953 3474; x_wconf 89' lang='lat' dir='ltr'>ss-</span> 
     </span>
     <span class='ocr_line' id='line_1_64' title="bbox 155 3490 954 3562; baseline -0.006 -14"><span class='ocrx_word' id='word_1_564' title='bbox 155 3506 234 3548; x_wconf 82' lang='lat' dir='ltr'>criiiii</span> <span class='ocrx_word' id='word_1_565' title='bbox 298 3491 406 3547; x_wconf 90' lang='lat' dir='ltr'>ulcruin</span> <span class='ocrx_word' id='word_1_566' title='bbox 420 3492 525 3548; x_wconf 88' lang='lat' dir='ltr'>virtute</span> <span class='ocrx_word' id='word_1_567' title='bbox 539 3490 642 3549; x_wconf 90' lang='lat' dir='ltr'>Christi</span> <span class='ocrx_word' id='word_1_568' title='bbox 664 3490 805 3547; x_wconf 90' lang='lat' dir='ltr'>miraculis</span> <span class='ocrx_word' id='word_1_569' title='bbox 819 3490 954 3562; x_wconf 82' lang='lat' dir='ltr'>frequen-</span> 
     </span>
     <span class='ocr_line' id='line_1_65' title="bbox 154 3560 954 3644; baseline -0.004 -25"><span class='ocrx_word' id='word_1_570' title='bbox 154 3562 232 3619; x_wconf 87' lang='lat' dir='ltr'>tibus</span> <span class='ocrx_word' id='word_1_571' title='bbox 253 3562 264 3618; x_wconf 95' lang='lat' dir='ltr'>i</span> <span class='ocrx_word' id='word_1_572' title='bbox 286 3569 418 3619; x_wconf 89' lang='lat' dir='ltr'>ustratur.</span> <span class='ocrx_word' id='word_1_573' title='bbox 439 3563 470 3618; x_wconf 90' lang='lat' dir='ltr'>ln</span> <span class='ocrx_word' id='word_1_574' title='bbox 483 3562 625 3618; x_wconf 89' lang='lat' dir='ltr'>territorio</span> <span class='ocrx_word' id='word_1_575' title='bbox 649 3560 810 3618; x_wconf 79' lang='lat' dir='ltr'>Treierensi</span> <span class='ocrx_word' id='word_1_576' title='bbox 829 3561 954 3644; x_wconf 80' lang='lat' dir='ltr'>lipther·</span> 
     </span>
     <span class='ocr_line' id='line_1_66' title="bbox 155 3632 954 3706; baseline -0.004 -15"><span class='ocrx_word' id='word_1_577' title='bbox 155 3648 225 3691; x_wconf 82' lang='lat' dir='ltr'>usco</span> <span class='ocrx_word' id='word_1_578' title='bbox 239 3633 417 3702; x_wconf 85' lang='lat' dir='ltr'>monasterio,</span> <span class='ocrx_word' id='word_1_579' title='bbox 434 3634 570 3706; x_wconf 89' lang='lat' dir='ltr'>depositio</span> <span class='ocrx_word' id='word_1_580' title='bbox 583 3633 672 3691; x_wconf 84' lang='lat' dir='ltr'>sancti</span> <span class='ocrx_word' id='word_1_581' title='bbox 687 3632 867 3690; x_wconf 82' lang='lat' dir='ltr'>willebrordi</span> <span class='ocrx_word' id='word_1_582' title='bbox 882 3633 954 3688; x_wconf 79' lang='lat' dir='ltr'>Tra-</span> 
     </span>
     <span class='ocr_line' id='line_1_67' title="bbox 155 3703 954 3778; baseline 0 -17"><span class='ocrx_word' id='word_1_583' title='bbox 155 3703 287 3777; x_wconf 76' lang='lat' dir='ltr'>jsetsusia</span> <span class='ocrx_word' id='word_1_584' title='bbox 306 3704 456 3762; x_wconf 80' lang='lat' dir='ltr'>interioris.</span> <span class='ocrx_word' id='word_1_585' title='bbox 480 3706 602 3778; x_wconf 88' lang='lat' dir='ltr'>episcopi</span> <span class='ocrx_word' id='word_1_586' title='bbox 624 3713 653 3762; x_wconf 91' lang='lat' dir='ltr'>et</span> <span class='ocrx_word' id='word_1_587' title='bbox 669 3705 845 3762; x_wconf 79' lang='lat' dir='ltr'>confessoris.</span> <span class='ocrx_word' id='word_1_588' title='bbox 868 3703 954 3776; x_wconf 87' lang='lat' dir='ltr'>Cujus</span> 
     </span>
     <span class='ocr_line' id='line_1_68' title="bbox 159 3775 953 3850; baseline -0.001 -17"><span class='ocrx_word' id='word_1_589' title='bbox 159 3775 254 3845; x_wconf 80' lang='lat' dir='ltr'>main,</span> <span class='ocrx_word' id='word_1_590' title='bbox 264 3775 331 3833; x_wconf 87' lang='lat' dir='ltr'>duur</span> <span class='ocrx_word' id='word_1_591' title='bbox 344 3776 437 3833; x_wconf 90' lang='lat' dir='ltr'>adbuc</span> <span class='ocrx_word' id='word_1_592' title='bbox 449 3792 511 3833; x_wconf 87' lang='lat' dir='ltr'>eum</span> <span class='ocrx_word' id='word_1_593' title='bbox 528 3777 558 3833; x_wconf 92' lang='lat' dir='ltr'>iii</span> <span class='ocrx_word' id='word_1_594' title='bbox 570 3784 649 3833; x_wconf 89' lang='lat' dir='ltr'>utero</span> <span class='ocrx_word' id='word_1_595' title='bbox 659 3793 710 3833; x_wconf 91' lang='lat' dir='ltr'>suo</span> <span class='ocrx_word' id='word_1_596' title='bbox 721 3784 848 3850; x_wconf 71' lang='lat' dir='ltr'>gestaret,</span> <span class='ocrx_word' id='word_1_597' title='bbox 862 3776 953 3832; x_wconf 90' lang='lat' dir='ltr'>visum</span> 
     </span>
     <span class='ocr_line' id='line_1_69' title="bbox 160 3846 955 3921; baseline -0.003 -17"><span class='ocrx_word' id='word_1_598' title='bbox 160 3853 212 3916; x_wconf 77' lang='lat' dir='ltr'>est,</span> <span class='ocrx_word' id='word_1_599' title='bbox 227 3846 318 3904; x_wconf 88' lang='lat' dir='ltr'>lunam</span> <span class='ocrx_word' id='word_1_600' title='bbox 332 3863 382 3921; x_wconf 92' lang='lat' dir='ltr'>per</span> <span class='ocrx_word' id='word_1_601' title='bbox 404 3865 435 3905; x_wconf 91' lang='lat' dir='ltr'>os</span> <span class='ocrx_word' id='word_1_602' title='bbox 447 3848 508 3920; x_wconf 89' lang='lat' dir='ltr'>ejus</span> <span class='ocrx_word' id='word_1_603' title='bbox 529 3849 564 3905; x_wconf 91' lang='lat' dir='ltr'>ad</span> <span class='ocrx_word' id='word_1_604' title='bbox 580 3848 712 3904; x_wconf 89' lang='lat' dir='ltr'>interiora</span> <span class='ocrx_word' id='word_1_605' title='bbox 732 3848 907 3916; x_wconf 72' lang='lat' dir='ltr'>descendero,</span> <span class='ocrx_word' id='word_1_606' title='bbox 927 3854 955 3903; x_wconf 93' lang='lat' dir='ltr'>et</span> 
     </span>
     <span class='ocr_line' id='line_1_70' title="bbox 159 3917 954 3992; baseline 0 -18"><span class='ocrx_word' id='word_1_607' title='bbox 159 3917 243 3990; x_wconf 63' lang='lat' dir='ltr'>louge</span> <span class='ocrx_word' id='word_1_608' title='bbox 255 3917 362 3992; x_wconf 83' lang='lat' dir='ltr'>luteque</span> <span class='ocrx_word' id='word_1_609' title='bbox 373 3920 509 3976; x_wconf 87' lang='lat' dir='ltr'>mundum</span> <span class='ocrx_word' id='word_1_610' title='bbox 526 3919 680 3974; x_wconf 87' lang='lat' dir='ltr'>illustrare:</span> <span class='ocrx_word' id='word_1_611' title='bbox 703 3935 763 3992; x_wconf 80' lang='lat' dir='ltr'>que</span> <span class='ocrx_word' id='word_1_612' title='bbox 782 3918 854 3974; x_wconf 88' lang='lat' dir='ltr'>visio</span> <span class='ocrx_word' id='word_1_613' title='bbox 872 3919 954 3974; x_wconf 86' lang='lat' dir='ltr'>futu-</span> 
     </span>
     <span class='ocr_line' id='line_1_71' title="bbox 157 3990 954 4064; baseline -0.003 -18"><span class='ocrx_word' id='word_1_614' title='bbox 157 4004 220 4046; x_wconf 79' lang='lat' dir='ltr'>run</span> <span class='ocrx_word' id='word_1_615' title='bbox 234 4002 298 4047; x_wconf 87' lang='lat' dir='ltr'>aum</span> <span class='ocrx_word' id='word_1_616' title='bbox 321 3990 490 4064; x_wconf 71' lang='lat' dir='ltr'>significarit</span> <span class='ocrx_word' id='word_1_617' title='bbox 511 3990 729 4062; x_wconf 73' lang='lat' dir='ltr'>predicatorem,</span> <span class='ocrx_word' id='word_1_618' title='bbox 749 3991 796 4063; x_wconf 93' lang='lat' dir='ltr'>qui</span> <span class='ocrx_word' id='word_1_619' title='bbox 813 3990 954 4046; x_wconf 90' lang='lat' dir='ltr'>mundana</span> 
     </span>
     <span class='ocr_line' id='line_1_72' title="bbox 156 4059 954 4120; baseline -0.003 -2"><span class='ocrx_word' id='word_1_620' title='bbox 156 4059 243 4118; x_wconf 59' lang='lat' dir='ltr'>cor&amp;</span> <span class='ocrx_word' id='word_1_621' title='bbox 264 4063 404 4120; x_wconf 81' lang='lat' dir='ltr'>illustrsre</span> <span class='ocrx_word' id='word_1_622' title='bbox 426 4079 475 4119; x_wconf 85' lang='lat' dir='ltr'>sua</span> <span class='ocrx_word' id='word_1_623' title='bbox 495 4061 623 4119; x_wconf 92' lang='lat' dir='ltr'>doctrina</span> <span class='ocrx_word' id='word_1_624' title='bbox 641 4060 766 4118; x_wconf 86' lang='lat' dir='ltr'>debebat.</span> <span class='ocrx_word' id='word_1_625' title='bbox 782 4060 834 4119; x_wconf 90' lang='lat' dir='ltr'>llic</span> <span class='ocrx_word' id='word_1_626' title='bbox 858 4061 954 4117; x_wconf 82' lang='lat' dir='ltr'>Friso-</span> 
     </span>
     <span class='ocr_line' id='line_1_73' title="bbox 157 4132 953 4204; baseline 0.001 -16"><span class='ocrx_word' id='word_1_627' title='bbox 157 4147 207 4188; x_wconf 86' lang='lat' dir='ltr'>uoa</span> <span class='ocrx_word' id='word_1_628' title='bbox 219 4132 256 4189; x_wconf 76' lang='lat' dir='ltr'>sd</span> <span class='ocrx_word' id='word_1_629' title='bbox 269 4132 352 4190; x_wconf 73' lang='lat' dir='ltr'>stem</span> <span class='ocrx_word' id='word_1_630' title='bbox 363 4133 467 4191; x_wconf 86' lang='lat' dir='ltr'>Christi</span> <span class='ocrx_word' id='word_1_631' title='bbox 481 4135 631 4200; x_wconf 81' lang='lat' dir='ltr'>convertit,</span> <span class='ocrx_word' id='word_1_632' title='bbox 647 4141 675 4189; x_wconf 93' lang='lat' dir='ltr'>ot</span> <span class='ocrx_word' id='word_1_633' title='bbox 688 4132 835 4190; x_wconf 79' lang='lat' dir='ltr'>mdilicatio</span> <span class='ocrx_word' id='word_1_634' title='bbox 845 4132 875 4188; x_wconf 92' lang='lat' dir='ltr'>in</span> <span class='ocrx_word' id='word_1_635' title='bbox 887 4148 953 4204; x_wconf 82' lang='lat' dir='ltr'>prai-</span> 
     </span>
     <span class='ocr_line' id='line_1_74' title="bbox 156 4203 954 4278; baseline 0 -18"><span class='ocrx_word' id='word_1_636' title='bbox 156 4203 233 4260; x_wconf 86' lang='lat' dir='ltr'>dicto</span> <span class='ocrx_word' id='word_1_637' title='bbox 248 4203 332 4278; x_wconf 81' lang='lat' dir='ltr'>opido</span> <span class='ocrx_word' id='word_1_638' title='bbox 345 4204 634 4263; x_wconf 83' lang='lat' dir='ltr'>solemnimonusterio</span> <span class='ocrx_word' id='word_1_639' title='bbox 644 4205 850 4261; x_wconf 91' lang='lat' dir='ltr'>honorabilium</span> <span class='ocrx_word' id='word_1_640' title='bbox 862 4220 954 4260; x_wconf 91' lang='lat' dir='ltr'>mone·</span> 
     </span>
     <span class='ocr_line' id='line_1_75' title="bbox 157 4274 954 4349; baseline -0.003 -17"><span class='ocrx_word' id='word_1_641' title='bbox 157 4274 285 4344; x_wconf 89' lang='lat' dir='ltr'>chorum,</span> <span class='ocrx_word' id='word_1_642' title='bbox 310 4275 414 4332; x_wconf 86' lang='lat' dir='ltr'>ibidem</span> <span class='ocrx_word' id='word_1_643' title='bbox 438 4278 562 4349; x_wconf 90' lang='lat' dir='ltr'>sepultus</span> <span class='ocrx_word' id='word_1_644' title='bbox 584 4276 741 4349; x_wconf 87' lang='lat' dir='ltr'>requiescit.</span> <span class='ocrx_word' id='word_1_645' title='bbox 760 4276 878 4334; x_wconf 81' lang='lat' dir='ltr'>Ciuitate</span> <span class='ocrx_word' id='word_1_646' title='bbox 901 4276 954 4331; x_wconf 87' lang='lat' dir='ltr'>hle·</span> 
     </span>
     <span class='ocr_line' id='line_1_76' title="bbox 157 4345 951 4430; baseline 0.001 -28"><span class='ocrx_word' id='word_1_647' title='bbox 157 4345 226 4415; x_wconf 89' lang='lat' dir='ltr'>this,</span> <span class='ocrx_word' id='word_1_648' title='bbox 244 4345 382 4419; x_wconf 88' lang='lat' dir='ltr'>depositio</span> <span class='ocrx_word' id='word_1_649' title='bbox 410 4348 497 4405; x_wconf 87' lang='lat' dir='ltr'>sancti</span> <span class='ocrx_word' id='word_1_650' title='bbox 521 4348 583 4406; x_wconf 87' lang='lat' dir='ltr'>Rufi</span> <span class='ocrx_word' id='word_1_651' title='bbox 597 4348 718 4430; x_wconf 88' lang='lat' dir='ltr'>episcopi</span> <span class='ocrx_word' id='word_1_652' title='bbox 735 4355 763 4403; x_wconf 87' lang='lat' dir='ltr'>ct</span> <span class='ocrx_word' id='word_1_653' title='bbox 775 4346 951 4403; x_wconf 81' lang='lat' dir='ltr'>contessoris.</span> 
     </span>
    </p>
   </div>
   <div class='ocr_carea' id='block_1_11' title="bbox 1007 3131 1807 4424">
    <p class='ocr_par' dir='ltr' id='par_1_18' title="bbox 1007 3131 1807 4424">
     <span class='ocr_line' id='line_1_77' title="bbox 1007 3131 1806 3206; baseline -0.008 -16"><span class='ocrx_word' id='word_1_654' title='bbox 1007 3134 1132 3206; x_wconf 75' lang='lat' dir='ltr'>presule,</span> <span class='ocrx_word' id='word_1_655' title='bbox 1158 3133 1187 3188; x_wconf 94' lang='lat' dir='ltr'>in</span> <span class='ocrx_word' id='word_1_656' title='bbox 1210 3133 1429 3190; x_wconf 86' lang='lat' dir='ltr'>Vormatiensem</span> <span class='ocrx_word' id='word_1_657' title='bbox 1447 3148 1556 3204; x_wconf 74' lang='lat' dir='ltr'>pagum,</span> <span class='ocrx_word' id='word_1_658' title='bbox 1579 3131 1609 3187; x_wconf 91' lang='lat' dir='ltr'>in</span> <span class='ocrx_word' id='word_1_659' title='bbox 1625 3131 1721 3186; x_wconf 82' lang='lat' dir='ltr'>villain</span> <span class='ocrx_word' id='word_1_660' title='bbox 1746 3145 1806 3201; x_wconf 73' lang='lat' dir='ltr'>quse</span> 
     </span>
     <span class='ocr_line' id='line_1_78' title="bbox 1007 3200 1807 3275; baseline -0.009 -14"><span class='ocrx_word' id='word_1_661' title='bbox 1007 3200 1807 3275; x_wconf 80' lang='lat' dir='ltr'>vocaturOtermheim,temporibusbotbariiimperatoris</span> 
     </span>
     <span class='ocr_line' id='line_1_79' title="bbox 1007 3271 1807 3353; baseline -0.01 -19"><span class='ocrx_word' id='word_1_662' title='bbox 1007 3285 1034 3334; x_wconf 87' lang='lat' dir='ltr'>et</span> <span class='ocrx_word' id='word_1_663' title='bbox 1049 3276 1185 3332; x_wconf 88' lang='lat' dir='ltr'>Ludovici</span> <span class='ocrx_word' id='word_1_664' title='bbox 1206 3275 1287 3346; x_wconf 80' lang='lat' dir='ltr'>regis,</span> <span class='ocrx_word' id='word_1_665' title='bbox 1310 3274 1359 3330; x_wconf 92' lang='lat' dir='ltr'>ubi</span> <span class='ocrx_word' id='word_1_666' title='bbox 1378 3275 1461 3330; x_wconf 90' lang='lat' dir='ltr'>etiam</span> <span class='ocrx_word' id='word_1_667' title='bbox 1480 3274 1613 3330; x_wconf 86' lang='lat' dir='ltr'>sanctitas</span> <span class='ocrx_word' id='word_1_668' title='bbox 1635 3272 1695 3353; x_wconf 80' lang='lat' dir='ltr'>ejus</span> <span class='ocrx_word' id='word_1_669' title='bbox 1709 3271 1807 3328; x_wconf 86' lang='lat' dir='ltr'>multis</span> 
     </span>
     <span class='ocr_line' id='line_1_80' title="bbox 1007 3342 1803 3413; baseline -0.008 -10"><span class='ocrx_word' id='word_1_670' title='bbox 1007 3347 1158 3404; x_wconf 85' lang='lat' dir='ltr'>virtutibus</span> <span class='ocrx_word' id='word_1_671' title='bbox 1169 3346 1304 3402; x_wconf 82' lang='lat' dir='ltr'>claruit.»</span> <span class='ocrx_word' id='word_1_672' title='bbox 1327 3344 1551 3413; x_wconf 86' lang='lat' dir='ltr'>lnProsdociiuo‚</span> <span class='ocrx_word' id='word_1_673' title='bbox 1567 3342 1700 3401; x_wconf 87' lang='lat' dir='ltr'>describit</span> <span class='ocrx_word' id='word_1_674' title='bbox 1708 3343 1803 3398; x_wconf 79' lang='lat' dir='ltr'>Baiis.</span> 
     </span>
     <span class='ocr_line' id='line_1_81' title="bbox 1007 3412 1806 3490; baseline -0.009 -16"><span class='ocrx_word' id='word_1_675' title='bbox 1007 3419 1095 3474; x_wconf 87' lang='lat' dir='ltr'>Tum:</span> <span class='ocrx_word' id='word_1_676' title='bbox 1116 3417 1217 3490; x_wconf 76' lang='lat' dir='ltr'>‹upun</span> <span class='ocrx_word' id='word_1_677' title='bbox 1232 3416 1423 3487; x_wconf 78' lang='lat' dir='ltr'>Argentinam,</span> <span class='ocrx_word' id='word_1_678' title='bbox 1435 3417 1522 3473; x_wconf 86' lang='lat' dir='ltr'>sancti</span> <span class='ocrx_word' id='word_1_679' title='bbox 1534 3414 1668 3472; x_wconf 80' lang='lat' dir='ltr'>Florentii</span> <span class='ocrx_word' id='word_1_680' title='bbox 1683 3412 1806 3485; x_wconf 89' lang='lat' dir='ltr'>episcopi</span> 
     </span>
     <span class='ocr_line' id='line_1_82' title="bbox 1008 3484 1806 3561; baseline -0.01 -13"><span class='ocrx_word' id='word_1_681' title='bbox 1008 3499 1034 3548; x_wconf 93' lang='lat' dir='ltr'>et</span> <span class='ocrx_word' id='word_1_682' title='bbox 1048 3489 1224 3556; x_wconf 84' lang='lat' dir='ltr'>confessoris,</span> <span class='ocrx_word' id='word_1_683' title='bbox 1241 3488 1289 3561; x_wconf 92' lang='lat' dir='ltr'>qui</span> <span class='ocrx_word' id='word_1_684' title='bbox 1304 3488 1448 3545; x_wconf 79' lang='lat' dir='ltr'>Scotorum</span> <span class='ocrx_word' id='word_1_685' title='bbox 1465 3487 1605 3559; x_wconf 78' lang='lat' dir='ltr'>indigena,</span> <span class='ocrx_word' id='word_1_686' title='bbox 1621 3488 1650 3541; x_wconf 93' lang='lat' dir='ltr'>in</span> <span class='ocrx_word' id='word_1_687' title='bbox 1665 3485 1732 3542; x_wconf 92' lang='lat' dir='ltr'>llore</span> <span class='ocrx_word' id='word_1_688' title='bbox 1742 3484 1806 3541; x_wconf 83' lang='lat' dir='ltr'>udo·</span> 
     </span>
     <span class='ocr_line' id='line_1_83' title="bbox 1007 3555 1805 3640; baseline -0.01 -21"><span class='ocrx_word' id='word_1_689' title='bbox 1007 3560 1146 3619; x_wconf 79' lang='lat' dir='ltr'>lesceutiae</span> <span class='ocrx_word' id='word_1_690' title='bbox 1161 3559 1279 3633; x_wconf 87' lang='lat' dir='ltr'>patriam</span> <span class='ocrx_word' id='word_1_691' title='bbox 1297 3566 1479 3640; x_wconf 88' lang='lat' dir='ltr'>parentesque</span> <span class='ocrx_word' id='word_1_692' title='bbox 1500 3558 1633 3626; x_wconf 89' lang='lat' dir='ltr'>deseruit,</span> <span class='ocrx_word' id='word_1_693' title='bbox 1656 3564 1683 3614; x_wconf 91' lang='lat' dir='ltr'>et</span> <span class='ocrx_word' id='word_1_694' title='bbox 1709 3555 1805 3613; x_wconf 89' lang='lat' dir='ltr'>accitis</span> 
     </span>
     <span class='ocr_line' id='line_1_84' title="bbox 1007 3627 1805 3704; baseline -0.009 -13"><span class='ocrx_word' id='word_1_695' title='bbox 1007 3633 1060 3691; x_wconf 93' lang='lat' dir='ltr'>sibi</span> <span class='ocrx_word' id='word_1_696' title='bbox 1074 3632 1198 3704; x_wconf 84' lang='lat' dir='ltr'>ejusdem</span> <span class='ocrx_word' id='word_1_697' title='bbox 1212 3631 1347 3703; x_wconf 90' lang='lat' dir='ltr'>propositi</span> <span class='ocrx_word' id='word_1_698' title='bbox 1370 3630 1454 3686; x_wconf 88' lang='lat' dir='ltr'>sociis</span> <span class='ocrx_word' id='word_1_699' title='bbox 1468 3630 1632 3703; x_wconf 77' lang='lat' dir='ltr'>Arbogasto,</span> <span class='ocrx_word' id='word_1_700' title='bbox 1653 3627 1805 3695; x_wconf 84' lang='lat' dir='ltr'>Theodato,</span> 
     </span>
     <span class='ocr_line' id='line_1_85' title="bbox 1007 3699 1805 3776; baseline -0.01 -14"><span class='ocrx_word' id='word_1_701' title='bbox 1007 3722 1039 3762; x_wconf 86' lang='lat' dir='ltr'>sc</span> <span class='ocrx_word' id='word_1_702' title='bbox 1060 3703 1221 3776; x_wconf 88' lang='lat' dir='ltr'>llildulpho,</span> <span class='ocrx_word' id='word_1_703' title='bbox 1239 3702 1359 3760; x_wconf 87' lang='lat' dir='ltr'>Domino</span> <span class='ocrx_word' id='word_1_704' title='bbox 1380 3701 1460 3770; x_wconf 88' lang='lat' dir='ltr'>duce,</span> <span class='ocrx_word' id='word_1_705' title='bbox 1479 3702 1548 3759; x_wconf 87' lang='lat' dir='ltr'>lines</span> <span class='ocrx_word' id='word_1_706' title='bbox 1570 3701 1662 3773; x_wconf 76' lang='lat' dir='ltr'>attigit</span> <span class='ocrx_word' id='word_1_707' title='bbox 1682 3699 1805 3766; x_wconf 77' lang='lat' dir='ltr'>Alsatiae,</span> 
     </span>
     <span class='ocr_line' id='line_1_86' title="bbox 1007 3770 1806 3849; baseline -0.011 -15"><span class='ocrx_word' id='word_1_708' title='bbox 1007 3777 1177 3849; x_wconf 89' lang='lat' dir='ltr'>temporibus</span> <span class='ocrx_word' id='word_1_709' title='bbox 1192 3776 1263 3847; x_wconf 77' lang='lat' dir='ltr'>regis</span> <span class='ocrx_word' id='word_1_710' title='bbox 1284 3774 1442 3846; x_wconf 82' lang='lat' dir='ltr'>Dagoberti,</span> <span class='ocrx_word' id='word_1_711' title='bbox 1454 3781 1482 3829; x_wconf 94' lang='lat' dir='ltr'>et</span> <span class='ocrx_word' id='word_1_712' title='bbox 1505 3773 1658 3845; x_wconf 81' lang='lat' dir='ltr'>Argobasto</span> <span class='ocrx_word' id='word_1_713' title='bbox 1673 3773 1702 3827; x_wconf 94' lang='lat' dir='ltr'>iu</span> <span class='ocrx_word' id='word_1_714' title='bbox 1715 3770 1806 3828; x_wconf 85' lang='lat' dir='ltr'>ealhe-</span> 
     </span>
     <span class='ocr_line' id='line_1_87' title="bbox 1008 3842 1807 3916; baseline -0.011 -11"><span class='ocrx_word' id='word_1_715' title='bbox 1008 3848 1056 3905; x_wconf 93' lang='lat' dir='ltr'>dra</span> <span class='ocrx_word' id='word_1_716' title='bbox 1080 3846 1239 3915; x_wconf 89' lang='lat' dir='ltr'>succedens,</span> <span class='ocrx_word' id='word_1_717' title='bbox 1269 3847 1366 3903; x_wconf 90' lang='lat' dir='ltr'>multis</span> <span class='ocrx_word' id='word_1_718' title='bbox 1386 3846 1524 3902; x_wconf 87' lang='lat' dir='ltr'>virtutum</span> <span class='ocrx_word' id='word_1_719' title='bbox 1552 3844 1668 3901; x_wconf 88' lang='lat' dir='ltr'>floribus</span> <span class='ocrx_word' id='word_1_720' title='bbox 1689 3842 1807 3916; x_wconf 77' lang='lat' dir='ltr'>gloriose</span> 
     </span>
     <span class='ocr_line' id='line_1_88' title="bbox 1007 3915 1806 3999; baseline -0.008 -23"><span class='ocrx_word' id='word_1_721' title='bbox 1007 3920 1126 3976; x_wconf 85' lang='lat' dir='ltr'>refulsit.</span> <span class='ocrx_word' id='word_1_722' title='bbox 1142 3943 1151 3967; x_wconf 83' lang='lat'><em>·</em></span> <span class='ocrx_word' id='word_1_723' title='bbox 1173 3919 1303 3991; x_wconf 89' lang='lat' dir='ltr'>Sequitur</span> <span class='ocrx_word' id='word_1_724' title='bbox 1316 3918 1471 3976; x_wconf 88' lang='lat' dir='ltr'>minoribus</span> <span class='ocrx_word' id='word_1_725' title='bbox 1487 3917 1562 3999; x_wconf 82' lang='lat' dir='ltr'>typis</span> <span class='ocrx_word' id='word_1_726' title='bbox 1580 3916 1614 3974; x_wconf 89' lang='lat' dir='ltr'>de</span> <span class='ocrx_word' id='word_1_727' title='bbox 1629 3915 1806 3994; x_wconf 72' lang='lat' dir='ltr'>Engelberto,</span> 
     </span>
     <span class='ocr_line' id='line_1_89' title="bbox 1007 3988 1807 4056; baseline -0.01 -9"><span class='ocrx_word' id='word_1_728' title='bbox 1007 3991 1169 4047; x_wconf 81' lang='lat' dir='ltr'>uthsvsn.</span> <span class='ocrx_word' id='word_1_729' title='bbox 1182 3993 1299 4047; x_wconf 87' lang='lat' dir='ltr'>Demum</span> <span class='ocrx_word' id='word_1_730' title='bbox 1312 4009 1318 4047; x_wconf 90' lang='lat'>:</span> <span class='ocrx_word' id='word_1_731' title='bbox 1338 4016 1348 4038; x_wconf 73' lang='grc' dir='ltr'>ι</span> <span class='ocrx_word' id='word_1_732' title='bbox 1362 3991 1393 4046; x_wconf 93' lang='lat' dir='ltr'>lii</span> <span class='ocrx_word' id='word_1_733' title='bbox 1406 3991 1548 4047; x_wconf 85' lang='lat' dir='ltr'>territorio</span> <span class='ocrx_word' id='word_1_734' title='bbox 1558 3988 1706 4056; x_wconf 64' lang='lat' dir='ltr'>Turonium</span> <span class='ocrx_word' id='word_1_735' title='bbox 1718 3993 1807 4042; x_wconf 88' lang='lat' dir='ltr'>sancti</span> 
     </span>
     <span class='ocr_line' id='line_1_90' title="bbox 1007 4057 1805 4132; baseline -0.009 -14"><span class='ocrx_word' id='word_1_736' title='bbox 1007 4062 1086 4118; x_wconf 77' lang='lat' dir='ltr'>baldi</span> <span class='ocrx_word' id='word_1_737' title='bbox 1097 4061 1262 4118; x_wconf 89' lang='lat' dir='ltr'>conlessoris</span> <span class='ocrx_word' id='word_1_738' title='bbox 1272 4070 1299 4117; x_wconf 88' lang='lat' dir='ltr'>et</span> <span class='ocrx_word' id='word_1_739' title='bbox 1306 4061 1507 4132; x_wconf 86' lang='lat' dir='ltr'>archiepiscopi</span> <span class='ocrx_word' id='word_1_740' title='bbox 1518 4060 1659 4118; x_wconf 78' lang='lat' dir='ltr'>&#39;furonici¹</span> <span class='ocrx_word' id='word_1_741' title='bbox 1672 4084 1681 4106; x_wconf 84' lang='lat'><em>·</em></span> <span class='ocrx_word' id='word_1_742' title='bbox 1700 4057 1805 4114; x_wconf 87' lang='lat' dir='ltr'>Editio-</span> 
     </span>
     <span class='ocr_line' id='line_1_91' title="bbox 1008 4129 1804 4204; baseline -0.01 -15"><span class='ocrx_word' id='word_1_743' title='bbox 1008 4150 1056 4190; x_wconf 91' lang='lat' dir='ltr'>nes</span> <span class='ocrx_word' id='word_1_744' title='bbox 1073 4132 1237 4204; x_wconf 87' lang='lat' dir='ltr'>posteriores</span> <span class='ocrx_word' id='word_1_745' title='bbox 1250 4132 1285 4187; x_wconf 92' lang='lat' dir='ltr'>de</span> <span class='ocrx_word' id='word_1_746' title='bbox 1301 4131 1492 4198; x_wconf 80' lang='lat' dir='ltr'>willibrordo,</span> <span class='ocrx_word' id='word_1_747' title='bbox 1509 4131 1591 4191; x_wconf 79' lang='lat' dir='ltr'>liufo.</span> <span class='ocrx_word' id='word_1_748' title='bbox 1616 4129 1804 4194; x_wconf 89' lang='lat' dir='ltr'>Prosdocimn,</span> 
     </span>
     <span class='ocr_line' id='line_1_92' title="bbox 1009 4201 1806 4272; baseline -0.009 -12"><span class='ocrx_word' id='word_1_749' title='bbox 1009 4203 1149 4260; x_wconf 81' lang='lat' dir='ltr'>Florentio</span> <span class='ocrx_word' id='word_1_750' title='bbox 1163 4210 1190 4257; x_wconf 89' lang='lat' dir='ltr'>et</span> <span class='ocrx_word' id='word_1_751' title='bbox 1205 4202 1301 4270; x_wconf 87' lang='lat' dir='ltr'>Baldo,</span> <span class='ocrx_word' id='word_1_752' title='bbox 1317 4203 1402 4257; x_wconf 89' lang='lat' dir='ltr'>lerine</span> <span class='ocrx_word' id='word_1_753' title='bbox 1417 4212 1447 4256; x_wconf 92' lang='lat' dir='ltr'>ut</span> <span class='ocrx_word' id='word_1_754' title='bbox 1457 4201 1487 4255; x_wconf 94' lang='lat' dir='ltr'>in</span> <span class='ocrx_word' id='word_1_755' title='bbox 1502 4202 1600 4272; x_wconf 88' lang='lat' dir='ltr'>prima.</span> <span class='ocrx_word' id='word_1_756' title='bbox 1618 4201 1686 4256; x_wconf 89' lang='lat' dir='ltr'>Tum</span> <span class='ocrx_word' id='word_1_757' title='bbox 1701 4219 1706 4255; x_wconf 95' lang='lat'><strong>:</strong></span> <span class='ocrx_word' id='word_1_758' title='bbox 1730 4224 1740 4247; x_wconf 83' lang='grc' dir='ltr'>ι</span> <span class='ocrx_word' id='word_1_759' title='bbox 1756 4201 1806 4255; x_wconf 88' lang='lat' dir='ltr'>Ai-</span> 
     </span>
     <span class='ocr_line' id='line_1_93' title="bbox 1008 4269 1804 4342; baseline -0.008 -13"><span class='ocrx_word' id='word_1_760' title='bbox 1008 4275 1112 4342; x_wconf 86' lang='lat' dir='ltr'>vernis,</span> <span class='ocrx_word' id='word_1_761' title='bbox 1137 4273 1224 4329; x_wconf 88' lang='lat' dir='ltr'>suncti</span> <span class='ocrx_word' id='word_1_762' title='bbox 1248 4270 1399 4328; x_wconf 84' lang='lat' dir='ltr'>Amsndini</span> <span class='ocrx_word' id='word_1_763' title='bbox 1414 4270 1589 4326; x_wconf 80' lang='lat' dir='ltr'>contessoris.</span> <span class='ocrx_word' id='word_1_764' title='bbox 1614 4271 1664 4326; x_wconf 88' lang='lat' dir='ltr'>Die</span> <span class='ocrx_word' id='word_1_765' title='bbox 1679 4286 1707 4325; x_wconf 90' lang='lat' dir='ltr'>se</span> <span class='ocrx_word' id='word_1_766' title='bbox 1727 4269 1804 4336; x_wconf 87' lang='lat' dir='ltr'>tima,</span> 
     </span>
     <span class='ocr_line' id='line_1_94' title="bbox 1008 4286 1804 4424; baseline -0.009 -22"><span class='ocrx_word' id='word_1_767' title='bbox 1008 4352 1166 4402; x_wconf 81' lang='lat' dir='ltr'>sauctorum</span> <span class='ocrx_word' id='word_1_768' title='bbox 1181 4342 1296 4424; x_wconf 73' lang='lat' dir='ltr'>triginta</span> <span class='ocrx_word' id='word_1_769' title='bbox 1310 4351 1337 4399; x_wconf 90' lang='lat' dir='ltr'>et</span> <span class='ocrx_word' id='word_1_770' title='bbox 1349 4341 1436 4397; x_wconf 89' lang='lat' dir='ltr'>trium</span> <span class='ocrx_word' id='word_1_771' title='bbox 1453 4349 1607 4412; x_wconf 88' lang='lat' dir='ltr'>martyrum</span> <span class='ocrx_word' id='word_1_772' title='bbox 1621 4340 1652 4395; x_wconf 93' lang='lat' dir='ltr'>iu</span> <span class='ocrx_word' id='word_1_773' title='bbox 1667 4286 1804 4395; x_wconf 77' lang='lat' dir='ltr'>bleiitene.</span> 
     </span>
    </p>
   </div>
   <div class='ocr_carea' id='block_1_12' title="bbox 157 4410 1806 4487">
    <p class='ocr_par' dir='ltr' id='par_1_19' title="bbox 157 4410 1806 4487">
     <span class='ocr_line' id='line_1_95' title="bbox 157 4410 1806 4487; baseline -0.007 -13"><span class='ocrx_word' id='word_1_774' title='bbox 157 4417 190 4474; x_wconf 88' lang='lat' dir='ltr'>lu</span> <span class='ocrx_word' id='word_1_775' title='bbox 202 4418 345 4476; x_wconf 85' lang='lat' dir='ltr'>territorio</span> <span class='ocrx_word' id='word_1_776' title='bbox 357 4420 505 4487; x_wconf 84' lang='lat' dir='ltr'>Turonico,</span> <span class='ocrx_word' id='word_1_777' title='bbox 520 4420 607 4477; x_wconf 83' lang='lat' dir='ltr'>suncti</span> <span class='ocrx_word' id='word_1_778' title='bbox 621 4418 700 4476; x_wconf 81' lang='lat' dir='ltr'>Baldi</span> <span class='ocrx_word' id='word_1_779' title='bbox 713 4418 887 4476; x_wconf 83' lang='lat' dir='ltr'>confessoris.</span> <span class='ocrx_word' id='word_1_780' title='bbox 902 4442 912 4465; x_wconf 74' lang='grc' dir='ltr'><strong><em>ι</em></strong></span> <span class='ocrx_word' id='word_1_781' title='bbox 968 4416 993 4475; x_wconf 89' lang='lat' dir='ltr'>D</span> <span class='ocrx_word' id='word_1_782' title='bbox 1008 4418 1044 4473; x_wconf 87' lang='lat' dir='ltr'>Et</span> <span class='ocrx_word' id='word_1_783' title='bbox 1057 4414 1144 4472; x_wconf 92' lang='lat' dir='ltr'>sancti</span> <span class='ocrx_word' id='word_1_784' title='bbox 1160 4422 1287 4487; x_wconf 87' lang='lat' dir='ltr'>patrisso</span> <span class='ocrx_word' id='word_1_785' title='bbox 1300 4413 1489 4482; x_wconf 80' lang='lat' dir='ltr'>thaumaturgi</span> <span class='ocrx_word' id='word_1_786' title='bbox 1500 4410 1604 4476; x_wconf 80' lang='lat' dir='ltr'>basari,</span> <span class='ocrx_word' id='word_1_787' title='bbox 1620 4410 1668 4481; x_wconf 92' lang='lat' dir='ltr'>qui</span> <span class='ocrx_word' id='word_1_788' title='bbox 1681 4410 1806 4466; x_wconf 79' lang='lat' dir='ltr'>exercuit</span> 
     </span>
    </p>
   </div>
   <div class='ocr_carea' id='block_1_13' title="bbox 193 4488 954 4618">
    <p class='ocr_par' dir='ltr' id='par_1_20' title="bbox 193 4488 954 4618">
     <span class='ocr_line' id='line_1_96' title="bbox 193 4488 954 4618; baseline 0 -73"><span class='ocrx_word' id='word_1_789' title='bbox 193 4488 292 4546; x_wconf 79' lang='lat' dir='ltr'>Baris.</span> <span class='ocrx_word' id='word_1_790' title='bbox 321 4490 438 4618; x_wconf 53' lang='lat' dir='ltr'>incipit:</span> <span class='ocrx_word' id='word_1_791' title='bbox 471 4491 577 4565; x_wconf 72' lang='lat' dir='ltr'>«Apud</span> <span class='ocrx_word' id='word_1_792' title='bbox 594 4489 715 4546; x_wconf 81' lang='lat' dir='ltr'>Psduam</span> <span class='ocrx_word' id='word_1_793' title='bbox 735 4488 888 4558; x_wconf 83' lang='lat' dir='ltr'>civitatem,</span> <span class='ocrx_word' id='word_1_794' title='bbox 908 4488 954 4546; x_wconf 91' lang='lat' dir='ltr'>de·</span> 
     </span>
    </p>
   </div>
   <div class='ocr_carea' id='block_1_14' title="bbox 158 4559 955 4988">
    <p class='ocr_par' dir='ltr' id='par_1_21' title="bbox 158 4559 955 4988">
     <span class='ocr_line' id='line_1_97' title="bbox 158 4559 955 4639; baseline 0.001 -24"><span class='ocrx_word' id='word_1_795' title='bbox 158 4559 262 4639; x_wconf 89' lang='lat' dir='ltr'>positio</span> <span class='ocrx_word' id='word_1_796' title='bbox 276 4562 365 4619; x_wconf 88' lang='lat' dir='ltr'>sancti</span> <span class='ocrx_word' id='word_1_797' title='bbox 407 4563 566 4631; x_wconf 90' lang='lat' dir='ltr'>rosdecimi,</span> <span class='ocrx_word' id='word_1_798' title='bbox 591 4561 674 4634; x_wconf 90' lang='lat' dir='ltr'>primi</span> <span class='ocrx_word' id='word_1_799' title='bbox 695 4561 816 4633; x_wconf 89' lang='lat' dir='ltr'>episcopi</span> <span class='ocrx_word' id='word_1_800' title='bbox 831 4560 955 4617; x_wconf 88' lang='lat' dir='ltr'>civitatis</span> 
     </span>
     <span class='ocr_line' id='line_1_98' title="bbox 158 4631 954 4706; baseline 0.004 -22"><span class='ocrx_word' id='word_1_801' title='bbox 158 4631 257 4702; x_wconf 86' lang='lat' dir='ltr'>ipsius,</span> <span class='ocrx_word' id='word_1_802' title='bbox 273 4631 321 4705; x_wconf 92' lang='lat' dir='ltr'>qui</span> <span class='ocrx_word' id='word_1_803' title='bbox 339 4648 356 4689; x_wconf 85' lang='lat' dir='ltr'>a</span> <span class='ocrx_word' id='word_1_804' title='bbox 369 4633 449 4691; x_wconf 93' lang='lat' dir='ltr'>beato</span> <span class='ocrx_word' id='word_1_805' title='bbox 462 4635 543 4690; x_wconf 90' lang='lat' dir='ltr'>Petro</span> <span class='ocrx_word' id='word_1_806' title='bbox 550 4634 674 4706; x_wconf 90' lang='lat' dir='ltr'>apostolo</span> <span class='ocrx_word' id='word_1_807' title='bbox 688 4634 831 4706; x_wconf 90' lang='lat' dir='ltr'>episcopus</span> <span class='ocrx_word' id='word_1_808' title='bbox 845 4631 954 4689; x_wconf 87' lang='lat' dir='ltr'>ordina·</span> 
     </span>
     <span class='ocr_line' id='line_1_99' title="bbox 159 4702 954 4778; baseline 0 -20"><span class='ocrx_word' id='word_1_809' title='bbox 159 4707 214 4768; x_wconf 92' lang='lat' dir='ltr'>tiis,</span> <span class='ocrx_word' id='word_1_810' title='bbox 238 4703 272 4759; x_wconf 85' lang='lat' dir='ltr'>ud</span> <span class='ocrx_word' id='word_1_811' title='bbox 316 4704 456 4762; x_wconf 72' lang='lat' dir='ltr'>indictam</span> <span class='ocrx_word' id='word_1_812' title='bbox 479 4705 621 4764; x_wconf 87' lang='lat' dir='ltr'>civitatem</span> <span class='ocrx_word' id='word_1_813' title='bbox 644 4704 776 4773; x_wconf 91' lang='lat' dir='ltr'>Paduam,</span> <span class='ocrx_word' id='word_1_814' title='bbox 799 4703 834 4759; x_wconf 87' lang='lat' dir='ltr'>ad</span> <span class='ocrx_word' id='word_1_815' title='bbox 856 4702 954 4778; x_wconf 78' lang='lat' dir='ltr'>predi·</span> 
     </span>
     <span class='ocr_line' id='line_1_100' title="bbox 159 4773 955 4845; baseline 0.001 -15"><span class='ocrx_word' id='word_1_816' title='bbox 159 4773 279 4831; x_wconf 62' lang='lat' dir='ltr'>mudum</span> <span class='ocrx_word' id='word_1_817' title='bbox 335 4775 474 4834; x_wconf 87' lang='lat' dir='ltr'>iverbum</span> <span class='ocrx_word' id='word_1_818' title='bbox 491 4776 590 4834; x_wconf 86' lang='lat' dir='ltr'>missus</span> <span class='ocrx_word' id='word_1_819' title='bbox 612 4784 663 4845; x_wconf 83' lang='lat' dir='ltr'>est,</span> <span class='ocrx_word' id='word_1_820' title='bbox 679 4777 728 4834; x_wconf 90' lang='lat' dir='ltr'>ubi</span> <span class='ocrx_word' id='word_1_821' title='bbox 743 4775 839 4833; x_wconf 90' lang='lat' dir='ltr'>multis</span> <span class='ocrx_word' id='word_1_822' title='bbox 859 4774 955 4832; x_wconf 79' lang='lat' dir='ltr'>virtu-</span> 
     </span>
     <span class='ocr_line' id='line_1_101' title="bbox 159 4843 947 4928; baseline 0.003 -28"><span class='ocrx_word' id='word_1_823' title='bbox 159 4843 274 4928; x_wconf 79' lang='lat' dir='ltr'>tibuset</span> <span class='ocrx_word' id='word_1_824' title='bbox 288 4846 422 4921; x_wconf 78' lang='lat' dir='ltr'>prodigiis</span> <span class='ocrx_word' id='word_1_825' title='bbox 433 4848 614 4917; x_wconf 78' lang='lat' dir='ltr'>coruscando,</span> <span class='ocrx_word' id='word_1_826' title='bbox 629 4848 709 4905; x_wconf 86' lang='lat' dir='ltr'>beato</span> <span class='ocrx_word' id='word_1_827' title='bbox 730 4847 784 4904; x_wconf 90' lang='lat' dir='ltr'>flue</span> <span class='ocrx_word' id='word_1_828' title='bbox 801 4846 918 4920; x_wconf 90' lang='lat' dir='ltr'>quievit.</span> <span class='ocrx_word' id='word_1_829' title='bbox 937 4870 947 4894; x_wconf 75' lang='grc' dir='ltr'><strong>ι</strong></span> 
     </span>
     <span class='ocr_line' id='line_1_102' title="bbox 159 4913 717 4988; baseline 0.011 -18"><span class='ocrx_word' id='word_1_830' title='bbox 159 4913 289 4988; x_wconf 90' lang='lat' dir='ltr'>Sequitur</span> <span class='ocrx_word' id='word_1_831' title='bbox 304 4926 398 4976; x_wconf 86' lang='lat' dir='ltr'>textus</span> <span class='ocrx_word' id='word_1_832' title='bbox 413 4920 550 4978; x_wconf 88' lang='lat' dir='ltr'>nonsatis</span> <span class='ocrx_word' id='word_1_833' title='bbox 567 4927 717 4977; x_wconf 86' lang='lat' dir='ltr'>correctus.</span> 
     </span>
    </p>
   </div>
   <div class='ocr_carea' id='block_1_15' title="bbox 1007 4481 1807 4975">
    <p class='ocr_par' dir='ltr' id='par_1_22' title="bbox 1007 4481 1807 4975">
     <span class='ocr_line' id='line_1_103' title="bbox 1008 4481 1806 4565; baseline -0.011 -21"><span class='ocrx_word' id='word_1_834' title='bbox 1008 4504 1037 4545; x_wconf 91' lang='lat' dir='ltr'>se</span> <span class='ocrx_word' id='word_1_835' title='bbox 1050 4487 1185 4543; x_wconf 85' lang='lat' dir='ltr'>inurente</span> <span class='ocrx_word' id='word_1_836' title='bbox 1200 4485 1297 4542; x_wconf 87' lang='lat' dir='ltr'>lacteo.</span> <span class='ocrx_word' id='word_1_837' title='bbox 1313 4509 1322 4531; x_wconf 84' lang='lat'><em>·</em></span> <span class='ocrx_word' id='word_1_838' title='bbox 1344 4483 1414 4541; x_wconf 86' lang='lat' dir='ltr'>Dein</span> <span class='ocrx_word' id='word_1_839' title='bbox 1428 4482 1504 4565; x_wconf 74' lang='lat' dir='ltr'>typis</span> <span class='ocrx_word' id='word_1_840' title='bbox 1516 4481 1688 4537; x_wconf 90' lang='lat' dir='ltr'>minoribus:</span> <span class='ocrx_word' id='word_1_841' title='bbox 1713 4505 1722 4528; x_wconf 82' lang='grc' dir='ltr'>ι</span> <span class='ocrx_word' id='word_1_842' title='bbox 1738 4481 1806 4536; x_wconf 90' lang='lat' dir='ltr'>lteui</span> 
     </span>
     <span class='ocr_line' id='line_1_104' title="bbox 1007 4551 1805 4634; baseline -0.015 -18"><span class='ocrx_word' id='word_1_843' title='bbox 1007 4558 1143 4631; x_wconf 87' lang='lat' dir='ltr'>depositio</span> <span class='ocrx_word' id='word_1_844' title='bbox 1157 4557 1244 4614; x_wconf 87' lang='lat' dir='ltr'>sancti</span> <span class='ocrx_word' id='word_1_845' title='bbox 1254 4556 1396 4624; x_wconf 83' lang='lat' dir='ltr'>Restituti,</span> <span class='ocrx_word' id='word_1_846' title='bbox 1409 4555 1493 4628; x_wconf 92' lang='lat' dir='ltr'>primi</span> <span class='ocrx_word' id='word_1_847' title='bbox 1502 4552 1623 4628; x_wconf 90' lang='lat' dir='ltr'>episcopi</span> <span class='ocrx_word' id='word_1_848' title='bbox 1637 4551 1805 4634; x_wconf 72' lang='lat' dir='ltr'>Tricastren3</span> 
     </span>
     <span class='ocr_line' id='line_1_105' title="bbox 1007 4626 1806 4702; baseline -0.013 -15"><span class='ocrx_word' id='word_1_849' title='bbox 1007 4631 1055 4699; x_wconf 88' lang='lat' dir='ltr'>sis,</span> <span class='ocrx_word' id='word_1_850' title='bbox 1077 4629 1157 4702; x_wconf 88' lang='lat' dir='ltr'>cujus</span> <span class='ocrx_word' id='word_1_851' title='bbox 1175 4645 1275 4701; x_wconf 91' lang='lat' dir='ltr'>corpus</span> <span class='ocrx_word' id='word_1_852' title='bbox 1288 4626 1466 4695; x_wconf 87' lang='lat' dir='ltr'>Aurelianus,</span> <span class='ocrx_word' id='word_1_853' title='bbox 1483 4626 1513 4683; x_wconf 91' lang='lat' dir='ltr'>iu</span> <span class='ocrx_word' id='word_1_854' title='bbox 1536 4631 1703 4682; x_wconf 89' lang='lat' dir='ltr'>monasterio</span> <span class='ocrx_word' id='word_1_855' title='bbox 1718 4629 1806 4679; x_wconf 89' lang='lat' dir='ltr'>sancti</span> 
     </span>
     <span class='ocr_line' id='line_1_106' title="bbox 1008 4696 1807 4774; baseline -0.013 -16"><span class='ocrx_word' id='word_1_856' title='bbox 1008 4702 1115 4772; x_wconf 83' lang='lat' dir='ltr'>Euntii,</span> <span class='ocrx_word' id='word_1_857' title='bbox 1126 4701 1265 4774; x_wconf 80' lang='lat' dir='ltr'>precipuo</span> <span class='ocrx_word' id='word_1_858' title='bbox 1274 4700 1376 4757; x_wconf 90' lang='lat' dir='ltr'>colitur</span> <span class='ocrx_word' id='word_1_859' title='bbox 1386 4699 1500 4756; x_wconf 91' lang='lat' dir='ltr'>bonore.</span> <span class='ocrx_word' id='word_1_860' title='bbox 1512 4723 1522 4747; x_wconf 75' lang='grc' dir='ltr'><strong>ι</strong></span> <span class='ocrx_word' id='word_1_861' title='bbox 1539 4699 1578 4755; x_wconf 81' lang='lat' dir='ltr'>lle</span> <span class='ocrx_word' id='word_1_862' title='bbox 1588 4696 1764 4769; x_wconf 76' lang='lat' dir='ltr'>Enqelberto,</span> <span class='ocrx_word' id='word_1_863' title='bbox 1776 4700 1807 4750; x_wconf 94' lang='lat' dir='ltr'>ut</span> 
     </span>
     <span class='ocr_line' id='line_1_107' title="bbox 1008 4768 1807 4847; baseline -0.013 -17"><span class='ocrx_word' id='word_1_864' title='bbox 1008 4790 1106 4847; x_wconf 90' lang='lat' dir='ltr'>supra;</span> <span class='ocrx_word' id='word_1_865' title='bbox 1125 4773 1173 4831; x_wconf 90' lang='lat' dir='ltr'>sed</span> <span class='ocrx_word' id='word_1_866' title='bbox 1187 4772 1260 4829; x_wconf 91' lang='lat' dir='ltr'>inter</span> <span class='ocrx_word' id='word_1_867' title='bbox 1275 4773 1392 4845; x_wconf 90' lang='lat' dir='ltr'>primam</span> <span class='ocrx_word' id='word_1_868' title='bbox 1403 4781 1430 4829; x_wconf 95' lang='lat' dir='ltr'>et</span> <span class='ocrx_word' id='word_1_869' title='bbox 1445 4769 1610 4844; x_wconf 85' lang='lat' dir='ltr'>posteriores</span> <span class='ocrx_word' id='word_1_870' title='bbox 1624 4768 1761 4827; x_wconf 90' lang='lat' dir='ltr'>editiones</span> <span class='ocrx_word' id='word_1_871' title='bbox 1775 4781 1807 4821; x_wconf 90' lang='lat' dir='ltr'>ea</span> 
     </span>
     <span class='ocr_line' id='line_1_108' title="bbox 1007 4837 1802 4919; baseline -0.011 -17"><span class='ocrx_word' id='word_1_872' title='bbox 1007 4855 1048 4902; x_wconf 89' lang='lat' dir='ltr'>est</span> <span class='ocrx_word' id='word_1_873' title='bbox 1062 4845 1209 4903; x_wconf 83' lang='lat' dir='ltr'>diuersitas</span> <span class='ocrx_word' id='word_1_874' title='bbox 1219 4845 1292 4919; x_wconf 91' lang='lat' dir='ltr'>quod</span> <span class='ocrx_word' id='word_1_875' title='bbox 1309 4845 1382 4916; x_wconf 92' lang='lat' dir='ltr'>prior</span> <span class='ocrx_word' id='word_1_876' title='bbox 1397 4845 1486 4917; x_wconf 76' lang='lat' dir='ltr'>signet</span> <span class='ocrx_word' id='word_1_877' title='bbox 1500 4859 1604 4900; x_wconf 88' lang='lat' dir='ltr'>aunum</span> <span class='ocrx_word' id='word_1_878' title='bbox 1615 4841 1707 4901; x_wconf 84' lang='lat' dir='ltr'>obitus</span> <span class='ocrx_word' id='word_1_879' title='bbox 1723 4837 1802 4904; x_wconf 76' lang='lat'>1220,</span> 
     </span>
     <span class='ocr_line' id='line_1_109' title="bbox 1009 4917 1389 4975; baseline 0.005 -3"><span class='ocrx_word' id='word_1_880' title='bbox 1009 4917 1067 4975; x_wconf 77' lang='lat' dir='ltr'>htee</span> <span class='ocrx_word' id='word_1_881' title='bbox 1082 4933 1292 4975; x_wconf 87' lang='lat' dir='ltr'>verumunnuin</span> <span class='ocrx_word' id='word_1_882' title='bbox 1310 4917 1389 4974; x_wconf 74' lang='lat'><strong>1225.</strong></span> 
     </span>
    </p>
   </div>
   <div class='ocr_carea' id='block_1_16' title="bbox 881 5076 1089 5088">
    <p class='ocr_par' dir='ltr' id='par_1_23' title="bbox 881 5076 1089 5088">
     <span class='ocr_line' id='line_1_110' title="bbox 881 5076 1089 5088; baseline 0 0"><span class='ocrx_word' id='word_1_883' title='bbox 881 5076 1089 5088; x_wconf 57' lang='grc' dir='ltr'><strong>...Μ</strong></span> 
     </span>
    </p>
   </div>
   <div class='ocr_carea' id='block_1_17' title="bbox 162 5170 1806 5245">
    <p class='ocr_par' dir='ltr' id='par_1_24' title="bbox 162 5170 1806 5245">
     <span class='ocr_line' id='line_1_111' title="bbox 162 5170 1806 5245; baseline -0.007 -3"><span class='ocrx_word' id='word_1_884' title='bbox 162 5183 288 5245; x_wconf 65' lang='lat' dir='ltr'>vitm</span> <span class='ocrx_word' id='word_1_885' title='bbox 1716 5170 1806 5231; x_wconf 88' lang='lat' dir='ltr'>Die8.</span> 
     </span>
    </p>
   </div>
   <div class='ocr_carea' id='block_1_18' title="bbox 135 5263 1861 5815">
    <p class='ocr_par' dir='ltr' id='par_1_25' title="bbox 161 5263 1861 5624">
     <span class='ocr_line' id='line_1_112' title="bbox 194 5263 1808 5353; baseline -0.011 -18"><span class='ocrx_word' id='word_1_886' title='bbox 194 5275 299 5349; x_wconf 75' lang='lat' dir='ltr'>Roma,</span> <span class='ocrx_word' id='word_1_887' title='bbox 312 5277 361 5335; x_wconf 82' lang='lat' dir='ltr'>via</span> <span class='ocrx_word' id='word_1_888' title='bbox 373 5277 521 5348; x_wconf 67' lang='lat' dir='ltr'>laviana,</span> <span class='ocrx_word' id='word_1_889' title='bbox 535 5272 625 5353; x_wconf 73' lang='lat' dir='ltr'>pasiio</span> <span class='ocrx_word' id='word_1_890' title='bbox 647 5287 806 5336; x_wconf 88' lang='lat' dir='ltr'>sauctorum</span> <span class='ocrx_word' id='word_1_891' title='bbox 820 5276 941 5346; x_wconf 86' lang='lat' dir='ltr'>Claudii,</span> <span class='ocrx_word' id='word_1_892' title='bbox 965 5275 1123 5344; x_wconf 81' lang='lat' dir='ltr'>Nicostrati,</span> <span class='ocrx_word' id='word_1_893' title='bbox 1143 5274 1341 5347; x_wconf 89' lang='lat' dir='ltr'>Simproniani,</span> <span class='ocrx_word' id='word_1_894' title='bbox 1357 5271 1475 5332; x_wconf 75' lang='lat' dir='ltr'>Cortorii</span> <span class='ocrx_word' id='word_1_895' title='bbox 1495 5278 1524 5327; x_wconf 84' lang='lat' dir='ltr'>et</span> <span class='ocrx_word' id='word_1_896' title='bbox 1551 5265 1705 5339; x_wconf 88' lang='lat' dir='ltr'>Simplicii,</span> <span class='ocrx_word' id='word_1_897' title='bbox 1731 5263 1808 5338; x_wconf 90' lang='lat' dir='ltr'>aqui</span> 
     </span>
     <span class='ocr_line' id='line_1_113' title="bbox 161 5357 1808 5444; baseline -0.012 -14"><span class='ocrx_word' id='word_1_898' title='bbox 161 5366 252 5440; x_wconf 74' lang='lat' dir='ltr'>urimo</span> <span class='ocrx_word' id='word_1_899' title='bbox 263 5368 295 5427; x_wconf 89' lang='lat' dir='ltr'>io</span> <span class='ocrx_word' id='word_1_900' title='bbox 307 5382 446 5428; x_wconf 71' lang='lat' dir='ltr'>rurcemiu</span> <span class='ocrx_word' id='word_1_901' title='bbox 460 5370 543 5443; x_wconf 87' lang='lat' dir='ltr'>trusi,</span> <span class='ocrx_word' id='word_1_902' title='bbox 557 5370 659 5430; x_wconf 86' lang='lat' dir='ltr'>deiude</span> <span class='ocrx_word' id='word_1_903' title='bbox 673 5369 866 5444; x_wconf 87' lang='lat' dir='ltr'>scorpionibus</span> <span class='ocrx_word' id='word_1_904' title='bbox 876 5367 1037 5441; x_wconf 75' lang='lat' dir='ltr'>gravissime</span> <span class='ocrx_word' id='word_1_905' title='bbox 1052 5371 1117 5419; x_wconf 90' lang='lat' dir='ltr'>sunt</span> <span class='ocrx_word' id='word_1_906' title='bbox 1131 5363 1205 5430; x_wconf 82' lang='lat' dir='ltr'>cesi,</span> <span class='ocrx_word' id='word_1_907' title='bbox 1215 5362 1263 5420; x_wconf 93' lang='lat' dir='ltr'>sed</span> <span class='ocrx_word' id='word_1_908' title='bbox 1276 5378 1340 5419; x_wconf 91' lang='lat' dir='ltr'>cum</span> <span class='ocrx_word' id='word_1_909' title='bbox 1354 5378 1370 5417; x_wconf 93' lang='lat' dir='ltr'>a</span> <span class='ocrx_word' id='word_1_910' title='bbox 1383 5360 1437 5417; x_wconf 87' lang='lat' dir='ltr'>lide</span> <span class='ocrx_word' id='word_1_911' title='bbox 1449 5359 1553 5417; x_wconf 88' lang='lat' dir='ltr'>Christi</span> <span class='ocrx_word' id='word_1_912' title='bbox 1566 5357 1668 5414; x_wconf 79' lang='lat' dir='ltr'>mutari</span> <span class='ocrx_word' id='word_1_913' title='bbox 1684 5368 1808 5428; x_wconf 88' lang='lat' dir='ltr'>nonpos-</span> 
     </span>
     <span class='ocr_line' id='line_1_114' title="bbox 161 5449 1807 5533; baseline -0.008 -18"><span class='ocrx_word' id='word_1_914' title='bbox 161 5464 232 5526; x_wconf 71' lang='lat' dir='ltr'>unt,</span> <span class='ocrx_word' id='word_1_915' title='bbox 242 5456 315 5533; x_wconf 80' lang='lat' dir='ltr'>jussi</span> <span class='ocrx_word' id='word_1_916' title='bbox 328 5466 394 5517; x_wconf 88' lang='lat' dir='ltr'>aunt</span> <span class='ocrx_word' id='word_1_917' title='bbox 406 5476 424 5516; x_wconf 82' lang='lat' dir='ltr'>a</span> <span class='ocrx_word' id='word_1_918' title='bbox 435 5458 609 5523; x_wconf 70' lang='lat' dir='ltr'>Diocletiano</span> <span class='ocrx_word' id='word_1_919' title='bbox 623 5460 653 5518; x_wconf 92' lang='lat' dir='ltr'>iu</span> <span class='ocrx_word' id='word_1_920' title='bbox 667 5459 759 5518; x_wconf 89' lang='lat' dir='ltr'>medio</span> <span class='ocrx_word' id='word_1_921' title='bbox 774 5458 844 5521; x_wconf 85' lang='lat' dir='ltr'>inari</span> <span class='ocrx_word' id='word_1_922' title='bbox 858 5456 1012 5532; x_wconf 76' lang='lat' dir='ltr'>praecipites</span> <span class='ocrx_word' id='word_1_923' title='bbox 1033 5455 1103 5512; x_wconf 89' lang='lat' dir='ltr'>dari.</span> <span class='ocrx_word' id='word_1_924' title='bbox 1119 5454 1186 5509; x_wconf 89' lang='lat' dir='ltr'>ltem</span> <span class='ocrx_word' id='word_1_925' title='bbox 1200 5453 1246 5509; x_wconf 92' lang='lat' dir='ltr'>uia</span> <span class='ocrx_word' id='word_1_926' title='bbox 1261 5451 1407 5520; x_wconf 85' lang='lat' dir='ltr'>Lavicaua,</span> <span class='ocrx_word' id='word_1_927' title='bbox 1424 5449 1522 5505; x_wconf 90' lang='lat' dir='ltr'>ualrlis</span> <span class='ocrx_word' id='word_1_928' title='bbox 1535 5455 1652 5521; x_wconf 89' lang='lat' dir='ltr'>quatuor</span> <span class='ocrx_word' id='word_1_929' title='bbox 1666 5454 1807 5504; x_wconf 90' lang='lat' dir='ltr'>coronato·</span> 
     </span>
     <span class='ocr_line' id='line_1_115' title="bbox 161 5536 1861 5624; baseline -0.009 -17"><span class='ocrx_word' id='word_1_930' title='bbox 161 5546 339 5618; x_wconf 66' lang='lat' dir='ltr'>undamn,</span> <span class='ocrx_word' id='word_1_931' title='bbox 347 5549 504 5620; x_wconf 67' lang='lat' dir='ltr'>wenni,</span> <span class='ocrx_word' id='word_1_932' title='bbox 512 5549 657 5624; x_wconf 83' lang='lat' dir='ltr'>Corpolon&#39;</span> <span class='ocrx_word' id='word_1_933' title='bbox 665 5556 695 5606; x_wconf 90' lang='lat' dir='ltr'>et</span> <span class='ocrx_word' id='word_1_934' title='bbox 703 5545 852 5617; x_wconf 83' lang='lat' dir='ltr'>Victorini,</span> <span class='ocrx_word' id='word_1_935' title='bbox 864 5545 912 5621; x_wconf 89' lang='lat' dir='ltr'>qui</span> <span class='ocrx_word' id='word_1_936' title='bbox 919 5544 1033 5617; x_wconf 84' lang='lat' dir='ltr'>jubente</span> <span class='ocrx_word' id='word_1_937' title='bbox 1044 5541 1213 5602; x_wconf 85' lang='lat' dir='ltr'>Diocletiano</span> <span class='ocrx_word' id='word_1_938' title='bbox 1224 5540 1326 5598; x_wconf 89' lang='lat' dir='ltr'>ictibus</span> <span class='ocrx_word' id='word_1_939' title='bbox 1336 5538 1541 5611; x_wconf 86' lang='lat' dir='ltr'>plumbatarum</span> <span class='ocrx_word' id='word_1_940' title='bbox 1552 5553 1638 5612; x_wconf 89' lang='lat' dir='ltr'>usque</span> <span class='ocrx_word' id='word_1_941' title='bbox 1647 5536 1682 5594; x_wconf 89' lang='lat' dir='ltr'>ad</span> <span class='ocrx_word' id='word_1_942' title='bbox 1691 5543 1808 5593; x_wconf 87' lang='lat' dir='ltr'>uiortein</span> <span class='ocrx_word' id='word_1_943' title='bbox 1858 5586 1861 5592; x_wconf 87' lang='lat'>.</span> 
     </span>
    </p>

    <p class='ocr_par' dir='ltr' id='par_1_26' title="bbox 135 5625 1850 5815">
     <span class='ocr_line' id='line_1_116' title="bbox 135 5625 1850 5711; baseline -0.014 -8"><span class='ocrx_word' id='word_1_944' title='bbox 135 5696 139 5703; x_wconf 92' lang='lat'><em>.</em></span> <span class='ocrx_word' id='word_1_945' title='bbox 160 5635 225 5695; x_wconf 56' lang='lat' dir='ltr'><strong><em>d</em></strong></span> <span class='ocrx_word' id='word_1_946' title='bbox 236 5642 315 5696; x_wconf 76' lang='lat' dir='ltr'>aaut.</span> <span class='ocrx_word' id='word_1_947' title='bbox 324 5636 431 5698; x_wconf 77' lang='lat' dir='ltr'>llum</span> <span class='ocrx_word' id='word_1_948' title='bbox 443 5638 559 5698; x_wconf 84' lang='lat' dir='ltr'>uotuiua</span> <span class='ocrx_word' id='word_1_949' title='bbox 570 5654 635 5696; x_wconf 89' lang='lat' dir='ltr'>eum</span> <span class='ocrx_word' id='word_1_950' title='bbox 650 5635 766 5694; x_wconf 84' lang='lat' dir='ltr'>minime</span> <span class='ocrx_word' id='word_1_951' title='bbox 777 5635 930 5711; x_wconf 83' lang='lat' dir='ltr'>potuissent</span> <span class='ocrx_word' id='word_1_952' title='bbox 944 5633 1087 5708; x_wconf 90' lang='lat' dir='ltr'>repperiri,</span> <span class='ocrx_word' id='word_1_953' title='bbox 1099 5648 1158 5704; x_wconf 85' lang='lat' dir='ltr'>quae</span> <span class='ocrx_word' id='word_1_954' title='bbox 1173 5629 1293 5687; x_wconf 87' lang='lat' dir='ltr'>Domino</span> <span class='ocrx_word' id='word_1_955' title='bbox 1309 5626 1447 5684; x_wconf 87' lang='lat' dir='ltr'>revelante</span> <span class='ocrx_word' id='word_1_956' title='bbox 1460 5625 1611 5698; x_wconf 70' lang='lat' dir='ltr'>interiectis</span> <span class='ocrx_word' id='word_1_957' title='bbox 1625 5626 1706 5683; x_wconf 89' lang='lat' dir='ltr'>annis</span> <span class='ocrx_word' id='word_1_958' title='bbox 1717 5632 1810 5698; x_wconf 89' lang='lat' dir='ltr'>postea</span> <span class='ocrx_word' id='word_1_959' title='bbox 1839 5630 1850 5645; x_wconf 85' lang='lat'><strong><em>⁴</em></strong></span> 
     </span>
     <span class='ocr_line' id='line_1_117' title="bbox 148 5715 1808 5815; baseline -0.011 -25"><span class='ocrx_word' id='word_1_960' title='bbox 148 5718 271 5815; x_wconf 86' lang='grc' dir='ltr'><strong>Μ</strong></span> <span class='ocrx_word' id='word_1_961' title='bbox 282 5728 361 5813; x_wconf 71' lang='lat' dir='ltr'>lunt,</span> <span class='ocrx_word' id='word_1_962' title='bbox 374 5730 509 5788; x_wconf 68' lang='lat' dir='ltr'>uolumini</span> <span class='ocrx_word' id='word_1_963' title='bbox 523 5733 565 5789; x_wconf 83' lang='lat' dir='ltr'>sat</span> <span class='ocrx_word' id='word_1_964' title='bbox 578 5733 611 5789; x_wconf 89' lang='lat' dir='ltr'>tit</span> <span class='ocrx_word' id='word_1_965' title='bbox 627 5724 818 5785; x_wconf 77' lang='lat' dir='ltr'>anniversaria</span> <span class='ocrx_word' id='word_1_966' title='bbox 831 5722 891 5782; x_wconf 85' lang='lat' dir='ltr'>dies</span> <span class='ocrx_word' id='word_1_967' title='bbox 905 5723 1027 5796; x_wconf 82' lang='lat' dir='ltr'>ipsorum</span> <span class='ocrx_word' id='word_1_968' title='bbox 1041 5720 1091 5778; x_wconf 88' lang='lat' dir='ltr'>sub</span> <span class='ocrx_word' id='word_1_969' title='bbox 1106 5719 1267 5777; x_wconf 88' lang='lat' dir='ltr'>nominibus</span> <span class='ocrx_word' id='word_1_970' title='bbox 1279 5715 1501 5793; x_wconf 84' lang='lat' dir='ltr'>supradictorum</span> <span class='ocrx_word' id='word_1_971' title='bbox 1516 5717 1638 5790; x_wconf 87' lang='lat' dir='ltr'>quinque</span> <span class='ocrx_word' id='word_1_972' title='bbox 1655 5720 1808 5788; x_wconf 81' lang='lat' dir='ltr'>martyrum</span> 
     </span>
    </p>
   </div>
   <div class='ocr_carea' id='block_1_19' title="bbox 0 0 1926 6132">
    <p class='ocr_par' dir='ltr' id='par_1_27' title="bbox 0 0 1926 6132">
     <span class='ocr_line' id='line_1_118' title="bbox 0 0 1926 6132; baseline 0 0"><span class='ocrx_word' id='word_1_973' title='bbox 0 0 1926 6132; x_wconf 95' lang='lat' dir='ltr'> </span> 
     </span>
    </p>
   </div>
  </div>
 </body>
</html>
