3834 6136
196 220 248 280 cdl
858 212 1011 272 dsunnul
1030 212 1194 272 Hohacffl
1806 213 1865 274 508

195 342 299 401 habeut
314 357 321 398 ε
344 362 354 388 ι
368 339 451 413 Apud
466 338 627 407 carnotum,
653 338 745 395 natale
758 336 847 395 sancti
859 337 998 395 Solemnis
1011 338 1037 397 A
1087 339 1270 394 Flentium:
1291 357 1301 384 ι
1314 336 1377 465 Ιῆιο
1383 335 1439 404 die,
1448 333 1537 392 sancti
1546 333 1685 393 Solemnis
1693 333 1833 419 episcopi.
1846 360 1856 385 ι

196 414 318 489 episcopi
331 421 359 470 et
371 409 549 469 confessoris.
566 433 576 458 i
1088 408 1278 466 Cluuianum:
1297 432 1307 456 ι
1349 423 1420 480 agno
1444 405 1517 476 loco,
1533 412 1634 489 unda
1654 406 1781 490 Georgia
1796 425 1864 465 vir-

231 487 401 543 Uuriiiiacr.
433 483 559 540 duasne.
576 482 717 548 ethium.
743 479 849 537 ineos
870 482 997 554 proxime
1070 479 1156 536 inis·
1193 478 1265 537 Vide
1290 476 1365 536 hune
1384 476 1511 534 eumdem
1529 477 1653 536 codicem
1676 484 1797 535 citatam
1823 495 1863 537 xii

195 574 229 616 su
250 556 386 614 ericiibus
396 527 529 611 differunt
542 552 617 622 ouod
631 553 665 608 de
680 553 808 608 Solemne
824 553 862 608 ita
877 552 995 609 addant:
1051 496 1208 619 hebraei-ii,
1222 551 1271 607 ubi
1286 549 1370 622 hujus
1384 550 1457 607 Geor
1477 548 1509 606 iae
1528 548 1740 632 translationem
1756 550 1861 634 signat.

204 574 281 686 «hie
295 627 403 685 homini
426 643 441 681 a
456 624 600 681 nativitate
623 640 696 681 ceco
720 630 748 678 et
766 624 849 680 surdo
877 632 904 680 et
919 632 997 680 muto·
1087 624 1187 679 Euirio
1200 622 1422 680 busaeo-Con:
1443 567 1862 695 ‹iuterriioriollierosolymi-

196 700 300 767 visum,
316 698 453 764 auditum,
472 705 500 752 et
517 695 640 753 officium
655 694 757 766 linguar
779 695 913 753 restituit.
928 695 997 754 Clo-
1051 694 1256 763 unocastello
1290 692 1345 750 uod
1357 693 1513 765 appellator
1526 692 1753 761 ismeonuatate
1770 695 1861 751 sancti

196 773 323 829 dovaeum
351 783 460 843 quoque
484 783 575 839 regem
609 767 779 823 Francorum
805 773 832 823 et
860 775 997 825 trecentos
1052 765 1190 839 Cleophae‚
1205 765 1254 838 qui
1270 708 1327 821 init
1341 762 1457 846 unusflde
1466 763 1643 844 septuaginta
1652 762 1769 846 duobus
1778 763 1862 849 disci·

196 843 341 914 sexaginta
364 848 484 914 quatuor
507 854 619 896 comeo
633 853 710 912 aque
729 838 800 897 sacri
821 838 997 912 baptismatis
1050 839 1124 911 pulis
1134 836 1250 905 Christi,
1263 837 1311 909 qui
1321 845 1446 917 etiamliu
1455 833 1501 891 die
1510 836 1861 918 munecneeisboumni,

198 913 359 970 initiavit.»
1050 926 1112 966 oum
1128 907 1338 980 aliodiscipulo
1354 922 1383 963 iu
1408 905 1482 963 idem
1497 906 1732 975 camellumibtit.
1777 907 1862 969 stibna

232 985 390 1043 Carrucam.
405 999 411 1040 :
431 981 632 1039 ‹Natalebesti
648 981 847 1067 Cleopbe,qui
858 982 913 1040 fuit
924 999 996 1040 unus
1050 980 1186 1038 Dominus
1200 979 1230 1036 iii
1243 980 1291 1036 via
1312 977 1451 1060 apparuit.
1466 978 1503 1034 Et
1518 994 1601 1053 qusai
1622 978 1741 1037 tradunt
1756 977 1762 989 '
1787 978 1861 1038 ‘deris

196 1072 231 1112 ex
243 1055 417 1137 septuaginta
435 1052 544 1109 duobus
559 1053 714 1135 discipulis.
730 1055 886 1122 Ambianis,
905 1058 996 1127 passio
1050 1061 1078 1108 et
1098 1052 1128 1108 iii
1151 1050 1248 1108 eadem
1271 1051 1365 1119 deuio,
1382 1066 1412 1107 iu
1434 1065 1490 1133 qna
1509 1064 1636 1108 mensem
1673 1059 1861 1133 superauerat

196 1125 419 1184 sanctiFirmini
443 1125 583 1197 martyris,
600 1124 683 1196 primi
700 1125 914 1183 illiusciiiitatis
932 1127 997 1208 epi·
1050 1121 1616 1203 Deiuiuo,procousessionoepusetciCol
1670 1191 1676 1203 .
1760 1139 1859 1196 ppius,

195 1199 283 1271 scopi.
301 1195 440 1269 Lugduni,
456 1196 544 1254 sancti
560 1195 630 1268 Lupi
646 1196 766 1278 episcopi
779 1214 812 1253 ex
823 1197 994 1259 anachorita.
1050 1194 1189 1252 ordinatio
1197 1194 1284 1250 sancti
1294 1191 1645 1274 Cunibertiarcbiepiscopi
1652 1209 1676 1265 ep
1733 1210 1779 1250 ein
1789 1192 1861 1252 civi·

196 1270 257 1343 lpse
270 1269 324 1337 die,
340 1267 427 1325 sancti
442 1268 591 1325 Herculani
611 1267 720 1325 militis.
736 1268 924 1337 Autisiedore,
935 1285 996 1326 san·
1050 1265 1115 1322 tatis
1129 1273 1156 1321 et
1173 1264 1347 1322 contessoris.
1357 1266 1387 1320 ln
1397 1264 1510 1321 civitate
1518 1263 1762 1346 Ambiauensioin,
1785 1263 1859 1323 beiti

195 1341 234 1399 cti
249 1340 365 1397 bunarii
379 1339 501 1412 episcopi
515 1346 544 1395 et
555 1339 732 1396 contessoris.
747 1341 828 1409 lteni,
838 1341 926 1399 sancti
941 1341 996 1398 So-
1051 1337 1170 1394 Firmini
1180 1336 1302 1409 episcopi
1317 1345 1345 1393 et
1354 1335 1496 1417 martyris.
1512 1334 1566 1407 Qui
1578 1335 1633 1418 sub
1641 1335 1822 1418 Diocletiano
1833 1344 1861 1395 et

197 1413 289 1470 lenuis
301 1411 434 1484 episcopi.
451 1410 585 1468 Coenobio
606 1410 739 1481 Cmaree,
761 1413 849 1471 sancti
864 1412 996 1471 liodberti
1050 1409 1219 1465 Maximiano
1233 1406 1445 1480 imperatoribus
1455 1415 1486 1488 et
1494 1405 1545 1462 sab
1555 1405 1672 1479 preside
1680 1403 1859 1490 dicticinio,

196 1484 319 1557 episcopi
331 1490 359 1539 et
375 1481 550 1540 contessoris.
567 1508 576 1532 ι
1050 1488 1112 1554 post
1126 1479 1216 1536 varias
1231 1488 1432 1537 tormentorum
1448 1493 1549 1547 minas,
1568 1485 1649 1536 nocte
1663 1479 1785 1537 eleusin
1801 1496 1858 1537 car·

232 1556 412 1613 Bnuxsuusii.
430 1554 531 1626 incipit
552 1570 567 1610 a
590 1554 727 1624 Firmino,
740 1556 807 1613 satis
821 1573 900 1628 pure.
925 1556 996 1614 Tum
1050 1568 1112 1609 cere
1137 1552 1291 1610 decollatus
1318 1561 1370 1617 est,
1398 1550 1674 1623 sicquemartyrium
1689 1549 1857 1632 complevit.

196 1625 230 1684 de
245 1626 310 1685 Cleo
330 1627 375 1683 hs.
389 1626 495 1683 Deinde
506 1625 541 1682 de
555 1626 812 1700 Herculsuo,quem
824 1629 1000 1685 Ascalonem
1050 1622 1135 1696 Cujus
1158 1639 1259 1696 corpus
1282 1623 1490 1704 Faustinianus,
1510 1619 1547 1678 ab
1570 1620 1667 1679 eedem
1685 1620 1856 1699 baptisatus,

196 1706 286 1757 vocat.
337 1698 432 1771 quitur
452 1715 458 1754 :
483 1696 591 1769 «Apud
614 1696 776 1763 Carnutum,
800 1700 891 1755 natale
910 1699 998 1757 sencti
1014 1700 1037 1759 Β
1053 1695 1163 1769 rapiens
1189 1694 1336 1768 sepelivit,
1349 1711 1397 1768 qui
1420 1693 1456 1751 ob
1475 1707 1601 1750 amorem·
1623 1700 1651 1750 et
1672 1693 1858 1761 misnensis

195 1768 355 1842 Solempnie
365 1769 487 1840 episcopi
497 1775 525 1824 et
534 1768 711 1825 confessoris.
727 1768 779 1826 Hic
792 1768 901 1827 bomini
914 1787 998 1827 ana·
1053 1768 1141 1825 sancd
1157 1767 1289 1839 martyris
1307 1767 1423 1849 unicum
1439 1758 1530 1848 tilium
1544 1774 1625 1821 suunt
1640 1768 1724 1846 gisem
1746 1760 1856 1838 hahuit,

196 1841 306 1897 tivitate
325 1856 408 1907 ceco,
432 1838 529 1906 surdo,
544 1848 573 1895 et
593 1847 681 1906 muto,
701 1840 805 1909 visum,
828 1841 956 1898 auditum
972 1850 999 1898 et
1054 1839 1210 1896 Firminum
1226 1836 1384 1911 appellavit.
1407 1837 1461 1905 Qiii
1485 1835 1595 1893 mndeui
1610 1843 1729 1894 scientia
1748 1843 1858 1894 etsen-

196 1911 319 1969 officiuin
336 1911 437 1982 tingue
449 1910 582 1967 restituit.
595 1910 677 1981 Apud
686 1910 853 1983 Lugdunum
859 1912 999 1986 depositio
1052 1910 1150 1968 ctitate
1164 1909 1320 1982 proficiens,
1336 1909 1463 1966 omnium
1478 1906 1597 1980 Europae
1606 1907 1789 1989 ecelesiarum
1800 1925 1854 1965 uia·

195 1983 287 2038 sancti·
303 1981 372 2052 Lupi
404 1991 440 2037 ex
462 1979 625 2038 anachorita
645 1982 778 2054 episcopi.
804 1984 997 2052 natisiodoro,
1053 1981 1137 2054 gister
1150 1982 1274 2049 ellectue,
1290 1980 1435 2053 episcopus
1449 1978 1588 2053 predictis
1607 1979 1732 2037 ecclesiae
1748 1978 1857 2037 Ambia-

195 2052 332 2125 depositio
344 2052 433 2107 saucti
454 2051 577 2108 ianuarii
593 2049 657 2125 [pro
678 2052 795 2110 donarii
823 2055 942 2128 episcopi
971 2065 999 2112 et
1052 2052 1339 2109 uensieoidiiiamr.»
1359 2052 1393 2108 ln
1406 2052 1448 2108 bu
1498 2048 1698 2107 etHerculauo
1711 2048 1774 2107 fere
1786 2067 1857 2124 pura

194 2122 369 2180 confessoris.
386 2123 422 2181 Et
436 2122 535 2181 eodem
556 2121 612 2191 die,
628 2121 772 2181 beatorum
809 2126 876 2198 ergii
898 2135 926 2183 et
940 2128 999 2184 Ba·
1051 2132 1102 2181 set.
1128 2125 1168 2192 lie
1191 2122 1319 2195 Solemus
1335 2122 1429 2180 eadem
1449 2067 1538 2179 hibet
1556 2134 1617 2196 que
1641 2114 1813 2205 Haruspices.
1829 2130 1856 2178 et

194 2193 262 2254 obii.
277 2217 287 2243 ι
307 2194 377 2265 Lege
391 2194 489 2251 Bocchi
502 2202 529 2250 et
542 2193 606 2251 vide
616 2208 655 2250 iiii
667 2194 805 2254 Octobris.
1050 2198 1210 2253 durescere.
1225 2210 1317 2267 supra.
1340 2192 1556 2263 i-Aiitisiodoro,
1569 2192 1598 2252 S.
1610 2194 1777 2252 amnon.-
1798 2192 1855 2253 llo·

230 2266 414 2324 emiseris.
430 2265 466 2321 de
480 2264 548 2323 Cleo
568 2264 612 2328 ha.
624 2265 750 2346 pluribus
765 2270 941 2342 prosequitur
955 2262 997 2326 hi·
1052 2267 1106 2324 luit
1119 2266 1193 2323 haud
1207 2266 1292 2325 dubie
1305 2266 1426 2324 seribere
1436 2265 1569 2324 deuterii.
1658 2330 1661 2335 .

194 2338 309 2395 storiam
327 2283 576 2409 euangelicamih
603 2337 731 2394 Firmino
754 2340 822 2397 satis
843 2352 930 2412 purn's
944 2351 1019 2399 est·
1087 2335 1855 2420 Genusia:«ludsiaetnctorusnliucsrpifflardtmxiii,

194 2406 263 2465 Item
274 2409 304 2464 in
319 2409 506 2489 liupo-Tum:
526 2408 638 2489 «Apud,
648 2409 810 2479 Carnutum,
825 2413 913 2469 mncti
930 2413 996 2469 Sol*-
1050 2418 1078 2466 et
1094 2409 1212 2467 aliorum
1227 2410 1328 2482 viginti
1343 2427 1402 2467 sex.
1418 2408 1588 2477 suessionis,
1606 2409 1699 2492 sandi
1714 2408 1815 2492 ,1⁵¹3ssst
1831 2410 1855 2483 fi

194 2479 248 2538 lem
269 2479 313 2536 uis
334 2479 467 2553 episcopi.
489 2480 541 2537 Hic
562 2479 671 2536 homini
695 2496 711 2535 a
736 2482 884 2540 nativitate
912 2500 995 2554 ceco,
1050 2481 1172 2563 eisoopi
1186 2481 1404 2564 etncoulessoris,
1423 2481 1526 2565 ‚fratris
1550 2479 1625 2537 beati
1642 2479 1776 2563 Remigii.
1806 2512 1855 2564 ‚·.

193 2496 268 2608 sur?
1050 2497 1151 2610 chiano
1177 2569 1308 2635 episcopi.
1336 2555 1367 2610 ln
1395 2552 1539 2622 Hibernia,
1563 2552 1670 2610 barren
1689 2559 1854 2697 episcoKffi

261 2569 289 2619 o,
304 2559 333 2608 et
347 2558 436 2620 muto,
450 2551 554 2620 visum,
570 2550 695 2608 auditum
704 2559 732 2609 et
745 2553 879 2610 olfactum
895 2555 996 2628 lingum

195 2623 329 2679 restituit.
358 2621 537 2679 clodoveum
561 2637 628 2678 iero
647 2638 739 2694 regem
763 2625 954 2683 Franchorum
969 2635 997 2684 et
1050 2625 1225 2682 confessoris.
1254 2624 1384 2682 Germani
1406 2623 1513 2681 abbatis
1537 2622 1756 2683 etcouiessoris.

194 2693 372 2764 sexingentos
382 2693 556 2764 etsexaginta
565 2702 754 2766 quatuorcum
764 2711 808 2765 eo,
819 2696 904 2766 unda,
916 2722 926 2748 i
940 2707 993 2755 etc.
1050 2694 1200 2754 Coloniam¹
1212 2695 1404 2824 Agrippinam,
1420 2693 1561 2753 ordinatio
1579 2694 1853 2769 episcopatusstnoti

194 2763 327 2836 Sequitur
348 2764 382 2820 de
397 2764 552 2821 Herodiano
567 2773 594 2821 et
605 2766 729 2823 nunerio
739 2783 802 2824 cum
826 2777 906 2825 textu
928 2771 995 2827 satis
1050 2766 1206 2834 Cunibeiti,
1219 2784 1278 2840 epis
1298 2784 1340 2823 em
1360 2765 1513 2825 civitatise
1536 2766 1622 2840 iscopi
1634 2774 1662 2824 et
1676 2766 1852 2825 confessoris.

192 2850 270 2907 pure.
1048 2837 1118 2896 Item
1135 2838 1215 2896 bonae
1239 2838 1378 2895 memoriae
1406 2783 1540 2895 Gerharii
1556 2838 1723 2896 contessoris
1747 2837 1853 2897 ordinis

227 2908 387 2968 Auuicmcr.
406 2921 455 2978 pro
479 2907 644 2977 Rictiocoro,
666 2907 749 2967 babet
764 2909 920 2967 Sebastiano
927 2931 943 2982 ,·,
966 2921 994 2968 et
1049 2910 1201 2978 blinorum,
1219 2911 1276 2967 viri
1292 2908 1502 2985 devotissimis

192 2974 292 3033 inline
306 2975 340 3034 de
356 2977 538 3047 Solemne,ut
552 2996 644 3051 supra.
979 2996 982 3000 ’
1087 2980 1215 3039 Horam:
1240 2982 1329 3058 «Item
1342 2981 1430 3038 sancti
1450 2979 1579 3038 Solemnis
1592 2981 1715 3064 epIseopi
1734 2982 1765 3041 si
1780 2982 1850 3042 cou-

215 3049 422 3127 inmissam:
447 3050 615 3108 ‹Ambianis
629 3051 753 3119 civitate,
780 3052 883 3109 natalis
902 3054 990 3112 sancti
1009 3064 1031 3125 c
1047 3053 1168 3120 fossoris,
1183 3052 1381 3111 eastroBlesis.
1399 3051 1506 3109 Eodem
1520 3049 1576 3128 die,
1596 3059 1687 3111 sanem
1712 3053 1849 3129 Principii

189 3118 307 3176 Firmini
321 3121 451 3194 martyris
460 3132 487 3179 et
515 3123 579 3179 rimi
595 3123 686 3195 episco
706 3123 715 3179 i
730 3123 854 3180 civitatis
863 3125 961 3197 ipsius.
974 3150 983 3175 ι
1046 3123 1252 3183 suessionensis
1264 3123 1399 3207 episcopi,
1407 3121 1500 3180 {ratris
1513 3122 1586 3180 beati
1596 3122 1748 3203 Remigii.»
1758 3124 1847 3207 Quod

224 3139 671 3276 Maenio-Caurus.iliensium.
688 3139 741 3250 hoo
759 3194 804 3251 die
819 3197 990 3254 contractior
1044 3213 1079 3254 ex
1095 3195 1242 3266 Hueiriinit.
1256 3194 1367 3277 videtur
1376 3194 1564 3278 desumptum.
1573 3192 1797 3278 Ediliottesalits'
1803 3198 1851 3264 sic

188 3268 239 3342 est,
255 3263 402 3322 sichabet:
422 3265 580 3338 «cleophe,
592 3265 722 3336 ihscipuli
738 3265 852 3322 Christi.
869 3269 988 3324 Firmini
1044 3264 1164 3325 habeut:
1186 3266 1274 3323 ‹ltem
1288 3260 1490 3345 Blesis,.sencti
1504 3264 1784 3347 Seleniusepisre'pi..
1795 3267 1849 3328 Hie

188 3335 308 3414 episcopi
319 3343 346 3391 et
361 3338 499 3409 martyris.
516 3337 650 3409 Principii
664 3337 787 3410 episcopi
803 3336 990 3396 Suessionum·
1044 3338 1186 3397 bominem
1200 3354 1222 3394 a
1239 3337 1393 3413 nativitato-
1408 3353 1514 3417 mcum
1527 3340 1554 3395 el
1565 3337 1688 3417 *surdum
1704 3334 1849 3417 peculilis‘

187 3419 236 3473 sis,
253 3405 347 3464 iratris
360 3407 433 3464 beati
450 3410 567 3482 Remigii
582 3408 733 3482 episcopi.»
763 3433 769 3450 ·
1043 3420 1095 3478 est,
1110 3419 1137 3466 et
1151 3409 1245 3467 statim
1259 3426 1358 3468 unum
1374 3404 1506 3466 reddidit.
1522 3396 1574 3489 liic
1587 3406 1847 3471 eiam-carnoten-

221 3477 290 3558 liao.
302 3478 383 3535 Sese.
398 3481 612 3553 signatusnum.
626 3479 677 3537 130
689 3479 885 3540 etiambebet:
902 3484 989 3540 ‹ltem
1043 3483 1116 3540 sium
1142 3484 1298 3564 episeopus,
1324 3480 1496 3559 liudericum
1511 3495 1606 3558 regem¹
1623 3498 1688 3539 cum
1715 3476 1847 3545 t'recemb

172 3556 274 3604 educti
289 3550 417 3607 Solemnis
436 3553 589 3624 episcopi.»
1044 3551 1367 3626 septuagintanobilibus
1377 3553 1740 3625 sacrofonteregenersvit.
1751 3552 1851 3633 Sicgue

220 3619 252 3675 ln
267 3620 402 3676 Vesicae.
419 3622 615 3694 signatorum.
633 3624 704 3683 este
719 3625 819 3681 desunt
843 3631 988 3697 postremus
1043 3625 1094 3682 liei
1119 3624 1235 3700 Sanctus
1260 3633 1313 3681 tres
1337 3623 1501 3701 olimpiades
1516 3623 1617 3701 gerens
1632 3624 1692 3682 ine
1725 3625 1849 3710 scopata,

186 3685 247 3744 duae
261 3692 500 3752 annuntiationes.
1042 3696 1173 3768 migravit
1188 3696 1223 3753 ad
1237 3694 1399 3753 Dominum.
1415 3694 1520 3752 Eodem
1551 3692 1598 3752 die
1619 3711 1670 3752 san
1737 3694 1850 3757 Princi-

221 3759 253 3814 ln
273 3759 444 3840 denunciari.
458 3762 535 3818 deest
557 3762 586 3818 in
601 3761 655 3818 hoe
676 3763 772 3822 codice
790 3766 940 3836 numerius,
957 3774 988 3824 ut
1060 3767 1111 3836 ii,¹
1133 3774 1197 3835 etc,
1228 3767 1301 3843 utin
1325 3767 1426 3848 priori.
1458 3764 1638 3833 «cosantia,
1662 3766 1693 3825 in
1709 3766 1849 3843 territorio

128 3894 131 3899 ⁸
186 3843 307 3900 suprain
323 3832 679 3890 hxrusar.-Hxx.-Luarc.
870 3902 872 3905 ¹
1039 3783 1249 3904 flimutinmde
1270 3838 1351 3894 esitio
1369 3837 1449 3894 beati·
1468 3834 1675 3908 Hermeulr'edi,
1693 3838 1809 3899 abbatii
1822 3848 1849 3898 et

200 3900 378 3982 ‘hursuma
402 3903 629 3985 ‹lnGlesoovia,
644 3907 732 3964 sancti
747 3907 880 3965 Ceollridi
896 3909 985 3966 abba·
1039 3909 1213 3989 conlessoris.
1245 3853 1457 3977 qulascouia,
1482 3907 1516 3965 de
1539 3979 1544 3990 ¹
1568 3908 1620 3989 flio
1649 3910 1743 3989 sauch‘
1762 3910 1849 3971 Geel-

185 3978 222 4028 tis
241 3979 269 4028 et
289 3973 465 4031 confessoris.
492 3977 571 4043 Item,
596 3983 697 4034 sancta
722 3979 828 4036 Fausta
855 3980 982 4054 virginis.
1038 3979 1104 4037 lridi
1119 3979 1227 4037 abbatis
1241 3988 1269 4036 et
1287 3979 1488 4038 confessoris·
1537 3978 1581 4036 ide
1599 3979 1637 4037 de'
1655 3978 1775 4059 ut‘roq'u'e
1790 3981 1847 4044 ca-

185 4043 265 4112 ltem,
283 4044 371 4102 sancti
385 4046 521 4104 Solenuii.
537 4073 546 4097 ι
565 4047 641 4104 ldem
661 4048 710 4123 qui
723 4051 862 4108 sitias-e.
1037 4052 1201 4110 stellauum.

185 4226 223 4284 v1
237 4229 303 4284 Hah
1741 4235 1847 4304 Dim,

217 4317 322 4375 Natalis
331 4326 491 4379 sanctorum
499 4328 653 4394 martyrum
668 4322 800 4396 Cypriani
811 4323 933 4397 episcopi
945 4332 972 4380 et
981 4323 1098 4381 iustine
1108 4321 1236 4395 virginis,
1260 4322 1511 4396 quorumlustlna3
1535 4322 1848 4399 mrtepropssr‘dbrts

182 4415 257 4465 stum
270 4419 407 4480 perpessa,
421 4409 512 4481 ipsum
534 4425 643 4483 quoque
659 4409 840 4483 cyprianum,
857 4429 921 4470 cum
944 4419 1015 4468 esset
1031 4427 1138 4484 magus,
1166 4419 1194 4468 et
1215 4413 1330 4485 magicis
1353 4412 1413 4470 suis
1427 4430 1488 4471 eam
1515 4413 1677 4473 dementare
1690 4410 1847 4486 enesim,

181 4501 319 4558 convertit
337 4499 540 4569 edGbristum,
554 4517 617 4559 cum
633 4517 689 4575 quo
699 4510 805 4575 postea,
816 4502 875 4575 jam
889 4503 1019 4576 episcopo
1038 4508 1065 4558 et
1079 4502 1168 4559 nobili
1178 4502 1297 4559 doctore
1306 4503 1390 4572 lacto,
1407 4503 1581 4577 martyrium
1595 4504 1847 4580 sumpsitlteiuii

180 4604 296 4661 corpora
305 4588 482 4663 postmodum
496 4607 513 4646 a
527 4589 695 4648 Christianis
714 4593 829 4650 Romam
847 4591 936 4650 delate
950 4599 1025 4649 sunt.
1041 4591 1164 4650 Ciuitate
1179 4591 1298 4662 hlbauo,
1313 4591 1571 4651 sanetiSenatetist

954 4717 1072 4775 NOTAE.

215 4810 285 4868 Puri
300 4818 365 4869 sunt
378 4812 500 4883 Proteo,
511 4813 659 4879 Hei-inicit,
684 4815 842 4884 Toruoceii„
857 4815 1090 4888 Aetiierpeillcj,
1108 4816 1264 4890 llosweyd,
1277 4817 1423 4888 Munerat,
1441 4818 1551 4877 diceet.
1568 4812 1712 4881 ethioluic

790 4941 993 4999 VARIANTES
1011 4936 1217 5002 bechonem

214 5038 300 5096 Vides
323 5036 370 5094 bic
393 5036 484 5095 denuo
508 5038 580 5095 iuter
602 5055 684 5111 puros
702 5038 816 5097 codices
838 5056 978 5098 recurrere
998 5041 1022 5102 b
1039 5041 1134 5113 magiis
1148 5042 1203 5097 seis
1215 5059 1225 5107 ;
1239 5040 1377 5114 siquidem
1393 5041 1432 5098 ita
1446 5057 1509 5100 vere
1522 5042 1596 5100 Beda
1610 5042 1686 5118 legit,
1704 5060 1771 5102 cum
1786 5047 1845 5106 lis·

179 5111 389 5178 Tornaoensem,
405 5109 453 5183 qui
477 5109 510 5166 ab
532 5127 584 5168 viii
601 5111 718 5183 Augusti
741 5111 775 5167 ad
794 5111 870 5168 hunc
896 5128 980 5186 usque
1037 5111 1125 5169 banus
1144 5113 1227 5169 etiam
1239 5113 1404 5185 simpliciter
1423 5113 1780 5191 babmtmagtsiiis.,‚1>ro
1794 5118 1844 5176 ‹te-

180 5180 253 5239 diem
269 5196 373 5239 vacuus
400 5178 464 5249 init,
482 5180 557 5240 loliis
579 5182 685 5256 aliquot
709 5190 757 5238 aut
781 5181 918 5255 decerptis
932 5192 981 5241 aut
1034 5185 1310 5241 mentorcindntuer
1407 5183 1515 5245 'oreest
1527 5187 1692 5260 timpthtc‘.l
1728 5190 1731 5195 '
1780 5192 1844 5246 adte

178 5253 285 5331 saltem·
308 5253 342 5310 ds
362 5253 470 5334 ceditis.
499 5256 539 5311 lie
565 5263 665 5311 caetero
700 5254 788 5312 codex
824 5252 883 5323 ille,
912 5255 979 5313 item
1037 5256 1209 5325 Christianis,
1230 5198 1379 5313 omittite.
1422 5256 1528 5314 ltimam
1544 5256 1695 5333 annontlat
1715 5264 1718 5269 '
1742 5230 1847 5318 chisil?

177 5323 330 5402 Autuerp.·
360 5328 397 5398 ap.
412 5333 439 5382 et
453 5325 712 5383 Greven.scribunt
729 5326 860 5398 Cipriom,
878 5325 979 5383 mellus
1035 5326 1136 5384 format
1159 5327 1306 5400 Rosweyd.
1330 5344 1337 5384 :
1367 5327 1481 5384 dicimo
1501 5328 1623 5399 Attene,
1642 5346 1679 5386 iso
1740 5332 1848 5388 ’sunm'

178 5392 291 5463 reliqui,
314 5396 394 5452 utin
416 5405 505 5454 textu.
531 5393 758 5472 diruere-ltin,
783 5397 930 5470 Rbsweyd.
953 5406 980 5455 et
1035 5399 1181 5455 Senatorio.
1197 5400 1233 5455 At
1246 5399 1355 5456 utrovis
1368 5398 1452 5456 modo
1466 5401 1520 5458 scri
1541 5402 1609 5459 seris
1632 5417 1731 5474 verum
1745 5402 1842 5473 locam

177 5461 292 5531 Helen,
310 5473 371 5536 post
389 5470 498 5550 respicis
521 5469 577 5552 suis
592 5486 648 5550 non
664 5471 736 5527 malo
749 5469 856 5527 addunt
874 5469 980 5552 artibus
1033 5484 1090 5552 nou
1105 5468 1392 5544 faciledesignaierii.
1409 5417 1545 5531 liddensi:
1556 5443 1843 5550 in‘hucel'ssiurlgit

180 5546 288 5589 ieruim
302 5549 338 5591 ex
351 5536 494 5597 codicibus
508 5541 571 5598 aliis
588 5540 686 5612 iudico
705 5556 762 5598 nou
783 5541 824 5600 sie
837 5541 980 5617 scripsisse
1033 5541 1149 5599 titulum
1163 5541 1289 5616 episcopi.

180 5601 348 5675 Usuardum,
372 5607 420 5684 qui
444 5611 525 5670 forte
541 5613 642 5674 melius
666 5622 729 5674 cum
748 5612 822 5671 Bedit
844 5611 980 5690 posuisset
