3834 6136
151 196 218 257 {cll

664 190 837 250 unledam
856 190 1099 249 LUGDUNENSIS
1118 189 1276 249 EPISCOPI

1733 187 1804 247 ists

146 364 211 424 pum
226 357 338 423 propter
347 346 499 423 quamlibet
514 360 624 404 caussm
637 344 694 413 fiat,
711 342 784 415 apud
797 351 942 415 metropo-
956 345 981 405 Α
994 342 1068 398 sedis
1094 343 1233 410 Romana,
1262 345 1412 412 contraque
1428 339 1510 410 leges,
1537 336 1643 410 quibus
1666 351 1723 393 una
1736 355 1801 395 cum

147 439 275 508 litanum,
295 439 338 495 vel
358 439 503 510 primatem
523 434 674 508 provincie
688 434 839 489 secundum
854 448 945 488 sacras

146 527 252 600 regulas
265 540 375 583 musam
387 525 508 597 judicari
522 524 630 580 debere.
646 524 681 578 iit
698 522 722 579 si
736 522 803 594 quid
812 520 944 601 judicatis

146 618 289 691 episcopus
303 617 513 684 contradixerit,
537 616 571 672 ad
591 613 781 671 beatissimum
800 610 873 667 sedis
885 611 944 666 llo-

145 726 233 766 manu
265 709 423 782 pontificem
453 724 535 766 cansa
566 708 722 763 referatur:
753 711 780 758 et
795 703 840 758 ille
863 701 944 772 juxta

145 817 264 858 canones
278 809 305 858 et
319 803 391 873 loges
405 800 471 857 huic
485 816 572 857 musas
587 792 706 871 praebeat
721 797 814 851 linem.

182 893 328 964 Postquam
357 906 492 947 veronna
519 905 581 946 cum
598 887 810 959 metropolitano
835 899 895 938 meo
908 882 943 938 ad

146 981 221 1036 bunc
236 983 326 1037 locum
337 980 411 1047 veni,
429 978 476 1034 nbi
493 981 548 1035 Deo
563 979 694 1050 placitum
710 982 878 1031 conventum
894 988 939 1027 ve·

145 1077 232 1124 strum
247 1069 333 1133 adivi,
346 1067 505 1134 consilium,
523 1075 550 1121 et
573 1081 737 1123 consensum
752 1062 825 1134 apud
840 1079 899 1128 vos,
915 1067 943 1115 et

146 1172 193 1228 per
205 1165 325 1212 vestram
340 1156 522 1211 reverentiam
546 1154 618 1225 apud
638 1153 745 1210 domini
769 1151 856 1207 nostri
871 1149 942 1221 regis

145 1247 319 1304 clementiam
329 1246 505 1319 quesituras,
516 1245 581 1317 quid
595 1259 637 1298 mc
656 1250 780 1315 oporteat
801 1242 899 1304 lacere,
915 1245 942 1294 et

144 1338 283 1412 quomodo
296 1339 401 1394 valeam
416 1337 521 1404 vivere,
534 1336 615 1391 rebus
625 1343 652 1390 et
663 1334 803 1407 obsequiis
814 1332 940 1389 ecclesia-

145 1429 221 1485 sticis
232 1428 388 1484 inconsulto
397 1429 543 1500 episcopali
552 1427 658 1500 judicio
673 1427 821 1500 spoliatus:
839 1440 893 1480 non
907 1422 942 1478 ab

144 1515 246 1588 ignotis
260 1517 303 1572 vel
320 1516 433 1574 incertis
446 1518 569 1589 personis
585 1533 620 1572 ex
634 1526 709 1588 parte
729 1513 834 1571 domini
854 1510 942 1567 nostri

143 1607 216 1678 regis
230 1606 300 1662 milri
316 1615 357 1662 est
369 1606 538 1675 nuntiatum,
555 1615 585 1662 ut
601 1623 644 1661 me
659 1621 722 1677 erga
735 1620 797 1659 eum
813 1617 941 1672 recogno·

999 434 1083 491 sacris
1097 433 1198 506 regulis
1212 439 1306 488 mnata
1326 429 1481 486 moderatur
1496 426 1635 494 Ecclesia,
1651 441 1717 481 sum
1736 443 1801 498 spo-

999 524 1091 578 liatus.
1108 523 1139 577 ln
1156 521 1256 594 quibus
1270 519 1339 575 mibi
1354 517 1504 575 ostenderit
1521 516 1605 572 illurn
1620 530 1667 570 me
1688 514 1801 572 irratio-

999 612 1128 689 nabiliter
1142 610 1297 676 offendisse,
1313 607 1468 663 voluntarie
1491 620 1702 676 recognoscam,
1723 613 1752 661 et
1766 606 1799 676 ci,

998 702 1070 757 sicut
1090 700 1204 757 domino
1221 707 1247 755 et
1261 698 1363 755 seniori
1385 713 1416 751 ac
1429 695 1485 766 regi
1512 711 1574 751 meo
1594 694 1691 751 lacere
1705 693 1799 766 debeo,

999 791 1141 847 lrumiliter
1151 789 1313 846 satisfaciam
1320 791 1330 842 .'
1345 787 1381 843 Et
1395 783 1493 841 deinde
1503 784 1577 841 sicut
1589 783 1695 854 regulae
1705 782 1801 855 jubent

997 881 1066 936 meis
1091 879 1212 950 legitime
1227 894 1303 943 usus,
1333 875 1414 932 etuti
1442 872 1609 946 precipiunt
1624 886 1750 931 canones
1773 875 1800 931 in

997 972 1140 1045 provincia
1155 988 1214 1027 mea
1228 966 1388 1039 regulariter
1401 964 1436 1020 nd
1450 962 1589 1036 'synodum
1603 969 1752 1031 evocatus,
1764 964 1799 1024 de

997 1065 1206 1136 quibuscunque
1232 1059 1335 1116 ibidem
1365 1058 1443 1112 fuero
1469 1055 1679 1126 interpellatus,
1709 1071 1800 1113 cusu

997 1153 1065 1207 urreis
1078 1150 1219 1222 jndicibus
1235 1149 1347 1204 reddam
1362 1144 1494 1202 canonice
1508 1143 1661 1212 rationem,
1676 1151 1706 1200 et
1718 1160 1800 1204 cauo·

998 1241 1090 1298 nicam
1106 1255 1204 1312 sequar
1215 1237 1363 1309 judicium.

1032 1322 1176 1400 Alioquin,
1198 1326 1348 1383 secundum
1375 1339 1466 1380 meros
1484 1337 1619 1390 canones,
1644 1328 1674 1376 et
1695 1319 1799 1381 duaa

996 1427 1096 1476 sancta
1110 1417 1183 1474 sedis
1196 1419 1324 1474 Rornanae
1345 1412 1508 1486 pontificum
1534 1411 1565 1468 B.
1583 1411 1661 1467 Petri
1685 1413 1799 1483 apostoli

996 1509 1129 1564 memoria
1135 1508 1295 1573 honoretur,
1306 1515 1333 1562 et
1343 1511 1373 1559 ut
1384 1501 1453 1559 mihi
1465 1502 1543 1557 nulle
1552 1498 1591 1555 ab
1599 1500 1660 1556 ullo
1670 1499 1800 1557 violentis

996 1599 1130 1655 inferatur
1144 1595 1253 1668 propria
1268 1611 1335 1650 voce
1353 1601 1434 1666 atque
1450 1591 1546 1648 libello
1561 1591 1749 1662 apostolicam
1761 1608 1797 1648 se

144 1710 228 1762 scam,
244 1695 309 1751 etei
338 1695 483 1751 humiliter
506 1696 687 1751 satisfaciam.
717 1693 821 1749 Audivi
845 1691 938 1759 etiam,
957 1732 978 1791 B
995 1689 1056 1745 dem
1071 1689 1187 1761 appello.
1207 1687 1241 1741 Et
1256 1685 1305 1742 bac
1321 1683 1519 1758 professionem
1538 1692 1626 1755 elque
1640 1680 1796 1755 appellatio·

143 1784 208 1856 quia
220 1785 356 1851 homines,
372 1801 488 1858 quorum
503 1800 584 1839 cansa
597 1783 743 1839 adversum
759 1798 802 1837 me
816 1781 941 1837 domina»

142 1873 228 1928 tionis
242 1889 297 1928 sucu
311 1873 420 1927 anianus
434 1880 475 1928 est
489 1881 654 1939 commotus,
682 1872 737 1926 huc
750 1871 886 1936 venerint,
909 1877 940 1924 ut

142 1959 288 2016 adversum
304 1974 346 2015 rue
360 1959 477 2016 debeant
492 1960 579 2031 queri.
595 1960 672 2014 Unde
688 1959 819 2030 quoniam
832 1957 939 2029 judicio

142 2048 259 2116 regulari
276 2047 587 2117 meipsumconstringo,
600 2054 626 2101 et
636 2047 762 2100 scrutentia
777 2046 832 2099 sinc
842 2047 939 2115 scripte

141 2134 220 2200 duta,
232 2132 313 2205 juxta
327 2134 503 2191 definitiones
514 2135 688 2191 inviolabiles
708 2152 753 2189 uec
768 2152 861 2189 rwnren
877 2134 938 2207 [al.,

140 2237 173 2276 nc
186 2238 280 2276 nomeu
297 2221 413 2296 quidem]
436 2224 567 2278 sentcntiae
580 2223 673 2278 babere
689 2230 802 2278 ureretur
825 2223 937 2295 (Gneo,

142 2313 161 2367 l.
178 2326 208 2380 11,
224 2328 263 2382 cp.
282 2311 327 2380 cl,
344 2313 434 2367 indict.
451 2312 492 2381 6),
510 2311 611 2367 bannili
626 2312 826 2384 supplicatione
836 2313 939 2383 scripto

141 2401 294 2473 respondeo
313 2419 319 2457 :
349 2401 407 2457 Sim
432 2401 564 2458 canonice
601 2402 758 2470 revestitus,
782 2403 816 2458 de
840 2401 940 2474 quibus

141 2499 236 2549 contra
250 2508 342 2550 sacros
354 2509 481 2562 canones,
498 2500 525 2548 et
536 2493 646 2552 decreta
663 2494 825 2567 pontificum
838 2502 939 2551 sanctu

995 1795 1057 1836 nem
1082 1795 1169 1834 meam
1190 1777 1293 1832 domne
1320 1782 1414 1832 nostro
1438 1775 1495 1846 reqi
1521 1772 1797 1832 Christianissimos

995 1869 1110 1940 primate
1125 1867 1275 1939 provincie
1291 1881 1367 1932 mee,
1383 1864 1429 1921 cui
1444 1864 1517 1919 banc
1529 1863 1660 1935 piorrigo,
1674 1863 1736 1919 dari
1750 1863 1796 1920 do-

995 1973 1094 2028 posco:
1122 1955 1201 2012 vobis
1216 1971 1272 2010 ana
1284 1971 1348 2013 cum
1372 1970 1404 2010 eo
1420 1953 1508 2026 ipsius
1524 1952 1629 2010 domni
1642 1953 1734 2010 nostri
1742 1953 1796 2010 elc-

995 2047 1127 2102 mentianr
1143 2045 1356 2117 postulantibus,
1372 2052 1405 2100 ut
1417 2054 1528 2117 propter
1543 2043 1598 2100 Dei
1613 2060 1747 2112 amorem,
1761 2053 1793 2100 st·

994 2152 1046 2208 qne
1061 2144 1160 2192 sanctae
1179 2135 1279 2204 blariae,
1300 2141 1327 2190 et
1348 2144 1507 2192 sanctornm
1522 2134 1732 2205 apostolorum,
1744 2150 1795 2191 ou·

995 2224 1126 2295 niurnqae
1137 2223 1219 2279 simul
1229 2232 1387 2278 sanctorum
1401 2221 1625 2289 venerationem,
1640 2221 1715 2277 mibi
1730 2221 1791 2293 leger

994 2314 1190 2370 ecclesiasticas
1207 2320 1307 2379 servet,
1319 2313 1366 2384 qui
1378 2312 1452 2384 regia
1462 2312 1567 2383 pietate
1587 2312 1703 2369 cunctis
1716 2312 1792 2384 leque

994 2420 1112 2471 servare,
1128 2411 1156 2460 et
1168 2401 1385 2459 misericordiam
1404 2400 1537 2459 exlribere
1549 2408 1696 2459 mouetur.

915 2785 1012 2848 vll.

581 2918 830 2978 saulsnncrlo
853 2917 1043 2979 HINCMARl
1064 2918 1347 2978 LAUDUNENSIS.

176 3061 257 3119 Verba
275 3059 464 3130 satisfactionis
483 3061 622 3117 Hiucmcru'
640 3060 824 3117 Lauduucusis
845 3061 968 3135 episcopi,
987 3061 1084 3116 doruuo
1106 3062 1203 3117 Carelo
1222 3063 1278 3135 rupi
1293 3081 1344 3135 per
1364 3062 1479 3119 Odeucru
1498 3080 1655 3136 episcopum
1672 3065 1758 3118 musa.

173 3295 289 3362 Domnc,
317 3311 366 3365 ege
387 3296 525 3351 commovi
549 3295 673 3351 animum
703 3304 835 3365 vestrum,
861 3294 934 3369 quod
950 3298 972 3359 G
989 3296 1153 3354 incautelam
1169 3316 1217 3355 vos
1232 3300 1345 3357 offendi.
1363 3302 1398 3356 Et
1411 3310 1548 3374 qnantum
1565 3320 1617 3359 vos
1640 3303 1784 3376 benignum

137 3382 207 3439 mibi
222 3399 278 3440 non
289 3382 378 3439 luerat
392 3400 470 3456 opus,
485 3392 512 3438 et
526 3401 581 3439 non
597 3401 645 3456 per
663 3384 864 3452 infidelitatem,
880 3400 931 3442 nco

137 3479 269 3543 quantam
283 3472 464 3527 intentionem
481 3473 581 3529 mentis
591 3490 657 3530 mea
667 3490 829 3546 cognoscere
842 3475 929 3548 potui,

136 3559 170 3617 ad
186 3567 302 3616 vestram
319 3559 582 3616 dehonorationem:
613 3563 659 3618 sed
682 3564 752 3618 forte
774 3580 821 3635 per
842 3580 931 3620 rnearu

984 3385 1079 3454 habai,
1096 3394 1202 3443 tarrtnm
1219 3398 1311 3459 postea
1325 3391 1458 3447 offensum
1472 3391 1558 3448 sensi.
1575 3392 1611 3447 Et
1622 3392 1688 3449 inde
1698 3407 1783 3464 precer

984 3483 1103 3530 vestram
1117 3475 1281 3544 mercedem,
1298 3487 1328 3532 ut
1340 3487 1428 3534 vester
1439 3479 1551 3537 animus
1566 3480 1603 3536 sit
1619 3481 1690 3536 milri
1704 3482 1782 3553 placa·

985 3573 1039 3634 tus,
1055 3575 1081 3622 et
1095 3582 1145 3621 vos
1159 3567 1259 3621 iterum
1274 3569 1390 3629 seutiam
1405 3570 1475 3625 mihi
1492 3586 1552 3626 esse
1567 3571 1732 3645 benignum.

903 3847 1020 3912 v111.

430 3975 626 4037 uuisioni
647 3977 840 4042 HINGMARI
862 3983 1131 4050 LAUDUNENSIS
1153 3990 1204 4050 AD
1227 3991 1480 4058 nunninusnll.

132 4114 278 4187 Respondet
291 4115 327 4173 od
338 4113 480 4173 Hiucmari
492 4117 629 4191 epistolam
640 4120 840 4195 quinquaqinta
855 4125 971 4197 quiaque
981 4128 1096 4198 capitam
1110 4137 1134 4185 ct
1146 4131 1183 4187 ad
1195 4133 1251 4189 alia
1265 4151 1323 4205 qua
1338 4142 1430 4216 scutra
1441 4137 1528 4210 ipsura
1541 4139 1648 4214 scriptu
1658 4147 1701 4199 ost
1712 4148 1775 4200 ectu

169 4357 576 4417 Reverentissimollhemorum
591 4362 799 4438 archiepiscopo
811 4367 927 4424 domino
943 4378 967 4436 n
983 4388 1044 4429 nem
1055 4393 1061 4441 ;
1074 4374 1203 4433 videlicet
1212 4377 1253 4434 uti
1264 4379 1482 4448 Antiochenam,
1495 4385 1569 4456 quod
1579 4386 1650 4443 satis
1663 4388 1779 4447 abunde

130 4448 203 4506 Patri
228 4451 383 4518 llmcuano,
410 4452 572 4509 Hrnouunus
587 4453 779 4512 Laudunonsis
796 4458 926 4515 Ecclesia

129 4538 261 4595 minimus
275 4540 465 4612 episcoporum
475 4541 504 4597 in
515 4543 635 4599 Domino
647 4545 710 4601 lesu
720 4546 831 4604 Christo
840 4548 925 4605 totius

128 4626 270 4683 felicitatis
283 4628 496 4698 plenitudinem.

163 4716 203 4771 Dc
227 4714 345 4788 hisque
375 4716 454 4773 vobis
475 4734 523 4789 per
551 4721 692 4779 Hittonem
717 4725 839 4781 ecclesia
853 4727 922 4782 mibi

127 4803 279 4862 commissas
294 4806 470 4876 praepositam
484 4808 576 4866 verbis
590 4812 729 4880 inaudivi,
745 4815 855 4871 etmihi
872 4817 924 4874 lit-

125 4892 193 4950 tcris
203 4893 389 4966 rescripsistis,
402 4896 591 4954 Hermundum
603 4900 744 4958 bominem
757 4904 920 4963 Nortmarrni

126 4981 197 5039 mihi
210 4981 314 5041 dixisse
327 4984 362 5040 dc
376 4984 487 5042 nahusa
512 5004 554 5044 me
569 4990 753 5060 conferendis,
779 5009 834 5050 non
852 4997 921 5053 milri

980 4465 1171 4537 qnerccipitis,
1180 4467 1304 4525 decernit
1313 4471 1473 4541 concilium,
1489 4472 1623 4547 inquiens
1636 4476 1757 4553 (ouans)
1771 4497 1777 4535 :

987 4554 1158 4627 «Episcopus
1171 4559 1416 4618 ecclesiasticarum
1432 4578 1525 4621 rerum
1541 4564 1643 4626 lrabeat
1659 4577 1778 4642 poteste-

979 4650 1044 4710 um,
1073 4646 1106 4701 ad
1121 4647 1335 4719 dispensandum
1363 4667 1538 4723 erqaomnes
1566 4658 1617 4729 qui
1643 4658 1777 4732 indigent,

978 4748 1041 4788 cam
1057 4751 1165 4793 summa
1178 4740 1333 4795 reverentia
1347 4750 1373 4797 et
1387 4742 1487 4800 timore
1508 4745 1569 4801 bei.
1586 4770 1596 4794 ι
1620 4747 1701 4805 Unde
1714 4749 1776 4805 iren

979 4819 1008 4878 in
1019 4822 1114 4879 eodem
1128 4824 1248 4883 concilio
1262 4829 1441 4888 constituitur
1451 4832 1523 4904 (can.
1537 4834 1584 4907 id)
1598 4838 1703 4906 :cliuus
1716 4844 1776 4896 sant

977 4909 1106 4966 Ecclesiae
1117 4912 1168 4969 sub
1178 4915 1254 4971 oanni
1267 4918 1455 4976 sollicitudine
1470 4929 1497 4978 ct
1510 4926 1773 4995 maurentionem,

977 5007 1004 5054 et
1025 4999 1078 5056 lrde
1093 5016 1153 5072 qna
1177 5004 1306 5062 iubeam
1334 5019 1461 5077 est,cum
1488 5021 1592 5071 cuncta
1618 5016 1773 5075 considerat

125 5069 208 5140 dixit,
222 5071 271 5128 sed
284 5071 446 5131 hominibus
460 5077 625 5149 quibusdam
642 5081 719 5149 meis,
736 5098 788 5139 neo
808 5084 922 5143 incertis
973 5087 1142 5163 judicatque,
1158 5104 1319 5153 serventur:
1337 5115 1397 5170 qua
1412 5098 1496 5157 ctiam
1510 5102 1701 5176 dbpennnda
1712 5112 1772 5164 suut

125 5161 257 5230 personis.
274 5161 326 5220 Sed
339 5172 366 5220 et
379 5166 453 5237 quod
464 5166 623 5238 scripsistis,
640 5170 767 5225 eumdem
779 5172 920 5230 llittonem
973 5176 1079 5247 judicio
1104 5190 1130 5237 et
1145 5193 1277 5254 potestate
1300 5188 1449 5259 pontilicis,
1476 5192 1521 5248 cai
1544 5197 1714 5255 commissus
1735 5202 1770 5254 est

63 5277 65 5280 >
125 5248 227 5307 dixisse
242 5252 354 5309 etmihi
371 5254 451 5311 liceat
466 5271 509 5311 res
523 5257 645 5313 ecclesia
665 5259 736 5316 sicul
752 5259 820 5318 milri
836 5263 919 5320 simu·
975 5268 1092 5338 populus
1116 5278 1143 5325 et
1163 5274 1261 5329 arriniae
1283 5291 1342 5346 quas
1357 5276 1428 5334 intra
1447 5280 1592 5339 ecclesiam
1608 5301 1769 5360 congregau-

125 5335 222 5394 laverit
236 5341 380 5414 disponere
394 5350 422 5399 ct
433 5344 593 5415 gnbernare,
611 5363 666 5402 non
678 5363 721 5405 eas
735 5349 816 5407 aliter
828 5351 918 5424 dispo·
974 5360 1027 5410 tur.
1046 5381 1054 5404 ·
1077 5358 1113 5413 Et
1127 5376 1244 5418 canones
1258 5367 1444 5435 apostolorum
1454 5368 1499 5424 his
1508 5373 1624 5431 statutis
1637 5374 1678 5433 ila
1690 5375 1767 5447 conji-

124 5439 188 5479 nero
210 5430 254 5484 vel
277 5431 427 5502 gubernare
447 5436 521 5504 volo,
551 5450 602 5492 nec
624 5437 689 5494 inde
716 5440 799 5497 ulium
820 5440 919 5499 babere
972 5444 1051 5501 ciunt
1077 5446 1147 5517 (can.
1164 5448 1228 5520 lull:
1252 5453 1451 5527 ·I‘raecipimus
1466 5465 1499 5515 ut
1520 5458 1552 5514 in
1567 5469 1707 5535 potestate
1725 5479 1766 5521 sur

30 5566 35 5574 .
123 5519 294 5587 potestatem,
310 5529 408 5593 prater
429 5524 567 5582 canonica
583 5527 767 5602 iustitutionis
791 5531 917 5588 unccio-
970 5534 1114 5608 episcopus
1137 5539 1259 5597 ccclesia
1288 5558 1331 5600 res
1355 5543 1491 5604 babeat.»
1520 5547 1550 5605 Si
1568 5550 1650 5608 enim
1673 5550 1766 5609 salu·
