3834 6136
133 196 184 255 961

126 432 248 490 minime
265 430 475 504 refragabimur.
503 432 579 506 Opus
593 432 667 490 euim
683 432 770 506 ipsius
787 450 893 503 sumus,
908 444 935 492 et

770 197 818 252 DE
838 196 923 256 vius
942 197 970 254 S.
990 195 1143 253 Altanum.

1735 204 1789 263 962

126 342 214 403 semel
224 339 400 414 dispositioni
411 341 487 399 illius
501 358 599 400 manus
608 342 746 414 dedimus,
775 342 834 416 ejus
843 344 936 402 animo
950 347 977 407 Α
992 343 1060 410 boli,
1076 342 1227 402 Columbus
1241 345 1347 403 scilicet
1359 354 1388 403 et
1401 347 1546 417 Arcadius,
1564 358 1715 422 moventes,
1731 360 1789 411 tam

990 433 1018 491 S.
1036 432 1179 504 Aigulfum
1206 450 1288 508 33313
1306 434 1427 508 reliquas
1450 435 1537 492 sancti
1560 435 1678 509 Spiritus
1700 440 1789 500 victi-

125 522 187 596 ipse
201 520 304 593 figulus
328 529 432 578 noster.
448 522 508 580 Non
537 540 602 597 ergo
621 530 745 594 ,testeum
770 540 818 581 vas
841 533 936 582 contra
990 537 1048 577 mas
1071 521 1136 578 navi
1162 522 1365 596 imposuerunt,
1393 534 1420 583 et
1435 524 1505 581 mari
1519 540 1578 582 sese
1600 526 1786 590 crediderunt.

124 613 245 687 plastem
260 625 344 666 suum
354 611 490 683 conqueri
505 610 547 669 133
561 619 612 681 331,
637 611 875 686 ideoqueDomiui
888 612 936 677 1131
989 608 1080 667 Sancti
1095 627 1177 684 porro
1198 612 1350 671 certissime
1374 611 1431 686 jam
1459 620 1604 671 noscentes
1629 614 1703 686 3331
1735 616 1787 674 lilii

125 701 269 758 voluutas.
287 725 296 748 ·

329 823 441 880 Arcadii
450 825 523 897 [clau
538 827 728 884 blandimento.

164 941 209 1000 lt.
226 938 276 997 llis
287 938 326 996 ila
339 939 422 998 dictis
435 942 572 1016 reliquum
589 943 679 1000 noctis
699 944 758 1001 lans
772 942 824 1001 sibi
835 944 934 1001 vindi-

123 1030 204 1089 cavit
218 1029 317 1086 diviua
335 1047 340 1085 :
357 1038 418 1102 post
433 1030 513 1103 cujus
523 1032 679 1089 abscessum
698 1033 821 1108 lucisque
828 1049 932 1090 succes·

124 1134 188 1177 sum
200 1105 366 1192 importator
373 1118 539 1175 calamitatis
555 1119 817 1190 Arcadiusimitaus
829 1121 932 1180 diaboli

124 1216 154 1265 et
176 1206 347 1281 perfidorum
363 1223 591 1284 quorumcunque
604 1227 698 1279 usum,
725 1210 865 1284 cumipse
889 1212 933 1284 (ut

124 1313 211 1371 supra
225 1304 408 1354 monstratum
419 1300 472 1370 est)
490 1309 572 1372 caput
585 1300 670 1357 fuerit
689 1302 776 1357 totius
795 1300 931 1370 criminis,

124 1386 241 1445 advenit
257 1387 350 1445 verbis
374 1389 579 1462 quodammodo
596 1391 759 1459 dulcoratis,
774 1399 931 1449 sanctorum

124 1477 226 1534 rolens
241 1475 326 1533 lenire
342 1476 477 1535 dolorem.
494 1482 530 1536 At
545 1496 610 1537 vero
625 1496 698 1538 unus
714 1482 840 1550 ullorum,
865 1482 931 1538 Tru·

124 1566 220 1626 carius
234 1564 357 1635 nomine,
366 1565 444 1638 justu
454 1577 609 1626 3313133133
620 1569 716 1627 dolore
730 1585 844 1645 3333333
855 1587 932 1628 mens

124 1656 248 1715 dictavit
259 1656 374 1713 dolorve
384 1658 481 1727 suasit,
498 1657 527 1714 in
543 1659 641 1716 faciem
654 1657 679 1715 31
691 1659 805 1732 objecit,
816 1659 910 1717 dicens
923 1676 928 1717 :

125 1745 201 1802 Eum
217 1744 374 1801 imitatione
391 1759 453 1802 vere
467 1762 525 1803 esse
537 1747 748 1818 filiumdiabuli,
760 1749 808 1822 qui
823 1765 884 1806 cum
896 1748 931 1805 ad

126 1835 274 1894 interitum
299 1835 426 1909 impellat
435 1853 584 1912 quemque,
600 1840 744 1897 consultor
756 1840 870 1911 iusuper
883 1840 931 1895 vi-

125 1927 189 1987 deri
204 1931 308 2005 appetit
324 1949 330 1987 ε
345 1931 392 1989 331
411 1939 438 1988 31
454 1933 565 1990 13313313
582 1932 669 2001 Judae,
684 1934 797 1991 Domini
809 1933 930 1991 tradito-

127 2020 178 2089 ris,
190 2020 280 2099 33131
289 2019 504 2078 similitudinem
514 2022 601 2095 ipsius
610 2023 760 2096 proosculo
770 2022 835 2080 licto
848 2023 931 2081 verba

127 2117 213 2174 ferret
227 2117 308 2175 melle
323 2119 434 2192 quidem
444 2118 698 2176 blandimentorum
713 2119 760 2176 sed
774 2120 862 2177 succis
876 2139 929 2178 ve-

126 2206 238 2264 nenatis
259 2207 368 2264 referta.
387 2208 424 2263 Aa
437 2224 503 2264 vero
523 2209 607 2266 facies
622 2210 796 2284 impudorata
805 2209 930 2265 crudeli-

127 2305 181 2362 tati
194 2303 343 2380 conjuncta
356 2322 414 2363 non
428 2307 515 2364 sensit
530 2308 735 2381 increpationis
750 2309 857 2366 31311113
870 2328 875 2366 ;
890 2309 930 2366 in·

128 2395 376 2470 superimportuue
385 2414 454 2470 praes
462 2397 654 2470 tatincmptam
663 2398 838 2454 sententiam.
850 2397 930 2454 Nam·

129 2500 184 2559 que
195 2484 268 2543 idem
284 2485 368 2543 miser
379 2486 522 2555 Arcadius,
538 2494 569 2543 ut
587 2486 670 2543 fidem
687 2487 827 2544 videretur
842 2486 930 2544 facere

133 2590 190 2632 uon
213 2592 241 2634 se
255 2574 360 2651 [supple
371 2576 446 2650 fictel
461 2578 548 2650 egisse
563 2595 624 2652 quas
640 2586 769 2651 gesserat,
784 2577 818 2635 ad
833 2576 929 2634 horam

129 2665 241 2723 tertiam
269 2668 371 2724 sanctis
384 2668 462 2725 cibos
476 2675 503 2724 et
525 2669 624 2741 pocula
636 2668 749 2733 obtulit,
763 2673 790 2723 et
813 2667 848 2724 ad
862 2665 930 2722 refr-

129 2754 262 2814 ciendum
278 2763 408 2830 tauquam
426 2773 521 2813 eurum
535 2758 705 2830 compatiens
719 2755 808 2814 dolori
824 2755 931 2812 inrita-

128 2843 188 2901 bat.
218 2843 312 2903 Sancti
339 2853 443 2913 tamen,
469 2847 534 2903 licet
560 2847 732 2905 extrinsecus
754 2854 930 2919 angerentur,

129 2950 188 2991 uon
203 2935 266 2992 ideo
281 2937 413 3011 propositi
425 2938 611 3012 regularisque
621 2938 700 2996 obliti
710 2938 930 3004 consuetudinis,

128 3025 345 3097 responderunt,
364 3043 461 3085 nense
484 3028 597 3101 perdere
611 3044 689 3102 posse
704 3027 831 3085 instituta
847 3044 930 3099 regu-

130 3113 218 3184 laria,
233 3131 293 3189 quas
316 3116 366 3173 illu
383 3126 503 3192 ternpore
527 3120 561 3177 ad
593 3135 694 3176 nonam
719 3134 806 3192 usqua
834 3118 930 3174 horam

132 3206 248 3263 extendi
256 3205 361 3280 jejunia
371 3207 471 3283 jubent
486 3229 491 3268 :
507 3212 602 3287 sicque
617 3211 729 3269 remotis
744 3211 845 3268 eduliis
867 3227 931 3269 con·

129 3302 211 3352 sueto
225 3311 298 3354 more
311 3297 344 3355 ad
360 3299 453 3357 133331
470 3317 557 3375 usque
568 3302 679 3359 solitam
694 3301 830 3359 solemnia
846 3299 931 3357 dilata

126 3391 197 3442 sunt
216 3383 331 3457 jejunia.
358 3387 426 3447 Cum
445 3406 512 3446 vero
538 3397 645 3464 tempus
669 3390 808 3447 solvenda
825 3389 931 3446 adforet

128 3474 318 3547 abstinentiae,
333 3480 505 3535 unanimiter
514 3494 563 3550 pro
575 3479 636 3552 ipsu
655 3464 774 3537 11333113
788 3498 880 3554 preces
890 3481 931 3537 fu·

126 3563 241 3636 133331,
253 3576 282 3624 31
297 3568 338 3625 313
352 3568 386 3622 ab
401 3583 434 3623 eo
449 3566 571 3623 oblatum
583 3568 675 3625 cibum
690 3579 876 3644 sumpserunt.

236 3692 400 3751 Mammulae
412 3710 455 3749 res
473 3695 626 3751 amaccura·
644 3695 823 3768 depraedetur.

167 3804 212 3862 16.
229 3806 398 3864 llummolus
412 3816 502 3866 autem
518 3810 569 3883 qui
582 3810 828 3869 talibusolfeusum
838 3829 867 3870 33
884 3811 933 3868 vi·

127 3895 191 3954 deri
205 3898 328 3953 voleusa
340 3900 508 3955 monasterio
519 3909 677 3968 recesserat,
689 3903 772 3958 tertio
782 3904 827 3960 die
838 3903 930 3972 rediit,

129 3995 214 4061 atque
227 4005 289 4045 cum
307 3988 461 4045 intentione
477 3989 598 4046 maxima
611 3990 785 4061 singulorum
802 3993 932 4064 pecunias

128 4077 216 4150 coepit
229 4077 377 4152 inquirere.
394 4080 445 4137 Sed
462 4081 604 4138 monachis
618 4079 850 4154 respondentibus
875 4098 931 4140 nou

128 4165 244 4225 licuisse
259 4184 380 4242 unquam
397 4169 448 4227 sub
462 4187 547 4229 mauu
571 4171 659 4230 sancti
683 4171 740 4227 viri
767 4171 932 4230 coristitutos

128 4259 238 4334 aliquid
252 4262 394 4335 proprium
405 4262 612 4337 haberemque
622 4264 797 4321 voluntatem
808 4262 929 4336 quidem,

128 4353 179 4412 sed
192 4368 250 4411 esse
263 4354 357 4411 omnia
370 4355 500 4413 omnibus
514 4356 673 4413 communia
689 4356 756 4424 ;ille
770 4371 886 4414 cerneus
903 4371 932 4413 se

989 700 1086 757 3133113
1101 701 1213 774 perdere
1230 717 1276 759 eos
1290 703 1486 774 decrevissent,
1505 710 1602 761 mutuo
1616 711 1703 761 333131
1717 704 1788 762 133-

989 789 1117 846 labantur
1130 791 1245 849 monilis
1258 792 1409 849 secuudum
1423 794 1598 866 Apostolum,
1610 800 1687 850 tauto
1701 795 1789 866 magis

988 886 1091 950 333313
1118 879 1250 936 videbant
1273 882 1538 955 appropinquantem
1567 882 1652 954 diem,
1678 884 1789 958 nequis

988 966 1098 1024 illorum
1113 971 1279 1026 amorevitae
1295 974 1436 1044 praesentis
1450 980 1498 1028 aut
1518 973 1618 1029 timore
1630 974 1726 1031 mortis
1745 975 1787 1030 iu·

987 1066 1069 1113 333113
1090 1056 1213 1116 131311313
1227 1059 1355 1117 cederent
1371 1079 1377 1118 :
1408 1063 1473 1135 quia
1487 1071 1603 1119 31111333
1618 1079 1737 1136 praesens
1764 1061 1788 1118 31

987 1146 1124 1215 differtur,
1136 1148 1679 1224 33331311133,131333133333333331
1695 1150 1787 1208 termi-

987 1243 1086 1303 natur;
1116 1234 1225 1292 dicente
1250 1238 1370 1294 Domino
1390 1237 1500 1311 impiis:
1517 1238 1700 1311 1131313333
1713 1245 1787 1296 oter·

986 1325 1171 1395 3331113111.
1189 1325 1272 1399 xxv).
1287 1326 1341 1383 Sed
1361 1336 1389 1383 et
1402 1326 1544 1384 felicitatis
1560 1336 1717 1385 sauctorum
1732 1328 1788 1386 line

986 1418 1099 1486 carebit,
1113 1417 1233 1475 Domino
1249 1417 1345 1474 itidem
1360 1418 1469 1476 dicente
1478 1419 1606 1476 fidelibus
1621 1420 1678 1478 suis
1688 1421 1718 1477 iu
1728 1419 1787 1494 ejus

986 1506 1119 1564 fidelitate
1131 1522 1218 1580 usque
1240 1506 1270 1563 iu
1295 1506 1378 1564 finem
1403 1509 1665 1581 perseverantibus:
1690 1510 1786 1581 Venite,

986 1597 1111 1654 benedicti
1124 1598 1217 1655 Patris
1229 1598 1289 1666 3131,
1301 1597 1428 1670 percipite
1441 1617 1550 1672 regnum
1565 1601 1635 1672 qaod
1647 1599 1719 1656 sebas
1729 1618 1788 1674 pa-

944 1715 967 1775 B
985 1694 1073 1743 rutum
1088 1693 1126 1743 est
1136 1687 1170 1743 31
1192 1687 1295 1759 origine
1307 1688 1401 1744 313311
1416 1688 1525 1763 (lata).
1543 1689 1591 1746 1113
1606 1695 1633 1745 31
1646 1689 1787 1747 similibus

985 1778 1095 1833 athletae
1106 1776 1209 1834 Christi
1235 1776 1263 1833 in
1277 1777 1402 1850 palaestra
1426 1778 1786 1851 spiritaliadversusversu·

985 1865 1038 1922 1133
1051 1864 1155 1921 1131311
1170 1874 1197 1922 31
1211 1865 1355 1923 ministros
1366 1864 1516 1937 ejusfuriis
1525 1867 1785 1940 exagitatosdaamo-

985 1960 1057 2018 uicis
1069 1960 1257 2018 armabantur.

1231 2094 1389 2173 Tempestate
1398 2092 1548 2165 1331331113.

1022 2189 1065 2246 le.
1081 2189 1151 2247 Sane
1166 2199 1311 2265 postquam
1337 2191 1417 2248 naris
1445 2209 1505 2266 qua
1523 2200 1655 2268 utrosque
1682 2194 1787 2268 pariter

985 2280 1097 2349 ferebat,
1115 2290 1302 2354 persecutores
1317 2282 1447 2338 videlicet
1465 2293 1493 2339 31
1505 2283 1723 2356 persecutionem
1739 2301 1784 2358 pa·

985 2371 1095 2439 tientes,
1109 2373 1194 2426 altum
1205 2371 1286 2443 petiit
1299 2387 1382 2438 mare,
1396 2371 1472 2427 veruti
1486 2371 1619 2427 3311133311
1630 2374 1783 2442 setollunt,

985 2468 1012 2517 et
1039 2459 1171 2516 aliorsum
1201 2467 1388 2533 persecutores
1402 2460 1534 2517 dicuntur
1551 2461 1703 2528 voluntate,
1718 2461 1785 2518 alibi

985 2556 1077 2607 autem
1097 2557 1244 2606 ventorum
1260 2549 1391 2606 flamine:
1414 2548 1509 2622 sicque
1534 2565 1582 2621 per
1605 2547 1786 2622 quadraginta

985 2638 1055 2708 dies,
1082 2638 1155 2712 quod
1183 2637 1260 2696 dictu
1276 2654 1385 2713 quoque
1409 2636 1536 2694 mirabile
1558 2645 1609 2707 est,
1624 2639 1787 2708 rotabantur

985 2729 1103 2787 13131113
1115 2729 1273 2786 oberrantes
1286 2731 1367 2796 13313,
1382 2737 1413 2785 31
1428 2744 1480 2785 nec
1493 2727 1546 2802 ipsi
1557 2728 1635 2786 littus
1641 2728 1785 2803 prendere,

985 2835 1036 2877 nec
1055 2818 1136 2876 undae
1160 2821 1244 2876 maris
1263 2835 1361 2877 navem
1389 2835 1509 2890 mergere
1533 2827 1644 2893 possent
1670 2836 1676 2876 :
1704 2821 1787 2879 crede

986 2917 1157 2966 monstrante
1171 2910 1228 2966 Deo
1238 2910 1305 2983 quid
1320 2916 1493 2967 mererentur
1504 2907 1585 2982 impii
1598 2927 1604 2966 :
1620 2907 1668 2965 sed
1683 2916 1714 2965 ut
1729 2925 1785 2967 uon

986 3005 1145 3072 paterentur
1164 2997 1238 3072 3331
1263 2997 1440 3055 31333133133
1453 3006 1555 3066 sontes,
1571 2997 1663 3055 obices
1674 2998 1786 3072 quidam

948 3081 970 3143 G
985 3104 1043 3145 esse
1058 3088 1182 3145 insontes
1197 3088 1400 3162 quodammodo
1422 3088 1481 3161 ipsa
1495 3089 1630 3144 elementa
1653 3088 1703 3144 elsi
1728 3105 1785 3146 uon

987 3194 1064 3247 3333,
1079 3193 1160 3249 opere
1178 3177 1351 3234 clamarent:
1376 3176 1427 3232 Fas
1453 3174 1543 3231 fuerat
1564 3173 1712 3232 furciferos
1735 3174 1787 3232 hos

987 3276 1034 3323 aut
1045 3267 1170 3339 syrtibus
1180 3265 1265 3335 illidi,
1275 3272 1322 3322 aut
1345 3264 1480 3337 charybdi
1495 3264 1599 3330 vorari,
1615 3264 1637 3321 si
1667 3280 1724 3321 nou
1745 3281 1786 3323 es·

987 3365 1047 3415 sent
1063 3357 1107 3413 his
1122 3357 1196 3414 ruisti
1216 3356 1264 3430 3111
1290 3372 1346 3412 333
1372 3362 1512 3411 merentur
1522 3355 1588 3410 talia
1603 3353 1733 3428 experiri.
1749 3357 1785 3413 Et

987 3447 1098 3521 quidem
1113 3447 1143 3502 iu
1156 3445 1263 3502 diluvio
1274 3446 1441 3517 inpromptu
1461 3443 1516 3501 fuit
1526 3444 1624 3500 3311133
1638 3443 1720 3521 undis
1744 3443 1784 3500 iu·

987 3535 1074 3607 volvi,
1091 3537 1138 3610 qui
1153 3542 1230 3592 eraut
1244 3551 1259 3592 a
1273 3533 1409 3591 bonorum
1424 3533 1553 3590 societate
1566 3531 1683 3589 secreti:
1699 3532 1784 3607 AEgy·

987 3627 1059 3701 ptios
1074 3626 1159 3683 libem
1173 3624 1343 3692 voravimus,
1364 3623 1430 3697 quia
1455 3623 1564 3679 nullum
1589 3620 1784 3693 1331333331

987 3719 1101 3775 mistum
1116 3717 1239 3775 vidimus
1265 3714 1410 3772 1311311131
1426 3712 1784 3772 3131333313131331311331·

987 3809 1054 3865 tiam
1069 3808 1249 3882 suscepimus,
1274 3807 1351 3864 seda
1374 3805 1431 3861 Deo
1444 3811 1626 3878 praeparatum
1641 3806 1784 3861 alumnum

987 3908 1111 3958 nostrum
1127 3902 1240 3969 scimus,
1264 3897 1311 3971 331
1340 3905 1367 3954 31
1382 3896 1462 3952 111331
1473 3893 1637 3951 salvandum
1654 3894 1784 3952 carcerali

987 3989 1113 4047 custodia
1127 3989 1287 4063 susciperet,
1309 4003 1361 4046 uec
1383 3986 1460 4060 33331
1475 3984 1569 4043 cibum
1583 3981 1785 4058 corrumpendo

987 4080 1017 4137 iu
1031 4095 1080 4136 sua
1091 4080 1214 4136 membra
1228 4076 1375 4149 trajiceret,
1397 4075 1444 4133 sed
1459 4077 1538 4149 quasi
1551 4072 1708 4146 depositum
1721 4089 1785 4130 cum

988 4179 1174 4244 reposceretur
1201 4173 1416 4239 representaret.
1443 4164 1515 4231 0311
1541 4165 1644 4222 talibus
1674 4163 1786 4222 Creator

987 4263 1066 4331 velit,
1082 4276 1182 4334 auceps
1202 4256 1274 4331 apud
1289 4273 1339 4313 nos
1353 4254 1491 4311 sententia
1516 4253 1632 4309 fluctuat
1647 4270 1654 4309 ε
1669 4253 1716 4309 sed
1740 4253 1786 4310 113

988 4367 1073 4408 33313
1088 4350 1179 4406 3113113
1193 4345 1378 4410 recordamur,
1390 4342 1468 4400 Pauli
1482 4340 1588 4398 scilicet
1598 4339 1782 4411 naufragium,

127 4443 180 4501 abs
193 4459 241 4517 spe
255 4444 400 4515 decidisse,
416 4446 548 4502 aliorsum
563 4460 592 4501 se
616 4444 701 4501 vertit
733 4462 739 4501 :
766 4443 831 4518 quia
857 4444 931 4502 enim
947 4448 971 4508 1)
987 4441 1035 4516 331
1050 4440 1181 4496 similiter
1194 4437 1228 4493 ab
1243 4433 1348 4508 iniquis
1361 4432 1485 4501 vinctus,
1499 4446 1563 4487 cum
1578 4429 1617 4486 eis
1629 4429 1784 4503 periculum

128 4548 187 4592 non
212 4534 313 4607 reperit
327 4534 445 4607 privata,
461 4534 544 4592 irruit
558 4535 587 4590 in
606 4532 729 4607 publica;
749 4543 776 4590 et
795 4534 931 4608 quidquid

129 4638 223 4680 rerum
249 4624 409 4680 monasterii
428 4625 492 4694 fuit,
520 4633 547 4681 et
560 4624 669 4682 auferre
684 4622 821 4698 cupiditas
833 4625 930 4694 suasit,

129 4711 203 4768 nihil
218 4713 327 4785 penitus
344 4713 469 4788 reliquit.

355 4839 447 4896 Soucti
458 4838 522 4894 3331
534 4838 717 4912 imponuntur.

168 4943 212 5001 ll.
227 4945 269 5000 Eu
281 4960 367 5017 porro
378 4944 521 5003 recedente
533 4955 645 5004 sanctus
656 4947 784 5020 Aigulfns
805 4962 868 5005 curn
882 4961 931 5002 33-

128 5033 199 5090 teris
208 5035 359 5091 meandum
372 5035 485 5093 libitum
499 5035 932 5094 11333111311131331133313113-

127 5122 222 5192 batur,
238 5133 265 5180 et
278 5141 327 5198 per
340 5125 400 5182 dies
415 5125 510 5183 decem
524 5126 553 5183 in
564 5126 702 5199 ergastulo
713 5124 932 5183 conficiebantur

128 5233 255 5290 corpore,
276 5218 324 5275 sed
345 5227 432 5276 semet
444 5221 605 5277 solabantur
619 5217 804 5276 hortamentis
818 5217 932 5275 Domini

129 5307 269 5365 dicentis:
285 5308 374 5365 Nolite
384 5309 483 5376 timere,
499 5309 616 5381 pusillus
629 5325 705 5380 grec,
726 5306 791 5379 31113
818 5307 932 5378 complc-

128 5401 186 5454 cuit
199 5397 279 5455 Patri
291 5406 377 5455 oestro
392 5398 457 5455 dore
470 5397 543 5454 33113
557 5414 666 5472 reprom
677 5397 754 5473 (Luc.
766 5395 832 5469 xu).
851 5395 933 5455 Item·

987 4541 1116 4607 expertus
1132 4539 1173 4589 331
1189 4528 1326 4585 13311333
1347 4544 1353 4582 ;
1369 4523 1417 4582 sed
1432 4530 1506 4580 3331
1521 4523 1578 4596 ipse
1592 4523 1784 4596 etcaeteriper·

987 4625 1069 4694 irent,
1098 4621 1156 4695 ejus
1186 4619 1311 4676 oratione
1325 4618 1459 4674 donatum
1475 4621 1526 4672 eat.
1549 4613 1653 4670 Forsan
1667 4629 1731 4687 ergo
1757 4621 1785 4670 et

988 4716 1070 4773 modo
1080 4713 1146 4771 huic
1161 4718 1256 4770 sancto
1268 4711 1330 4767 viro
1342 4708 1440 4782 impari
1451 4705 1612 4764 discrimine
1622 4722 1671 4780 par
1687 4705 1784 4763 tribui·

988 4814 1033 4863 tur
1043 4820 1144 4861 munus
1161 4801 1295 4875 :ideoque
1306 4800 1372 4857 dum
1387 4803 1560 4871 exspectatur
1569 4793 1629 4868 ejas
1638 4795 1784 4862 sententia,

986 4895 1039 4954 hac
1051 4907 1078 4954 et
1092 4896 1157 4953 illac
1169 4893 1320 4967 jactantur,
1335 4890 1382 4947 sed
1397 4888 1530 4946 evadendi
1541 4887 1660 4945 aditusei
1672 4894 1785 4958 negatur

986 4993 1013 5042 et
1027 4985 1178 5044 secundum
1192 4984 1362 5056 Scripturam
1379 4978 1530 5054 quiainrpii
1552 4978 1581 5033 13
1600 4975 1784 5032 circuituum-

987 5077 1079 5132 bulont
1095 5077 1181 5147 (Prot.
1197 5075 1251 5146 31).

985 5209 1097 5284 Lingeus
1114 5208 1235 5266 abscissis
1252 5209 1406 5279 1333331113.
1433 5203 1509 5261 Oculi
1527 5217 1620 5258 eorum
1639 5205 1782 5258 33333113.

1186 5281 1287 5340 Vilibus
1296 5279 1447 5335 induuntur
1464 5275 1587 5331 cestibus.

1023 5394 1068 5453 la.
1081 5392 1157 5450 luter
1165 5391 1225 5450 133
1231 5388 1383 5451 columbus
1392 5385 1492 5444 videus
1499 5386 1623 5444 clausum
1633 5382 1687 5442 sibi
1697 5398 1783 5455 mare,

128 5504 185 5562 que
200 5505 206 5545 :
223 5487 277 5546 Per
289 5490 388 5547 multos
401 5480 587 5547 ’3131311333
604 5492 708 5563 oportet
719 5502 768 5545 331
781 5486 888 5565 intrare
903 5484 934 5546 13
987 5493 1017 5549 31
1028 5481 1196 5563 3333131311
1211 5476 1485 5569 terrasprendereut,
1500 5482 1529 5534 31
1537 5484 1695 5534 sanctorum
1705 5474 1784 5533 iuno·

128 5577 731 5654 3333313133.3131133133331331
743 5574 934 5657 3111111113·
985 5564 1478 5659 311111,11Μ,ᾐ11111,31111111111,
1493 5565 1603 5643 liuguae
1625 5572 1784 5628 3333131313
