3834 6136
103 179 135 236 at
636 181 953 242 nantunenoeitttt.
973 218 1008 231 -
1027 189 1130 246 MENS.
1152 189 1225 247 tint.

782 311 1082 370 ensnnvnrtortns

139 406 247 466 silvani
261 405 389 479 episcopi,
416 405 445 462 in
468 406 573 463 sinitote
597 408 683 474 Geso,
703 425 763 465 enni
784 398 948 483 plurimisA

101 480 264 538 elericorum
296 495 407 533 semem
434 479 564 546 coronati,
596 479 639 535 his
668 482 758 538 verbis
782 484 908 541 meminit

101 561 199 608 auctor
215 550 332 608 Romani
349 548 437 622 parri,
449 557 558 605 secutus
570 551 604 605 de
620 568 694 607 more
707 553 801 609 lluliui
816 556 908 611 Ense-

102 625 179 680 bium
193 621 243 678 lib.
260 637 323 688 viu,
343 637 403 694 cap.
427 618 470 700 lh,
486 622 699 695 necquidquam
719 626 907 697 superaddidit

102 697 176 763 Ado,
213 699 313 765 preter
336 692 510 748 notissimam
540 693 704 750 Diocletiani
736 698 908 767 perseeutio-

103 784 176 822 nein.
193 763 335 822 l'suardus
361 770 388 818 et
405 763 542 819 Notlierus
560 764 685 820 Adonem
701 768 904 840 transcripsere.

105 839 174 895 Vide
188 854 249 918 quae
261 835 353 891 obiter
363 835 437 890 dieta
451 843 516 891 snut
531 834 558 890 iii
576 835 775 900 observatione.
797 855 836 894 xx
851 841 907 896 Fe-

103 909 218 976 bruarii,
232 906 344 981 quodie
356 906 494 962 Sileonnm
509 923 572 963 cuin
586 909 771 978 Tyrrunni‘one
780 910 904 983 aliisque,

102 996 244 1054 perperam
256 976 389 1049 conjungi
401 977 580 1033 ostendimus.
593 982 683 1060 Atque
699 979 744 1035 hie
754 997 788 1035 ex
798 981 905 1050 Adone,

102 1051 223 1108 secundo
239 1051 300 1106 loco
315 1047 437 1121 ponendi
457 1058 534 1104 erant
547 1048 615 1104 socii
640 1050 680 1106 illi
704 1067 739 1107 xc
752 1068 800 1107 seu
815 1052 905 1124 potius

102 1124 215 1194 immisto
226 1138 329 1187 norem,
343 1120 390 1193 qui
401 1119 484 1175 simul
497 1120 530 1175 ad
545 1121 655 1176 metalla
665 1121 798 1191 damnati,
810 1124 903 1180 eadem

101 1212 162 1251 euni
182 1194 298 1249 Silvano
314 1190 441 1263 martyrii
460 1207 562 1246 corona
580 1191 674 1248 donati
694 1203 767 1259 sunt,
785 1196 855 1249 male
871 1194 905 1250 ah

104 1266 272 1331 Usuardo,a
292 1263 374 1328 duce,
392 1271 422 1317 ut
438 1262 476 1318 ita
492 1262 595 1330 dicam,
619 1263 755 1320 innostro
774 1267 905 1322 laterculo

101 1335 245 1410 segregati,
260 1335 295 1392 de
313 1334 414 1461 quibus
427 1333 491 1389 ride
511 1333 674 1402 Eusebium,
695 1336 723 1391 iii
739 1336 816 1393 Actis
830 1337 905 1392 rela-

101 1416 159 1465 tum
174 1417 202 1464 et
216 1407 291 1479 apud
330 1404 492 1461 luiuartium
515 1421 579 1486 paq.
605 1405 659 1462 3²8
682 1415 709 1462 et
724 1407 786 1463 ast.
808 1409 904 1464 Totam

102 1480 245 1536 historiam
259 1477 365 1533 Gallice
378 1477 570 1558 complectitur
580 1477 774 1534 Tillemontius
784 1487 860 1534 tomo
868 1479 904 1547 V,

102 1567 193 1624 apag.
207 1550 268 1606 432.
280 1551 321 1604 lle
340 1548 400 1604 solo
418 1546 531 1603 Silvano
545 1548 669 1619 loquitur
684 1549 826 1619 praelatum
846 1551 904 1606 Ho-

105 1638 216 1677 manum
231 1636 359 1692 parvum,
374 1617 590 1682 Hieronvmians
604 1627 695 1674 autem
710 1619 748 1674 ita
761 1619 904 1690 deturpata

104 1702 176 1759 sunt,
193 1701 223 1746 ut
238 1692 267 1746 iii
282 1691 318 1747 iis
338 1677 516 1746 restituendis
535 1689 654 1745 multum
674 1689 777 1745 laboret
794 1692 904 1746 Floren-

962 411 1204 538 pontaldemeri
1226 413 1322 471 cellere
1341 430 1396 471 non
1412 415 1493 473 dehet
1514 416 1680 475 hodiernum
1691 419 1757 479 Not·

982 500 1031 539 eri.
1047 483 1191 540 Breviores
1201 493 1266 541 snut
1276 485 1337 543 Ado
1351 493 1378 542 et
1392 486 1532 544 Usuardns
1549 506 1555 545 :
1574 489 1758 551 nibilominus

961 554 1074 627 antiqua
1098 556 1167 612 Aeta
1187 556 1321 623 redolent,
1337 558 1436 631 quibus
1448 565 1489 616 tot
1509 559 1757 633 Martyrologornm

961 634 1109 682 aucteritas
1123 643 1179 682 non
1201 629 1262 700 plus
1277 628 1340 684 ndei
1356 628 1474 697 addidit,
1491 646 1572 703 quain
1587 631 1693 703 primns
1705 648 1758 691 eo-

961 713 1021 752 rum
1037 698 1200 770 compilator
1211 707 1356 768 mereatur,
1367 708 1397 756 ut
1411 701 1445 756 de
1456 701 1531 758 Actis
1541 701 1626 758 sancti
1639 701 1757 760 Alexan·

960 767 1004 849 dri
1021 768 1109 841 pridie
1124 769 1293 827 dictumest.
1309 771 1379 828 Vide
1395 773 1571 844 Papebrochii
1591 781 1757 831 cominente·

961 856 1044 907 rium,
1061 849 1139 896 iiotas
1152 848 1179 896 et
1193 858 1331 909 censuras,
1352 859 1383 899 ae
1405 860 1499 900 rursus
1513 844 1543 899 iii
1556 842 1759 916 Responsioni·

960 909 1021 976 biis,
1043 911 1129 966 variis
1144 912 1222 977 loeis,
1239 914 1388 985 praesertim
1405 915 1440 971 ad
1460 923 1513 971 art.
1533 916 1576 984 ld,
1592 931 1669 971 num.
1694 914 1756 974 m.

959 981 1011 1037 Sed
1026 982 1191 1038 haecomnia
1207 984 1401 1057 antiquissimo
1419 986 1507 1043 sancti
1522 986 1551 1042 in
1566 985 1690 1043 Ecclesia
1698 984 1757 1045 eat·

959 1053 1001 1107 tui
1016 1053 1087 1108 nihil
1104 1071 1215 1126 prorsus
1229 1056 1389 1112 detrimenti
1399 1057 1496 1113 afferre
1516 1057 1685 1114 memineris.
1700 1056 1756 1114 An·

960 1124 1038 1179 tenio
1048 1125 1166 1195 elogium
1180 1126 1353 1182 Adonianiim
1369 1135 1419 1193 est,
1431 1129 1556 1201 quamvis
1564 1139 1591 1185 et
1600 1128 1670 1185 illud
1681 1127 1756 1202 quod

959 1196 1057 1251 Florus
1080 1196 1171 1277 habet,
1193 1213 1208 1251 a
1229 1207 1323 1253 nostro
1346 1215 1402 1254 non
1427 1216 1589 1281 magnopere
1608 1200 1754 1273 discrepet,

960 1265 1031 1321 haud
1047 1267 1130 1323 dubie
1144 1266 1271 1324 haustum
1284 1285 1319 1325 ex
1329 1269 1426 1327 eodem
1442 1272 1531 1339 latice,
1544 1272 1577 1328 de
1587 1270 1666 1340 eujus
1680 1269 1753 1342 puri·

959 1346 1013 1393 tate
1029 1354 1084 1393 non
1095 1339 1209 1395 omnino
1223 1349 1339 1409 constat,
1352 1358 1415 1398 euin
1430 1342 1556 1414 pluribus
1571 1342 1695 1398 Antoniis
1707 1341 1753 1398 vel

959 1409 1101 1463 Antoninis
1116 1409 1238 1479 ienduis,
1258 1411 1349 1467 simile
1360 1412 1506 1483 elogiuma
1520 1411 1622 1470 Graecis
1638 1422 1665 1469 et
1682 1410 1754 1469 tait·

959 1478 1011 1545 iiis,
1026 1480 1050 1534 si
1063 1496 1119 1535 non
1134 1480 1234 1536 eisdem
1249 1481 1386 1550 terminis,
1401 1483 1497 1540 saltem
1509 1484 1603 1541 eodem
1614 1499 1696 1541 sensu
1708 1499 1754 1565 ap·

957 1557 1040 1616 tetur,
1057 1559 1088 1606 ut
1102 1551 1231 1621 colligere
1245 1558 1285 1605 est
1307 1552 1336 1606 in
1347 1553 1416 1608 actia
1432 1555 1553 1622 ildartii,
1570 1564 1597 1612 et
1611 1553 1668 1623 hic,
1683 1561 1711 1610 et
1723 1569 1754 1610 in

958 1620 1150 1677 Praetermissis
1159 1637 1200 1676 iiii
1214 1621 1300 1676 lunii.

993 1694 1032 1748 lle
1046 1692 1177 1747 Florio-no
1190 1692 1247 1762 agit
1261 1691 1343 1748 etiarn
1360 1691 1497 1761 Rabanns,
1514 1691 1593 1765 cnjus
1606 1693 1753 1752 breveelo·

103 1764 197 1819 tinius.
216 1764 247 1817 ln
264 1764 374 1819 Silvano
389 1769 417 1817 et
435 1777 471 1816 xi.
485 1761 650 1831 martyribus
664 1761 795 1817 mendosa
810 1763 938 1844 plera-B
955 1761 1028 1833 giuin
1043 1779 1118 1836 aeque
1132 1778 1164 1818 ac
1186 1771 1311 1818 nostrum
1327 1770 1354 1818 et
1368 1761 1497 1820 dillusius
1508 1764 1633 1832 Notlieri,
1643 1764 1753 1823 desum·

102 1851 170 1916 que:
193 1835 246 1889 Pro
257 1833 387 1898 Antonio,
399 1832 498 1914 passim
515 1831 631 1888 habetur
645 1832 765 1888 Antonii.
782 1835 805 1888 A
823 1850 902 1905 posi-

100 1914 174 1961 tione
189 1914 319 1977 corrupta
334 1905 480 1959 Florianus
496 1905 637 1974 seiunctus
647 1911 687 1958 est
701 1905 901 1973 corcodomum,

101 1978 146 2049 qui
159 1977 210 2043 ihi,
220 1977 310 2048 prima
320 1975 427 2048 syllaba
439 1975 614 2037 imminutus,
629 1975 738 2031 Codomi'
748 1976 901 2031 vocaturah

101 2049 258 2120 antiquario
266 2048 373 2103 Gallico
383 2037 842 2118 adiectumputavitFloreutinius‚
853 2047 900 2103 sed

100 2136 163 2174 rere
177 2119 212 2175 ad
223 2126 331 2173 textum
344 2119 479 2190 pertinere
493 2133 526 2198 eii
539 2134 602 2172 mss.
616 2117 824 2242 Hqtemacensi,
836 2118 899 2174 Cor·

100 2191 215 2255 beiensi,
234 2199 299 2257 etc,
316 2190 415 2245 melius
429 2197 536 2244 censuit
552 2189 640 2243 Hense
662 2188 750 2243 eiiins.
773 2189 900 2246 Credide-

102 2262 154 2318 rim
171 2261 295 2317 Adonem
315 2277 348 2316 ex
365 2258 545 2316 emendatiori
561 2260 654 2331 aliquo
675 2260 830 2331 apographo
851 2277 901 2317 sua

102 2332 278 2403 decerpsisse.
302 2332 372 2386 Eum
397 2339 507 2387 secutus
527 2339 567 2387 est
584 2332 692 2397 Noster,
709 2332 899 2403 transumpsit·

102 2420 155 2483 qne
168 2405 270 2472 omnia,
282 2411 380 2475 praeter
391 2401 631 2459 annuntiationem
645 2400 773 2457 ultimam
788 2418 841 2458 ase
855 2403 901 2459 ad·

99 2482 211 2545 jectam.

137 2546 216 2601 Inde
233 2544 355 2612 Qnirieei
370 2542 507 2600 festivitas
520 2542 551 2598 iii
569 2542 794 2616 Hieronymianis
810 2545 901 2617 agitur

103 2635 112 2673 i
130 2617 211 2684 blaii,
225 2616 268 2672 uti
283 2624 310 2671 et
321 2615 391 2687 apud
404 2614 559 2684 Baliarium,
571 2615 619 2670 sed
633 2616 706 2687 apud
715 2616 827 2672 Florum
841 2617 899 2672 lon·

957 1843 1034 1958 ptum
1050 1842 1140 1889 estex
1154 1832 1257 1889 eisdem
1278 1833 1364 1900 Aetia,
1379 1848 1440 1906 qnae
1458 1841 1542 1901 certe,
1555 1850 1605 1906 pro
1617 1843 1649 1890 ut
1663 1835 1753 1907 primo

967 1921 1018 1960 oco
1041 1905 1076 1960 ab
1100 1904 1275 1961 Henscbenio
1289 1903 1364 1960 edita
1386 1910 1413 1959 et
1432 1903 1570 1961 illustrata
1583 1914 1659 1971 sunt,
1680 1904 1753 1963 nihil

956 1976 1083 2048 preferre
1094 1976 1234 2043 videntur,
1246 1992 1302 2048 quo
1317 1983 1392 2032 tanto
1428 1991 1457 2031 re
1474 1975 1508 2034 de
1522 1976 1712 2049 suppositione
1721 1992 1754 2035 ea

955 2057 1051 2118 arguat
1064 2046 1258 2104 'l'illemontius
1281 2054 1357 2104 tomo
1404 2089 1412 2115 ,
1437 2063 1498 2119 paq.
1515 2047 1559 2104 67.
1578 2047 1754 2105 Cnreodemttt

955 2117 1074 2190 denique
1087 2118 1122 2175 ab
1144 2117 1267 2175 Usuardo
1281 2118 1344 2174 aliis
1358 2119 1550 2190 superadditus
1565 2128 1616 2185 est,
1649 2118 1753 2176 ennino

955 2189 1047 2245 Adoni
1062 2191 1225 2261 praeteritus.
1242 2189 1343 2247 Videat
1357 2189 1444 2246 lector
1457 2208 1518 2263 quae
1528 2190 1562 2248 de
1574 2207 1606 2247 eo
1641 2190 1752 2248 ansche·

955 2261 1019 2317 iiius
1033 2261 1111 2316 brevi
1120 2261 1319 2319 commentario
1328 2261 1453 2331 tradidit,
1464 2263 1558 2319 decem
1573 2263 1658 2319 ferme
1668 2260 1753 2319 variis

955 2332 1044 2388 modis
1068 2348 1168 2389 nomen
1190 2332 1250 2405 ejus
1274 2333 1441 2405 exprimens.
1472 2334 1611 2390 Hactenus
1633 2333 1753 2406 genuina

955 2403 1072 2459 Usuardi
1088 2404 1185 2460 lectio:
1207 2405 1252 2460 eni
1266 2404 1437 2461 Wadalberti
1458 2404 1598 2462 distichon
1616 2405 1651 2461 de
1665 2404 1751 2462 Silva·

954 2490 1002 2540 no,
1016 2475 1138 2530 Antonia
1151 2483 1178 2531 et
1194 2474 1323 2531 Floriano
1337 2474 1535 2545 subjiciamus:

1048 2563 1169 2611 Silvanus
1185 2573 1299 2624 quartus,
1312 2564 1426 2611 Antonii
1436 2576 1494 2611 euin
1508 2561 1638 2622 Floriano,

1047 2623 1176 2687 Perpetua
1188 2627 1296 2687 cingunt
1307 2626 1400 2674 inentis
1414 2626 1507 2675 virtute
1522 2626 1617 2673 decori.

830 2765 1021 2827 AUCTAHIA.

137 2896 298 2951 l'oiiuaesu.
315 2892 408 2950 deficit
427 2891 457 2949 iii
472 2899 549 2965 parte
568 2891 651 2964 elogii
664 2892 797 2961 Antonio,
810 2893 901 2950 omis-

101 2968 137 3023 sis
154 2982 254 3038 nempe
276 2965 312 3021 iis
328 2982 389 3038 qnae
412 2962 485 3020 inter
504 2964 618 3019 nimium
634 2970 715 3029 torto,
739 2972 766 3020 et
788 2965 824 3019 od
839 2965 899 3021 uiti·

103 3056 181 3121 mem,
199 3038 228 3119 i'ii
245 3037 381 3092 laterculo
394 3042 542 3107 ponuntur.
558 3035 643 3091 Abest
656 3035 738 3091 etiam
753 3036 899 3093 annuntia·

104 3113 299 3236 tiqpqqnpsaffl.
315 3177 416 3234 dmnnt
429 3176 585 3245 Quiriacns,
599 3176 785 3249 Quadraginta
798 3184 900 3251 marty·

104 3269 155 3320 res,
170 3251 318 3308 Florianus
331 3257 359 3304 et
373 3248 571 3306 Cureodemus.

954 2900 1078 2967 quuttttlt·
1092 2908 1127 2948 xi
1142 2901 1287 2965 martyres,
1322 2907 1380 2949 nro.
1396 2890 1466 2973 Tum
1481 2890 1515 2947 de
1526 2890 1659 2972 Quiriaee
1685 2907 1749 2950 enin

953 2964 1113 3091 patratione
1127 2964 1293 3037 apocrypha.
1303 2908 1348 3021 ile
1362 2965 1493 3032 Antonia,
1504 2961 1586 3018 nibil.
1601 2964 1633 3020 lii
1649 2934 1750 3022 linteo·

973 3044 1333 3175 eqqpqppppqeqqqiriwum
1349 3123 1406 3164 non
1420 3115 1500 3165 uocat
1518 3107 1676 3180 episcopum.
1697 3104 1750 3162 Pro
1795 3104 1797 3110 '

953 3179 1043 3234 Aiiisii'
1057 3177 1140 3236 habet
1151 3179 1221 3236 Nisi.

989 3250 1190 3306 Brinnonem:
1216 3250 1274 3304 ‹tn
1289 3247 1418 3320 Turonis,
1434 3250 1533 3308 natalis
1546 3249 1617 3306 beati
1633 3245 1750 3305 Antonii

137 3327 281 3379 Auream.
306 3321 382 3376 nir.
400 3321 502 3376 Lorne.
525 3328 551 3377 et
570 3322 743 3388 Uenetiam,
765 3320 899 3377 deficiunt
915 3332 936 3393 ρ
953 3321 1127 3378 confessoris.
1145 3348 1154 3370 ι
1177 3321 1250 3377 ldem
1266 3337 1282 3375 a
1297 3321 1424 3391 pluribus
1438 3323 1511 3377 infra
1522 3322 1647 3376 retertur.

102 3395 183 3449 etiam
200 3392 413 3448 annuntiatione
428 3392 537 3447 ultima.

136 3466 467 3535 Mnnnuirposttextum
482 3464 630 3534 integrum,
647 3462 761 3534 adjicit:
782 3488 790 3510 ι
806 3463 900 3518 Hiero·

103 3539 142 3591 sol
167 3535 229 3602 mis,
245 3535 317 3590 beati
333 3533 456 3601 Quiriaci
477 3533 597 3606 episcopi
613 3541 640 3588 et
656 3533 796 3614 martyris,
811 3533 858 3607 qni
874 3540 901 3591 et

101 3554 186 3663 linias
201 3606 278 3735 prius
298 3604 390 3662 dictus
413 3613 465 3672 est,
484 3604 639 3661 Dominicae
659 3621 750 3661 crucis
767 3604 901 3661 iuvento-

103 3679 177 3734 ris.»
212 3677 414 3733 'onsuleama

138 3748 381 3805 Auriana-Hir..
394 3747 576 3816 Ucrrnrncr„
585 3748 720 3815 Lernen,
731 3747 900 3811 Atarneus..

102 3823 202 3876 Dasio.
221 3821 352 3875 etHnirio
362 3819 579 3875 Ueritas-Bima.
591 3826 698 3874 teritum
714 3819 901 3876 reseruutnon

102 3892 187 3963 plane
203 3907 312 3960 purum,
332 3899 359 3946 et
383 3890 413 3945 iii
428 3889 484 3945 line
507 3890 642 3947 omittunt
661 3891 901 3947 annuntiationem

102 3963 275 4019 Curcodemi.

139 4034 326 4089 bovensem
341 4032 481 4104 prioribus
504 4032 645 4100 convenit,
662 4033 752 4090 sedin
772 4032 826 4087 nne
841 4033 903 4088 sub·

102 4104 162 4161 dit:
196 4103 326 4160 «Eodem
349 4104 404 4172 die,
420 4103 536 4160 Honicse
551 4103 653 4169 uiduae,
669 4103 765 4161 matris
779 4103 903 4160 beatissi-

103 4178 139 4231 mi
154 4177 246 4232 Patris
262 4174 348 4231 nostri
364 4175 522 4248 Augustini.
539 4201 549 4223 ι

138 4247 300 4303 Cruruneu.
319 4264 325 4302 ι
359 4247 413 4302 ‹lii
429 4247 575 4312 Palestina,
591 4245 704 4302 civitate
719 4246 801 4313 Gaza,
816 4245 904 4301 saneti

108 4318 241 4373 Silianie
262 4317 349 4389 iscopi
363 4324 391 4372 et
414 4317 555 4389 martyris,
577 4316 624 4389 qui
646 4334 708 4373 cuin
726 4316 905 4373 multitudiue

108 4390 170 4443 cleri
186 4337 330 4462 fideiisque
346 4389 441 4460 populi
456 4388 573 4460 gloriose
581 4388 651 4459 passi
668 4396 742 4443 snut.
752 4390 783 4444 lii
793 4387 905 4442 metello

107 4460 251 4519 Phanensi.
271 4467 432 4516 sauctorum
458 4476 493 4514 ιιι
513 4459 560 4530 qni
585 4459 668 4513 siniul
694 4459 814 4515 truncati
828 4465 903 4514 suiit.

105 4533 294 4596 Antisiodoro‚
310 4529 399 4586 saneti
415 4528 577 4587 Coreodemi
594 4529 715 4596 diaconi,
730 4528 904 4585 confessoris.

106 4601 301 4669 h'icbomedias,
313 4609 416 4658 sanctae
426 4601 566 4668 Antoniae,
578 4600 727 4655 crudeliter
739 4598 905 4656 acdiutissi-

988 3391 1429 3449 Merme.-Ciiurns.·Ui.nsirer.:
1449 3391 1588 3457 ‹Quiriaci
1597 3383 1717 3459 episcopi
1724 3391 1752 3442 et

955 3463 1095 3543 martyris,
1107 3462 1154 3532 qui
1168 3469 1231 3516 ante
1241 3460 1331 3515 dictus
1344 3462 1397 3516 iiiit
1407 3461 1501 3525 ludas,
1513 3461 1642 3513 inventor
1651 3461 1752 3512 sanctes

955 3533 1061 3591 Crucis.
1090 3531 1214 3589 Floriani
1236 3531 1376 3612 martyris.
1401 3532 1564 3588 Sanctorum
1588 3546 1622 3584 ιιι
1650 3532 1752 3653 montp-

955 3622 1027 3662 runi.
1044 3604 1192 3676 Tripbanis
1205 3610 1343 3674 mrrtyris,
1359 3628 1369 3651 ι
1391 3602 1468 3675 pueri
1483 3601 1607 3667 tortasse,
1622 3615 1671 3670 qni
1685 3613 1719 3654 co
1742 3626 1752 3638 ·

955 3683 1001 3732 tur
1016 3694 1035 3731 ιι
1048 3675 1222 3732 Novembris.
1245 3700 1255 3722 ι
1270 3673 1398 3730 Antoniae
1413 3673 1552 3745 martyris.
1568 3696 1578 3719 ι

992 3747 1165 3803 Cauaseum.
1181 3747 1209 3803 S.
1224 3746 1335 3803 Mariae:
1368 3770 1377 3794 ι
1396 3741 1691 3810 Castro-Cemheriaci,
1707 3739 1752 3823 de:

975 3819 1058 3874 esitio
1071 3817 1098 3873 S.
1118 3817 1254 3884 sindonis,
1274 3834 1321 3873 seu
1336 3817 1363 3874 S.
1381 3813 1646 3897 sudsqiiSslvatnris
1665 3819 1753 3869 nostri

956 3835 1020 3946 iesu
1035 3888 1169 3946 Christi.»
1192 3888 1263 3945 Vide
1277 3889 1305 3944 in
1321 3886 1515 3945 Praetermissis
1529 3886 1564 3942 de
1577 3885 1694 3950 Laiioea,
1703 3881 1752 3940 Co·

957 3977 1035 4028 rona,
1051 3959 1152 4026 Clanis,
1168 3967 1220 4015 etc.

993 4033 1024 4087 lii
1039 4030 1175 4086 Virieiiii.
1193 4045 1271 4085 niiiii.
1286 4028 1367 4098 5949,
1382 4028 1467 4095 deest,
1488 4052 1496 4074 ·
1512 4024 1634 4095 Quiriaci
1650 4023 1753 4082 etCur·

957 4102 1074 4159 codemi.
1091 4128 1099 4148 ·
1121 4101 1196 4157 Solet
1210 4100 1256 4157 hie
1270 4101 1357 4156 codex
1371 4100 1470 4228 sapius
1485 4098 1609 4155 delicere.

994 4175 1162 4230 Hionsuriu.
1179 4189 1185 4226 :
1206 4173 1237 4227 ln
1252 4171 1391 4227 territorio

958 4252 1065 4300 ctornm
1081 4252 1235 4315 martyrum
1256 4241 1374 4299 Cerbani
1395 4251 1422 4298 et
1446 4242 1585 4297 sociorum
1606 4256 1665 4312 ejus
1682 4235 1754 4319 apud
1784 4294 1788 4303 ,

958 4316 1066 4371 Vallem
1091 4315 1180 4381 Cavae,
1203 4314 1247 4369 rel
1271 4314 1362 4381 Caris,
1381 4312 1463 4386 juxta
1487 4313 1643 4384 sepulerum
1666 4317 1754 4367 sancti

959 4387 1050 4444 Cresci
1066 4386 1197 4457 martyris
1211 4393 1238 4440 et
1253 4386 1390 4440 sociorum
1407 4383 1475 4457 ejus,
1492 4385 1544 4440 sub
1560 4381 1645 4439 llecio
1659 4390 1754 4454 tyran·

959 4474 1005 4512 ne.
1023 4483 1032 4505 ι
1061 4457 1180 4512 Primam
1196 4455 1313 4513 Cerboni
1330 4455 1414 4527 hujus
1428 4455 1556 4512 notitiam
1571 4453 1671 4510 dedere
1685 4452 1755 4506 Acta

960 4528 987 4583 S.
1003 4528 1105 4584 Creseii
1120 4543 1136 4581 a
1151 4526 1302 4581 Laderchio
1316 4527 1390 4581 edita
1403 4543 1527 4582 nueevu.
1717 4587 1723 4600 .

997 4600 1118 4654 Helenus.
1134 4598 1181 4652 SS.
1198 4596 1335 4651 Timothei
1350 4604 1377 4650 et
1387 4597 1579 4667 Apollonaris:
1603 4589 1756 4647 ‹Autissio-

1432 4169 1579 4237 lorentino,
1596 4166 1686 4249 passio
1694 4182 1753 4223 san·

106 4690 146 4726 nie
160 4681 315 4729 maceratae.
331 4673 405 4729 Loco
420 4673 566 4739 Lauriaco,
585 4671 673 4726 sancti
690 4669 813 4727 Floriani
828 4686 906 4725 niar-
924 4669 1031 4744 Dderi.
1048 4668 1182 4739 depositio
1206 4674 1233 4722 et
1251 4665 1394 4722 translatio
1409 4665 1532 4737 corporis
1546 4661 1635 4720 sancti
1649 4661 1756 4721 Corno-

108 4745 182 4814 tyris.
201 4746 232 4800 lii
248 4743 384 4800 suburbio
400 4742 581 4807 Virduiiensi,
593 4751 750 4798 sanctoruni
766 4742 904 4813 episcopo·
959 4740 1035 4796 domi
1050 4737 1160 4795 diaconi
1175 4745 1202 4794 et
1215 4737 1390 4794 confessoris.
1408 4763 1417 4785 i

108 4832 164 4870 rum
180 4815 324 4882 Puleroni,
336 4815 503 4870 Possessoris
513 4822 540 4869 et
555 4814 672 4870 Firmiui
687 4813 900 4869 confessorum.»

106 4885 135 4939 lii
155 4887 252 4941 tabula
273 4886 526 4941 Pretermissorum
551 4885 638 4940 sancti
660 4885 700 4940 illi
717 4884 855 4941 antistites
872 4882 907 4939 ad

109 4958 231 5028 proprios
254 4956 314 5012 dies
335 4956 527 5021 remittuntur,
541 4955 624 5011 hodie
642 4955 716 5011 enim
737 4956 771 5011 de
785 4956 906 5028 ipsorum

108 5027 283 5084 translatione
298 5028 408 5100 proprie
421 5028 521 5099 agitur.

139 5099 359 5156 Bnnxnnnmein
367 5099 482 5155 Silvano
491 5114 587 5171 purus,
595 5095 907 5169 Quiriaeumexponiiit.

107 5168 234 5244 Sequitur
254 5170 288 5226 de
304 5187 340 5226 xi.
356 5179 438 5226 recte.
455 5171 494 5227 De
508 5169 641 5236 Antonia,
656 5167 753 5225 addit:
778 5167 908 5223 «nerts-

106 5242 229 5298 eillliano
248 5241 400 5314 praeside·
431 5249 462 5297 ut
485 5240 567 5296 habet
588 5240 659 5296 Ado.
675 5240 710 5296 Et
729 5241 757 5294 iii
776 5240 905 5295 Floriano

104 5314 184 5368 etiam
208 5330 245 5369 ex
268 5312 377 5380 Adone,
397 5321 459 5384 post
478 5312 642 5384 proecipotns
664 5318 711 5378 est,
735 5309 830 5381 adjieit
845 5325 905 5382 quae

106 5384 246 5442 [suardus
261 5385 449 5457 praeterierat:
477 5408 486 5430 ‹
502 5385 539 5439 Et
555 5399 620 5437 inex
636 5381 796 5437 ridentibus
810 5380 906 5436 omni-

104 5455 163 5525 bns,
180 5457 255 5513 oculi
272 5454 486 5529 praecipitatoris
509 5462 684 5523 crepuerunt.
701 5454 767 5532 lpse.
775 5451 830 5517 die,
845 5450 905 5504 bea·

105 5528 205 5583 tissimi
220 5529 305 5596 lusti,
321 5527 489 5583 Viennensis
504 5524 635 5598 episcopi.
652 5549 661 5571 ι
684 5523 817 5595 HeJieitur
829 5521 863 5576 ad
879 5537 906 5576 ri

103 5598 178 5655 Haii.
195 5601 227 5655 ln
243 5599 416 5656 Cureodemo
432 5614 516 5669 purus
526 5603 576 5651 est.

136 5672 322 5727 Heeriioiinn.
340 5670 370 5725 iii
395 5667 509 5724 Silvano
532 5667 587 5721 iere
603 5682 697 5738 purus,
713 5663 833 5720 secundo
847 5662 907 5718 loeo

104 5742 266 5798 florianum
285 5749 433 5807 memorat,
448 5756 512 5797 euin
527 5736 617 5809 elogio
640 5735 692 5803 sibi
707 5735 831 5810 proprio.
855 5733 908 5789 Se-

996 4812 1096 4866 Enirio
1106 4808 1308 4866 Lenaeo-Coc.
1321 4808 1420 4881 incipit
1435 4826 1440 4864 :
1457 4805 1755 4880 ‹ColoniaAgrippina‚

961 4883 989 4938 iii
1000 4882 1114 4939 eeclesia
1128 4891 1228 4938 sanetae
1238 4879 1356 4937 Caeciliae
1366 4880 1494 4953 virginis,
1503 4881 1592 4936 natale
1606 4878 1677 4934 beati
1688 4876 1770 4930 Pau·-

962 4954 1011 5009 lini
1037 4953 1145 5009 diaconi
1161 4961 1188 5010 et
1204 4952 1344 5023 martyris,
1367 4951 1446 5022 cnjus
1468 4960 1551 5024 caput
1565 4965 1611 5029 per
1636 4947 1755 5001 ferreum

962 5025 1102 5089 malleum,
1118 5041 1167 5095 pro
1177 5023 1288 5079 Christo
1303 5023 1454 5079 contritum
1464 5021 1629 5083 dinoscitur,
1644 5023 1671 5070 et
1681 5027 1755 5070 cere·

961 5097 1043 5151 hrum
1058 5112 1149 5162 suuni,
1166 5111 1221 5150 nna
1236 5109 1299 5150 cuin
1322 5094 1368 5166 pio
1382 5093 1515 5171 sanguine
1529 5088 1665 5168 patienter
1682 5084 1756 5168 eliu5

962 5168 1043 5223 disse.
1061 5165 1270 5238 Hierosolymis,
1287 5164 1375 5236 passio
1390 5172 1475 5221 sancti
1487 5162 1607 5239 Quiriaci
1623 5170 1755 5227 episcopt,

962 5254 1016 5293 uiia
1034 5254 1097 5292 cuni
1121 5246 1281 5304 matresua,
1298 5235 1349 5292 sub
1372 5234 1481 5309 iuliano
1504 5235 1678 5309 imperatore.
1695 5227 1758 5308 lpse

962 5309 1017 5376 die,
1038 5309 1265 5364 eniinmenioratie
1287 5307 1401 5363 Coronae
1415 5315 1515 5380 spineae
1531 5299 1643 5354 Domini
1658 5305 1756 5379 nostri.

962 5379 1043 5450 Apud
1060 5378 1155 5434 Hostia
1171 5379 1321 5452 tyberrina,
1337 5375 1471 5442 depositio
1486 5377 1587 5424 sauctae
1601 5370 1752 5436 Hemesa,-

962 5459 1026 5517 etc.,
1043 5465 1107 5505 euin
1123 5450 1205 5522 longo
1221 5447 1320 5518 elogio.
1340 5441 1469 5513 Sequitur
1483 5447 1576 5497 teritus
1590 5441 1647 5496 iere
1662 5455 1767 5517 purus,¹

965 5538 1048 5595 iisque
1064 5521 1097 5577 ad
1127 5547 1135 5567 ι
1148 5521 1308 5592 principatus
1320 5518 1357 5567 en
1372 5536 1398 5567 i.
1415 5512 1483 5567 Tum
1509 5513 1562 5568 ilii
1577 5512 1688 5569 ciuitate
1700 5506 1759 5589 Spi-

963 5592 1047 5659 reiisi,
1065 5594 1153 5647 natale
1167 5588 1253 5645 saneti
1267 5583 1403 5655 Wydonis
1417 5583 1533 5640 abbatis.
1550 5607 1558 5629 i
1582 5584 1632 5638 Hic
1644 5580 1759 5635 inieritis

965 5664 1051 5720 (luido
1080 5662 1192 5726 dieitur,
1218 5656 1252 5712 de
1277 5670 1332 5727 quo
1359 5654 1432 5710 inter
1455 5653 1653 5711 Praetermissos
1681 5650 1760 5705 Hen-

963 5734 1078 5792 clieiiius
1102 5747 1156 5788 iiou
1171 5725 1308 5785 meminit.
1333 5727 1359 5783 ls
1378 5733 1429 5795 est,
1445 5726 1553 5798 opinor,
1574 5725 1608 5780 de
1626 5735 1759 5794 quocum
