3834 6136
128 232 199 295 tttt

670 232 718 292 DE
737 231 823 292 Vl'l'A
841 231 869 290 S.
890 231 1061 293 GERMANI.
1081 262 1117 277 -··
1136 231 1202 290 LlB.
1224 232 1246 290 l.

1703 238 1777 308 ‚tito

126 388 214 446 Arma
231 394 339 461 parent,
355 397 506 462 coeantque
524 386 625 444 animis
642 385 672 442 in
686 387 782 460 praelia
795 378 872 456 totis,
941 384 1169 453 Aandamente
1183 387 1252 456 solo,
1269 385 1392 461 geminos
1406 386 1460 444 fert
1484 387 1577 446 fabula
1591 390 1667 448 visos

126 474 222 532 Edicit
236 474 328 534 sociis.
344 474 404 532 Neu
417 476 495 549 plebs
509 475 617 533 obstare
633 473 736 533 furenti

125 565 231 634 Posset,
248 571 276 620 et
289 562 417 622 obductis
429 566 534 623 aditum
547 565 692 622 defendere
706 564 803 638 portis,

126 655 250 728 Occupat
264 654 387 727 ignaram
401 655 538 729 congestis
554 654 661 712 viribus
675 653 781 712 urbam.

161 746 207 806 32.
228 745 354 816 Sanctus,
378 752 409 803 ut
432 747 538 804 accensi
566 753 705 820 comperta
728 754 769 804 est
792 744 925 820 principis

807 834 871 909 [ira,

124 931 233 1003 llartyr
250 934 282 985 ut
296 926 440 985 emeritam
457 927 606 986 certamine
620 941 728 983 sumere
740 925 870 998 palmam,

124 1022 217 1096 thue
231 1019 273 1078 sui
289 1020 376 1093 possit
387 1018 515 1091 perfundi
530 1018 606 1073 fonte
620 1016 738 1084 cruoris,

125 1112 210 1185 Optat
221 1129 228 1179 ;
246 1117 273 1168 et
287 1108 425 1182 intrepido
437 1106 581 1181 profundit
594 1104 662 1163 talia
674 1106 756 1162 vultu
769 1123 776 1163 :

124 1200 206 1270 Quod
219 1200 286 1258 satis
301 1207 352 1268 est,
369 1214 503 1272 supraque
518 1197 595 1263 satis,
610 1197 666 1253 buc
685 1195 808 1252 viximus
821 1210 924 1268 nsque:

124 1294 205 1353 Nunc
218 1292 316 1350 faciem
330 1297 471 1364 penetrare
484 1289 563 1362 cupit
575 1304 639 1347 cum
655 1288 768 1361 spiritus
782 1288 890 1356 ardens,

125 1382 246 1451 Christe,
263 1391 350 1450 tuam,
365 1381 503 1454 tedetque
521 1379 585 1447 viae,
602 1378 738 1451 taedetque
752 1375 889 1436 laborisz.

123 1471 184 1540 Qua
199 1470 326 1528 breviora
343 1476 437 1544 patent
452 1469 520 1527 recti
535 1467 697 1541 compendia
711 1466 800 1535 callis,

124 1561 168 1618 lre
179 1559 278 1632 juvat:
299 1559 346 1615 via
364 1558 400 1615 sit
415 1557 530 1632 trepidis
545 1557 629 1614 nimis
647 1556 733 1614 ardua
747 1569 924 1629 quanquam;

126 1650 253 1707 Sidereos
265 1664 379 1722 propere
392 1648 503 1706 dabitur
516 1647 676 1721 contingere
690 1663 811 1720 campos,

126 1738 275 1812 Sanguinis
288 1738 368 1795 effusi
383 1738 406 1796 si
424 1754 474 1794 nos
491 1736 606 1810 vestigia
618 1735 729 1794 ducant.

130 1829 257 1902 Martyrii
269 1827 383 1883 titulum
397 1825 481 1883 tensis
495 1824 705 1899 complectimur
717 1825 802 1893 ulnis,

126 1919 164 1975 Et
178 1926 274 1991 sponte
287 1916 443 1990 expetimus
453 1915 597 1987 pulchram
611 1931 659 1987 per
668 1915 785 1970 vulnera
799 1920 926 1971 mortem.

126 2007 169 2064 Tu
184 2007 266 2064 modo
280 2023 331 2063 nos
345 2006 458 2078 dignare
471 2011 520 2060 tuo
535 2020 584 2076 pro
600 2002 713 2059 nomine
727 2009 819 2059 testes.

127 2099 191 2155 Haec
205 2097 311 2164 diceus,
327 2094 505 2167 animumque
520 2092 591 2159 neci,
608 2093 766 2166 collumque
781 2092 893 2166 parabat

125 2186 278 2246 Carnifici:
295 2191 349 2241 stat
360 2183 416 2240 fixa
431 2183 493 2239 viro
507 2182 643 2240 sententia
653 2182 751 2240 mortis

126 2274 279 2348 Intrepido.
297 2273 359 2341 Sed,
376 2272 495 2340 Christe,
509 2271 565 2328 tuis
580 2270 763 2328 mundissima
779 2268 876 2326 castris

126 2366 202 2426 Lilia
222 2381 286 2422 curn
304 2363 350 2437 [B.
369 2359 478 2435 juncta]
493 2362 563 2419 rosis
577 2362 680 2435 pariter
693 2359 839 2418 candentia
863 2376 929 2417 ver-

775 2449 874 2523 [naut;

125 2546 224 2605 Necte
237 2543 365 2617 martyrii
380 2541 535 2601 constantia
545 2540 603 2598 sola
617 2547 748 2609 meretur,

127 2637 185 2694 Nec
199 2637 260 2694 fuso
274 2635 420 2709 quisquam
432 2644 540 2693 tantum
555 2633 592 2690 sit
606 2633 738 2704 sanguiue
751 2637 875 2703 martyr;

128 2727 205 2800 Saepe
220 2725 302 2784 etiam
315 2726 412 2782 multis
425 2725 531 2798 peperit
541 2724 586 2797 pia
600 2723 659 2779 vita
673 2735 802 2780 coronam
816 2738 822 2789 ;

128 2817 233 2890 Estque
247 2815 419 2872 sacerdotum
435 2814 571 2872 confessio
587 2810 691 2869 munda
705 2819 816 2868 tuorum

129 2909 213 2965 Grata
226 2906 288 2977 tibi,
303 2922 370 2979 quos
381 2905 497 2978 justitiae
512 2902 645 2977 perfectio
659 2902 753 2958 vestit.

129 2999 225 3072 Tuque
238 2996 317 3066 adeo,
332 3012 414 3069 quem
429 3011 506 3051 mens
517 2995 569 3050 atri
580 2989 741 3066 plenissima
754 2987 828 3045 fellis

979 476 1079 533 Praelia
1089 475 1201 533 lascivis
1214 477 1348 550 agitantes
1362 478 1469 536 lusibus
1487 478 1592 537 hedos.

980 566 1118 638 Auspiciis
1133 572 1239 623 veteres
1253 568 1354 623 assueti
1369 567 1488 642 denique
1504 568 1602 643 primis

980 655 1096 712 Nomina
1106 654 1258 712 condendis
1272 657 1409 728 ponebant
1424 656 1539 714 urbibus
1557 658 1624 714 olim
1641 667 1663 716 ¹.

981 746 1056 802 llauc
1069 745 1190 818 primum
1205 747 1319 801 veniens
1335 746 1437 818 Alpino
1451 747 1583 805 avertice
1604 747 1704 816 Caesar,

980 836 1057 893 Tunc
1071 850 1134 893 cum
1148 834 1290 892 barbarico
1304 834 1427 892 feritaret
1442 835 1500 910 [B.,
1516 836 1665 911 suboleret]
1676 836 1765 895 Gallia

1097 922 1100 927 ¹
1598 927 1677 1001 [rilu,

979 1019 1087 1077 Ascivit
1099 1017 1212 1089 sociam,
1227 1018 1370 1091 gentisque
1388 1015 1417 1072 in
1435 1016 1538 1073 foedera
1553 1015 1641 1072 traxit

980 1111 1129 1180 Romulea,
1157 1111 1299 1183 sociosque
1322 1123 1410 1163 novos
1423 1107 1574 1180 fratresque
1590 1107 1703 1165 vocavit
1719 1107 1740 1176 l,

980 1203 1066 1275 Inque
1079 1207 1161 1272 caput
1175 1197 1251 1272 regui
1267 1197 1416 1271 primatum
1432 1212 1538 1252 sumere
1555 1195 1649 1268 jussit.

981 1291 1085 1350 Celtica
1097 1291 1184 1347 Roma
1197 1288 1262 1345 dein
1280 1287 1370 1344 voluit
1384 1288 1523 1360 coepitque
1541 1286 1638 1343 vocari
1648 1293 1668 1342 ⁰.

1017 1380 1062 1437 dl.
1082 1378 1176 1438 Crevit
1190 1376 1321 1435 amicitiae
1341 1377 1442 1432 sensim
1458 1392 1506 1448 per
1520 1383 1644 1449 tempora
1657 1375 1760 1445 robur;

981 1469 1052 1530 Urbs
1077 1484 1186 1542 quoque
1211 1474 1373 1542 provectum
1407 1465 1566 1539 meritisque
1603 1474 1630 1522 et
1665 1465 1778 1522 nomine

1586 1555 1725 1631 [sumpsit,

981 1646 1207 1723 Augustiduuum
1223 1647 1335 1704 demum
1350 1652 1482 1719 concepta
1500 1646 1593 1702 vocari
1607 1646 1627 1715 ⁴,

941 1754 965 1813 Β
982 1740 1100 1813 Augusti
1117 1748 1239 1797 montem
1251 1739 1382 1796 transfert
1396 1738 1470 1811 quod
1485 1736 1588 1795 Celtice
1602 1738 1706 1812 lingua.

981 1831 1042 1887 Non
1057 1829 1111 1886 fuit
1125 1829 1175 1885 illa
1189 1830 1265 1885 ferax
1276 1828 1387 1900 frugum
1403 1843 1451 1899 per
1466 1828 1565 1885 saecula
1578 1828 1671 1897 tellus,

981 1917 1038 1976 Noc
1052 1916 1111 1991 [B.,
1126 1917 1200 1992 Non]
1216 1917 1347 1990 opulenta
1361 1915 1445 1974 satis:
1462 1918 1578 1989 cingunt
1589 1933 1707 1990 namque
1720 1933 1780 1973 om·

1579 1997 1638 2078 [nia
1652 2006 1729 2062 silvae

980 2096 1122 2155 Montibus
1136 2095 1312 2166 horricomis,
1327 2097 1486 2172 sterilisque
1499 2096 1533 2153 ad
1549 2098 1655 2154 semina
1674 2114 1780 2171 cespes,

983 2184 1111 2244 Vomeris
1125 2183 1286 2258 impatiens,
1297 2185 1433 2257 curvique
1448 2185 1584 2242 immunis
1597 2187 1699 2256 aratri;

983 2275 1020 2331 Et
1032 2280 1117 2329 vexat
1131 2270 1215 2328 duras
1229 2272 1292 2328 coeli
1310 2271 1490 2330 inclementia
1505 2282 1604 2332 terras.

984 2365 1087 2422 Verum
1104 2363 1182 2419 nulla
1197 2361 1272 2417 viros
1287 2362 1370 2418 tellus
1384 2364 1471 2435 magis
1487 2365 1587 2420 extulit
1602 2368 1686 2424 armis

983 2453 1148 2527 Praecipuus,
1164 2450 1305 2524 animique
1321 2453 1408 2524 magis
1423 2452 1456 2508 ad
1470 2455 1565 2525 praelia
1577 2455 1652 2512 lecti.

984 2547 1056 2617 Ergo
1072 2541 1120 2598 ubi
1139 2543 1240 2600 vicina
1259 2543 1405 2616 presensit
1432 2552 1556 2617 tempora
1575 2546 1673 2603 mortis

983 2636 1099 2693 Sanctus
1114 2642 1141 2690 et
1155 2634 1272 2690 omniuo
1287 2649 1396 2706 semper
1411 2635 1607 2692 memorandus
1619 2637 1745 2705 Amator,

984 2723 1067 2782 Urbis
1079 2722 1114 2779 ad
1129 2722 1226 2782 edictae
1242 2739 1298 2781 uon
1313 2722 1404 2797 segnis
1419 2724 1521 2781 moenia
1538 2724 1638 2782 tendit.

985 2814 1076 2873 Officii
1089 2829 1224 2871 summam
1240 2815 1368 2873 servabat
1385 2814 1476 2870 lulius
1492 2815 1552 2871 illic
1565 2822 1586 2882 ⁶,
1647 2833 1648 2837 ¹

985 2906 1037 2964 Vir
1050 2915 1192 2979 prestans,
1208 2914 1309 2963 etcum
1324 2905 1446 2979 praefecti
1462 2905 1585 2963 culmine
1600 2907 1702 2976 clarus,

985 2995 1055 3052 Tum
1070 2994 1134 3052 fidei
1145 3011 1230 3068 purus
1245 3003 1365 3069 votoque
1382 3003 1409 3050 et
1430 2995 1543 3050 nomine
1558 2996 1658 3051 cultor.

130 3093 163 3151 ln
177 3097 302 3148 sanctum
328 3103 440 3162 peccare
459 3094 554 3143 monet
569 3084 632 3159 [ol.,
647 3082 765 3156 movet],
780 3080 931 3139 sevissime
949 3119 970 3180 C
985 3086 1108 3144 Antiates
1123 3101 1232 3160 quoque
1246 3091 1357 3141 sanetus
1375 3090 1433 3139 erat
1449 3083 1613 3154 Simplicius
1626 3082 1698 3151 illic,

756 3188 832 3230 rmce
851 3189 864 3228 s

130 3275 176 3333 b'il
192 3273 254 3340 tibi,
270 3273 320 3343 nil,
337 3281 402 3330 voto
421 3289 477 3331 non
495 3269 657 3330 succedente
672 3172 805 3336 malAan
833 3188 874 3244 p,

132 3364 270 3423 Collatum
285 3362 386 3419 ducas:
403 3371 430 3418 et
444 3370 475 3418 tu
490 3358 654 3433 quandoque
677 3355 787 3410 futurus

132 3454 211 3512 Certe
226 3453 325 3526 presul
336 3451 391 3506 eris
408 3456 467 3505 toto
482 3445 645 3503 notissimus
659 3442 734 3499 orbe.

131 3541 245 3597 Arbiter
260 3546 379 3596 aeternus
389 3532 553 3606 jamdudum
567 3528 687 3603 praeeciit
699 3526 783 3596 istud,

130 3630 186 3688 Nec
201 3628 269 3687 sinit
283 3623 401 3682 insontis
416 3621 513 3679 foedari
528 3622 608 3678 sorde
624 3619 729 3677 cruoris

129 3717 277 3775 Praeseitas
292 3714 326 3771 ad
340 3727 416 3770 sacra
431 3727 539 3780 manus,
555 3710 692 3769 medicina
701 3708 819 3767 salubris

130 3809 184 3866 Per
197 3822 264 3880 quas
279 3805 438 3861 innumeros
452 3803 562 3858 fluxura
576 3808 689 3875 putatur
703 3800 737 3857 ad
751 3815 847 3873 egros.

436 3922 550 3982 CAPUT
583 3922 632 3979 111.

131 4027 266 4087 lleoelotio
282 4026 310 4083 S.
324 4024 449 4080 Amatori
463 4022 581 4095 [cemele
596 4037 643 4077 auo
653 4019 735 4087 obitu,
746 4026 770 4075 et
779 4019 935 4076 somessione

984 3177 1074 3250 llagni
1089 3176 1134 3231 vir
1148 3173 1250 3241 meriti,
1268 3173 1414 3245 magnique
1439 3171 1567 3228 minister
1582 3171 1708 3228 honoris.

985 3267 1138 3340 iunctaque
1152 3262 1278 3338 pontifici
1299 3262 1398 3333 regalis
1409 3261 1473 3333 jure
1488 3268 1617 3334 potestas,

986 3357 1166 3416 Commissam
1185 3353 1296 3428 paribus
1312 3352 1418 3425 plebem
1430 3350 1554 3407 frenabat
1572 3350 1687 3407 habenis
1704 3370 1710 3408 :

986 3448 1038 3504 llic
1049 3445 1185 3503 tumidam
1201 3442 1289 3516 rigida
1302 3449 1409 3515 gentem
1424 3441 1532 3498 ditione
1548 3440 1689 3515 premebat
1704 3457 1711 3507 ;

987 3536 1036 3594 llle
1049 3534 1185 3593 salutiferi
1200 3532 1337 3590 formabat
1348 3546 1462 3587 munere
1478 3530 1567 3588 verbi.

1022 3626 1066 3685 35.
1082 3625 1238 3682 Adventare
1252 3624 1343 3680 virum
1360 3620 1470 3693 praesul,
1489 3634 1644 3694 praesesque
1667 3617 1784 3674 beatum

987 3716 1024 3774 Ut
1037 3731 1162 3782 sensere3
1178 3720 1285 3786 parant,
1300 3710 1400 3767 turmis
1411 3709 1478 3767 hinc
1493 3709 1557 3765 inde
1573 3708 1677 3766 coactis

988 3806 1024 3863 Et
1037 3806 1104 3863 cleri
1119 3811 1145 3862 et
1160 3803 1264 3878 populi,
1281 3801 1404 3858 venienti
1419 3815 1561 3856 occurrere
1576 3806 1691 3866 sanct03

988 3895 1194 3968 Excipiamque
1209 3893 1319 3949 virum:
1337 3891 1412 3947 dicta
1424 3897 1587 3963 acceptaque
1606 3889 1704 3957 salute,

988 3986 1019 4042 lu
1034 3983 1169 4057 gremium
1186 3982 1291 4041 duxere
1304 4000 1360 4040 suae
1379 3980 1539 4038 solemniter
1553 3978 1641 4037 urbis.

171 4097 306 4166 Germani,
330 4096 460 4168 hujusque
487 4093 620 4151 convento
645 4098 669 4148 οι
694 4091 827 4148 miraeus,
856 4093 936 4148 orgg.
989 4073 1103 4130 Noctem
1120 4071 1359 4130 leetitiaetribnere
1374 4077 1401 4126 et
1416 4069 1544 4126 laudibus
1561 4069 1649 4126 illam.

168 4170 252 4228 actio.

169 4276 213 4334 33.
229 4275 332 4333 Praesul
346 4282 377 4331 ut
396 4272 538 4331 emeritam
550 4270 638 4328 multo
651 4270 802 4329 certamine
815 4272 935 4344 palmam

134 4369 270 4436 Sumeret,
285 4372 442 4437 assumptus
454 4362 546 4419 divini
561 4361 591 4418 iu
606 4368 681 4432 parte
699 4371 820 4431 senatus,

134 4458 253 4530 Tempus
271 4461 339 4525 erat,
357 4453 489 4526 licuitque
502 4452 564 4508 viro
577 4449 739 4522 praediscere
752 4457 880 4522 tempus:

134 4547 223 4617 Quive
241 4546 313 4602 foret
325 4543 396 4602 sacri
411 4548 472 4616 post
486 4557 515 4598 se
529 4555 669 4597 successor
681 4537 794 4595 honoris

135 4636 289 4710 inspirante
308 4638 376 4704 Deo,
392 4641 419 4690 et
434 4633 521 4709 plebis
536 4637 650 4690 curante
663 4630 791 4696 salutem,

135 4726 205 4784 Urbs
217 4726 331 4800 antiqua
345 4725 409 4792 fuit,
429 4731 488 4782 toto
503 4720 682 4781 celeberrima
696 4719 811 4787 mundo,

135 4816 226 4875 AEdua
240 4817 314 4876 dicta
327 4815 413 4890 prius.
429 4813 563 4872 Primaria
578 4829 640 4870 cum
653 4810 813 4885 jacerentur

170 5004 182 5031 ¹
201 4992 276 5050 ttera
290 4990 350 5049 hec
362 4999 404 5047 est
419 4989 529 5046 fabula:
546 4983 722 5058 nequeenim
738 4982 800 5039 urbi
814 4981 936 5047 Celticae,

134 5071 280 5137 antequam
296 5064 434 5120 Romanos
451 5058 585 5125 novisset,
602 5069 702 5111 nomeu
716 5053 751 5110 ab
765 5052 844 5110 haedo
859 5051 939 5108 Lati·

135 5152 201 5193 uum
217 5135 314 5192 datum
329 5134 414 5190 fuisse
434 5128 567 5188 credibile
582 5133 633 5183 est.

170 5225 183 5261 a
203 5208 262 5263 lmo
276 5205 329 5263 hoc
339 5205 387 5261 diu
396 5200 533 5260 antetulit
544 5195 817 5258 Cesarisadveutunr
831 5191 861 5247 iu
871 5191 941 5247 Gal-

989 4166 1078 4238 thue
1088 4164 1156 4237 vigil
1171 4163 1260 4219 nitido
1275 4162 1393 4217 rutilans
1408 4161 1535 4216 disclusit
1551 4158 1585 4214 ab
1600 4146 1664 4217 ortu

989 4255 1143 4328 Purpureas
1157 4266 1256 4308 aurora
1271 4250 1354 4317 fores,
1372 4246 1515 4319 stellisque
1530 4244 1643 4316 fugatis,

989 4343 1100 4401 Lucifer
1113 4349 1216 4400 exactae
1231 4340 1297 4396 fecit
1310 4336 1475 4395 discrimina
1489 4334 1591 4403 noctis,

989 4433 1117 4492 Praesidis
1131 4431 1166 4489 ad
1180 4432 1284 4489 celsum
1298 4445 1327 4485 se
1341 4442 1451 4500 pergere
1465 4425 1537 4482 velle
1552 4422 1689 4488 tribuual,

991 4525 1093 4583 Praesul
1107 4523 1156 4592 ait,
1168 4528 1350 4596 properatque
1364 4517 1438 4574 viam
1453 4535 1459 4572 ε
1476 4517 1530 4572 fert
1544 4513 1645 4571 obvius
1659 4512 1702 4568 illl

992 4616 1041 4672 lile
1067 4614 1192 4688 gradum,
1212 4610 1376 4687 quantisque
1391 4613 1481 4680 potest
1494 4610 1621 4662 sanctum
1637 4607 1784 4658 veneratur

992 4705 1146 4778 Obsequiis,
1167 4701 1323 4776 humilique
1336 4699 1405 4773 petit
1422 4694 1582 4755 benedicier
1605 4708 1662 4749 ore.

992 4795 1070 4853 Tunc
1086 4794 1144 4851 voti
1160 4808 1291 4867 compos:
1310 4789 1438 4864 praetoria
1457 4785 1536 4844 ducit
1553 4785 1583 4841 iu
1597 4782 1664 4839 alta.

993 4966 1081 5039 gentis
1094 4965 1249 5024 AEduorum
1269 4964 1375 5021 dietum
1397 4968 1438 5016 est
1457 4957 1561 5017 Celtica
1574 4949 1678 5012 Romal
1692 4949 1733 5003 lta
1744 4961 1789 5001 ne·

994 5038 1083 5110 gando
1093 5040 1191 5111 quaerit
1206 5037 1309 5096 ibidem
1324 5032 1461 5093 Valesius.
1562 5095 1568 5107 ,
1753 5088 1770 5098 ..

1027 5108 1037 5137 ⁴
1056 5108 1099 5165 Ab
1123 5111 1246 5183 Augusto
1268 5109 1363 5180 igitur,
1392 5121 1408 5160 a
1427 5117 1481 5175 quo
1502 5100 1619 5155 forsitan
1643 5089 1788 5148 beneficus

994 5187 1105 5261 auctum
1123 5193 1170 5240 aut
1193 5180 1322 5255 operibus
1340 5179 1504 5233 exornatum
1528 5175 1596 5235 erat,
1620 5173 1648 5221 et
1663 5179 1679 5218 a
1696 5168 1790 5216 monte

89 5271 97 5286 ‘
136 5278 187 5334 lias
209 5277 357 5349 contigisse
378 5272 500 5332 ostendit
514 5269 643 5328 Valesius
657 5268 686 5324 iu
708 5266 808 5323 notitia
822 5262 893 5320 Gall.
911 5262 940 5317 in
996 5251 1098 5339 vicino,
1115 5252 1347 5329 Augustodunum
1360 5233 1730 5327 demoniacae-Gallicum
1743 5248 1790 5290 ac·

134 5350 326 5422 Aequrtodooo
341 5348 505 5404 AEdoorom.
526 5343 612 5412 Negat
626 5355 692 5395 vero
707 5337 781 5393 idem
796 5335 942 5415 Augusto·
996 5335 1068 5394 cepit
1084 5346 1089 5383 :
1110 5327 1194 5398 vulgo
1209 5326 1314 5379 Autuu.
1336 5321 1453 5377 Vulestoa
1467 5313 1532 5370 ebed.

135 5420 211 5477 dunc
232 5421 320 5476 ullum
342 5433 465 5492 unquam
486 5415 533 5488 jus
554 5409 788 5482 metropoliticum
813 5406 898 5486 fursee
913 5404 942 5460 in

135 5492 204 5548 alias
226 5490 399 5572 prouincias,
413 5505 445 5547 ac
473 5503 508 5543 ne
536 5485 566 5540 in
592 5480 803 5556 Lugdunensem
818 5475 940 5550 quidem.

136 5562 209 5622 Vide
224 5562 309 5629 unfra,
325 5568 387 5618 not.
410 5572 431 5617 ·.

1031 5404 1042 5428 ⁶
1060 5398 1178 5456 Videtur
1197 5403 1305 5467 putasse
1321 5390 1435 5448 hericus
1446 5380 1567 5458 prefecti
1583 5377 1737 5437 Galliarum
1751 5392 1791 5434 se·

996 5472 1058 5528 dem
1069 5467 1237 5527 ordinariam
1248 5465 1332 5521 fuisse
1341 5453 1534 5532 Augustuduni
1546 5469 1593 5525 per
1608 5451 1667 5509 haee
1681 5458 1792 5532 tempo-

997 5560 1036 5599 ra.
1063 5541 1133 5597 ilinc
1156 5538 1251 5595 urbem
1272 5535 1359 5602 illam,
1375 5530 1489 5602 opinor,
1511 5532 1591 5599 capot
1613 5540 1688 5596 regua
1710 5521 1791 5594 paulo

173 5647 184 5673 ⁶
204 5633 321 5702 Quando
337 5642 429 5690 autem
442 5637 490 5687 aut
509 5645 525 5684 a
542 5625 641 5701 quibus
663 5620 845 5696 scriptoribus
859 5624 943 5693 caput
998 5621 1061 5672 aute
1074 5610 1232 5677 vocitabat,
1248 5606 1296 5664 sed
1311 5606 1364 5663 hoc
1377 5603 1477 5659 falsum
1491 5614 1549 5659 esse
1563 5600 1683 5656 constat.
