3834 6136
626 224 750 289 numm
767 226 929 289 nonnoni
951 226 1262 291 ANTISIODORENSIS

1128 388 1769 404 ——n———m

768 515 923 590 HERlCl
951 515 1126 591 VERSUS

543 670 593 736 Ad
609 671 835 735 llnnnnounnn
849 666 1162 733 Autissiodoreosem
1176 665 1354 750 episcopum

743 795 779 854 IN
799 793 1058 855 COLLECTANEA
1077 792 1155 851 SUA.

123 1024 299 1096 ttrtdebotde,
314 1030 368 1083 luae
382 1025 490 1100 requies
505 1033 531 1082 et
542 1025 629 1098 gloria
644 1024 740 1098 plebis,
933 1031 960 1091 Α
1008 1025 1128 1083 Excellit
1142 1025 1232 1083 titulis
1241 1028 1332 1083 clarus
1347 1032 1462 1097 uterque
1476 1021 1544 1081 suis.

158 1117 272 1188 Magnus
291 1117 395 1171 bonore
410 1114 473 1180 soli,
491 1113 579 1186 major
592 1115 697 1171 honore
710 1115 760 1171 Dei
773 1132 779 1170 :
972 1116 1036 1173 llaec
1047 1132 1097 1188 ego
1112 1124 1171 1173 tum
1183 1116 1292 1172 notulas
1305 1114 1403 1170 doctus
1414 1120 1532 1169 tractare
1547 1110 1669 1183 furaces,

20 1220 24 1231 ’
122 1205 228 1277 Excipe
242 1204 387 1277 dignanter
402 1205 474 1278 quod
490 1207 607 1280 porrigit
618 1224 681 1266 ecce
698 1206 848 1280 prudenter
1010 1205 1183 1278 stringebam
1197 1204 1291 1276 digitis
1304 1211 1362 1260 arte
1376 1203 1488 1259 favente
1501 1201 1576 1260 citis.

159 1293 296 1362 Heiricue,
312 1294 410 1366 capitis
426 1295 524 1368 plenus
537 1312 630 1353 amore
643 1296 694 1353 tui.
974 1296 1030 1353 Neo
1040 1295 1116 1368 prius
1132 1293 1181 1350 illa
1191 1293 1260 1350 mihi
1281 1292 1386 1366 liquido
1400 1291 1550 1364 disponere
1562 1307 1649 1349 versu

123 1385 239 1459 Purgere
255 1401 339 1458 parva
354 1385 446 1458 pudet,
460 1404 524 1445 cum
535 1386 657 1443 maxima
670 1392 702 1443 tu
714 1387 844 1444 merearis
858 1403 865 1444 :
1011 1383 1082 1442 Cura
1096 1385 1160 1451 luit,
1176 1383 1231 1440 nisi
1245 1401 1320 1441 nunc
1334 1399 1397 1440 cum
1413 1381 1464 1439 tibi
1482 1380 1575 1438 dando
1589 1381 1693 1467 lorent.

159 1477 289 1533 Attamen
301 1490 337 1531 ex
349 1475 473 1533 minimis
495 1477 613 1550 pendere
627 1492 725 1550 magna
742 1477 830 1534 decet.
976 1474 1025 1531 llis
1040 1474 1124 1531 violis
1140 1474 1277 1541 animum,
1293 1474 1383 1542 Pater,
1399 1472 1537 1529 oblectare
1553 1478 1706 1539 memento,

124 1565 232 1639 Quique
246 1564 357 1624 datheo
371 1566 532 1638 modicums
536 1566 594 1640 jam
605 1567 667 1642 plus
681 1566 812 1626 tribuisse
825 1566 921 1641 proba·
1012 1564 1081 1622 Cum
1097 1563 1150 1620 tibi
1165 1579 1292 1621 curarum
1304 1563 1424 1637 pondere
1439 1571 1534 1637 pectus
1548 1561 1621 1619 hiat.

835 1655 895 1732 [tur
914 1675 920 1714 z
977 1654 1026 1713 llis
1040 1655 1195 1712 naturalem
1209 1653 1310 1710 lrontis
1328 1654 1476 1727 vultusque
1492 1654 1616 1709 nitorem

161 1741 295 1820 Quodque
310 1753 361 1818 est,
377 1745 505 1820 quodque
519 1753 619 1820 potest,
627 1747 652 1804 is
666 1747 705 1804 ibi
720 1762 817 1821 nempe
834 1745 920 1804 dedit.
1012 1743 1174 1812 Accumula,
1186 1743 1313 1816 quotiens
1330 1742 1419 1800 laetlor
1433 1760 1491 1800 esse
1507 1743 1596 1800 voles.

125 1832 177 1895 llio
191 1845 390 1910 preceptorum
401 1840 467 1894 suut
480 1836 588 1895 ludicra
603 1837 718 1911 pulchra
730 1836 858 1895 duorum.
977 1837 1034 1893 lloc
1049 1834 1071 1892 si
1088 1834 1238 1908 tranquillo
1253 1851 1364 1892 sumens
1373 1834 1523 1907 dignabere
1536 1834 1633 1902 vultu,

160 1927 228 1996 Quis
241 1944 291 2001 ego
305 1928 469 2003 presulibus
482 1929 624 2003 ingenium
639 1929 724 1989 colui.
1007 1929 1072 1986 blox
1085 1941 1211 1985 comm...
1227 1944 1263 1985 an
1278 1927 1381 2000 gratius
1395 1927 1477 1985 ardor
1492 1926 1557 1984 erit.

125 2017 174 2074 llis
185 2017 287 2091 Lupus,
310 2018 354 2074 bis
365 2018 463 2075 llaimo
477 2018 608 2075 ludebant
622 2019 719 2076 ordine
733 2026 819 2091 grato,
977 2017 1041 2075 llaec
1055 2016 1159 2089 Lupus,
1174 2016 1233 2076 beo
1248 2017 1339 2074 nitido
1356 2016 1458 2089 passim
1472 2017 1605 2074 versabat
1619 2016 1651 2074 iu
1667 2032 1723 2087 ore,

160 2104 229 2163 Cum
249 2105 316 2181 quid
334 2106 485 2165 ludendum
500 2116 608 2181 tempus
621 2117 648 2166 et
658 2107 726 2166 hora
742 2108 832 2166 daret.
1013 2109 1199 2185 Compensans
1213 2110 1284 2186 aptis
1298 2110 1407 2184 singula
1421 2111 1609 2185 temporibus.

125 2196 261 2255 llumanis
270 2198 350 2268 alter,
363 2194 469 2256 divinis
483 2198 581 2258 calluit
594 2199 674 2269 alter,

123 2345 603 2364 Q

718 2470 893 2532 INCIPIUNT
912 2472 1179 2531 COLLECTANEA.

385 2593 439 2656 Eur
455 2587 543 2656 tibris
561 2583 680 2656 Valerii
693 2587 833 2657 Mummi
844 2586 1101 2656 memorabilium
1115 2588 1275 2656 dictorum
1292 2595 1321 2655 et
1339 2587 1520 2670 sactorum.

843 2749 1043 2772 ἱ·---“····“·--ιιι

161 2841 285 2922 Sulpicio
298 2848 434 2904 sacerdoti
449 2848 521 2905 inter
531 2847 741 2908 sacrificandum
753 2851 844 2925 lapsus
855 2863 924 2923 apex
939 2853 962 2912 B
981 2852 1054 2922 dam,
1070 2852 1144 2927 quod
1156 2852 1257 2910 libmm
1267 2860 1436 2910 secretorum
1446 2851 1579 2910 civilium
1589 2853 1705 2911 cuidam
1717 2852 1776 2912 ecri-

125 2937 261 3011 decapite
276 2935 461 2994 sacerdotium
477 2935 600 2995 abstulit.
620 2939 756 2994 Occentus
768 2938 865 2997 soricis
877 2952 922 2994 au·
978 2939 1098 2997 bendum
1113 2940 1234 3012 dederat,
1251 2942 1341 3000 culleo
1356 2940 1471 3000 insitum
1485 2941 1516 2999 in
1531 2957 1610 2998 mare
1623 2942 1777 3018 praecipiti-

125 3028 201 3086 ditus
215 3027 299 3084 Fabio
325 3027 362 3086 lt.
388 3026 562 3086 dictaturam.
583 3027 748 3102 Tarquinius
762 3046 812 3087 rex
831 3046 922 3104 quon·
979 3030 1033 3099 uit,
1049 3037 1102 3089 etc.

508 3330 681 3443 VITA
738 3331 997 3444 SANCTI
1060 3333 1389 3459 GERMANI

697 3520 856 3584 EPISCOPI
873 3524 1206 3586 ANTISSIODORENSIS

855 3653 1046 3719 AUCTORE

616 3816 889 3933 Humido
941 3820 1294 3940 nonnullo

126 4007 228 4064 datilo
242 4000 389 4062 Constantii
401 4013 411 4039 ¹
422 4001 507 4059 soluto
526 3999 562 4056 od
578 4000 688 4074 ligatum
707 4010 829 4060 revocato
838 4021 849 4070 ;
867 4021 899 4087 ee
917 4007 1092 4065 vetustissimo
1111 4026 1161 4071 ma.
1177 4010 1307 4083 bobiensi,
1323 4012 1420 4074 collato
1438 4030 1497 4072 cum
1511 4015 1681 4090 peractoque
1696 4014 1774 4074 otte

716 4075 884 4148 Lugdunmsa
897 4084 981 4136 etms.
1003 4080 1178 4151 lletsorta'ono.

690 4200 784 4274 (Apud
799 4199 937 4273 Bollaud.,
962 4204 1029 4262 Julii
1044 4214 1119 4265 tomo
1134 4205 1211 4280 vlt.)

846 4353 1054 4367 *m

542 4469 785 4546 *uersuum
812 4471 1033 4549 AUCTORIS
1063 4472 1366 4550 DEDICATORIA

664 4629 729 4687 nn
753 4630 977 4690 canonum
1008 4627 1240 4710 (eanvult),

459 4749 583 4811 nuonu
596 4749 701 4810 surm
715 4751 762 4808 nr
776 4750 1032 4812 nnnnlmnnn
1045 4753 1441 4815 rnmcnnnnnnssnmn.

843 4905 1054 4920 *-

162 5015 370 5082 immortalibus
396 5018 511 5094 sceptris
537 5017 742 5093 predestinato,
772 5032 921 5094 regumque
937 5020 1105 5092 dextimus,
1121 5020 1269 5080 instantem
1284 5038 1316 5081 ao
1329 5028 1489 5097 perpetuam
1503 5022 1535 5079 in
1548 5023 1678 5083 Domino
1692 5022 1775 5085 felici·

125 5115 253 5173 omnium
268 5109 521 5187 praecellentissimo
534 5107 657 5177 cenom,
672 5115 804 5182 perpetuo
816 5108 923 5166 trium·
976 5118 1071 5169 tatem.

125 5206 234 5278 phaturi
244 5221 276 5262 ac
300 5217 406 5276 semper
420 5208 545 5275 augusto,
574 5199 706 5268 lienium,
721 5198 922 5258 cenobitarum
1012 5201 1036 5259 l.
1053 5202 1165 5269 Quoties
1179 5202 1311 5261 memoria
1329 5202 1444 5276 replico,
1458 5201 1644 5263 altitudinem
1661 5214 1773 5264 vestrum

159 5332 311 5391 ¹Auctorls
329 5331 401 5391 Vitae
419 5327 548 5405 prosaice
564 5325 688 5401 eiusdem
714 5327 844 5384 Germani
858 5326 922 5384 An·
978 5323 1088 5396 lumper
1101 5324 1237 5396 epistolum
1255 5322 1336 5395 sacto.
1356 5325 1439 5381 Porro
1454 5323 1487 5381 de
1502 5323 1555 5383 beo
1571 5328 1694 5400 epistola
1708 5344 1773 5386 mn·

126 5402 339 5474 tissiodorensls,
355 5420 416 5479 qnae
435 5401 508 5477 apud
521 5397 706 5459 Bollandistas
718 5400 790 5461 Vitae
803 5400 922 5459 metrice
976 5396 1107 5478 sulendus
1123 5406 1163 5452 est
1175 5397 1325 5453 necessario
1350 5395 1575 5455 Commentarius
1590 5408 1689 5457 noster
1701 5415 1769 5475 pre·

125 5474 312 5547 praemitaitur,
327 5476 408 5534 Em,
976 5484 1038 5523 mus
1054 5468 1124 5541 (scil.
1149 5467 1302 5540 bolland),
1321 5466 1376 5538 Μ,
1392 5484 1408 5524 a
1422 5483 1501 5525 num.
1517 5469 1564 5527 39.
1589 5472 1692 5529 Exstat
1712 5485 1769 5528 vero

160 5546 218 5601 lln
234 5545 302 5627 llud.
318 5547 495 5620 lugdunensi
511 5548 535 5604 le
555 5547 651 5605 ebatur
662 5545 709 5603 hio
717 5543 829 5602 titulus:
849 5543 922 5600 Com·
976 5538 1079 5610 eadem,
1096 5539 1144 5596 sed
1155 5547 1290 5609 truncata,
1305 5538 1377 5612 apud
1397 5538 1561 5612 chesnium,
1582 5551 1652 5602 tom.
1664 5545 1699 5615 ll,
1713 5557 1768 5617 pag.

123 5616 254 5675 mulatio
267 5620 396 5689 sequentis
411 5621 498 5691 operis
515 5564 553 5676 od
565 5620 709 5693 gloriosam
729 5632 813 5689 regem
830 5615 921 5672 Koro·
975 5611 1039 5669 tto.
