3834 6136
543 150 864 211 Manrinetemun.
884 182 919 197 -
938 155 1034 211 MENS
1054 154 1135 214 DEC.
1216 230 1220 235 ι

1615 169 1666 229 itt

689 290 992 354 OBSERVATIONES.

94 409 146 468 tdt
168 416 210 467 est
225 412 314 468 tancti
339 412 443 469 Niceltii
463 427 512 483 per
532 413 690 469 nniversam
705 415 806 470 lisele*
823 417 846 475 Α
861 414 933 495 apud
948 429 998 470 nos
1015 432 1065 470 ins.
1082 423 1198 471 testetur
1219 409 1338 473 loannes
1360 412 1493 476 diaconus
1509 437 1536 476 ss
1550 416 1664 482 Metho-

102 488 163 539 tttm
180 483 350 539 orientalem
371 491 429 538 tum
445 484 661 554 occidentalem,
677 487 807 541 ‹levetis-

94 554 184 611 ttlttts
207 547 345 622 dilatatio,
370 555 469 611 erectis
488 556 588 627 passini
604 559 725 639 templis,
740 559 805 626 eris,

94 627 247 698 nullisque
261 625 488 697 singularissimas
501 629 688 684 venerationis
703 646 809 685 monu-

94 712 116 769 s,
141 708 260 772 querum
284 708 315 752 ea
338 696 513 769 potissimum
537 716 618 755 cauca
635 715 690 756 non
706 709 808 758 temere

94 769 136 827 tit
151 780 231 841 pesse
246 769 358 826 ridetur
371 770 445 852 quod
468 773 539 827 Deus
554 771 674 841 inuentis
686 774 807 828 sanctis*

94 833 319 913 illustrissimique
335 841 389 896 tiri
406 843 513 910 nierite,
527 843 685 899 incredibili
703 861 807 971 prope⁴

94 912 273 971 averterem
289 913 431 982 slssnorum
447 929 479 971 ac
495 914 689 970 miraculorum
706 932 752 970 mu
766 917 806 971 ti-

94 992 111 1054 t,
136 990 196 1040 toto
222 983 288 1039 erbe
307 984 445 1040 catholieo
464 985 553 1056 polani
571 986 659 1040 lacere
675 987 804 1055 voluerit,

100 1055 224 1123 ratione,
243 1056 267 1110 ei
293 1055 331 1110 ita
354 1057 429 1127 loqur
448 1056 500 1113 last
513 1066 564 1124 est,
579 1057 758 1130 antiquorum
771 1057 805 1114 de

94 1126 239 1199 niptorum
250 1126 392 1182 silentium
405 1127 675 1207 quodammodoconi
698 1145 802 1185 ansere.

94 1198 153 1255 leco
176 1199 249 1269 apud
271 1198 379 1254 Grecos
396 1207 432 1253 sit
449 1201 650 1270 tleeuiriutirrpus
692 1202 801 1268 icelcns,

94 1276 113 1337 t,
128 1277 161 1325 nt
175 1278 274 1325 caetera
290 1278 403 1336 taceam,
422 1271 617 1342 lipbemerides
632 1270 803 1328 Greco-llo-

94 1346 131 1397 tte
144 1348 251 1396 tomum
268 1342 279 1395 Ι
294 1341 367 1408 lluii,
384 1357 442 1413 pag.
470 1359 504 1397 ir
528 1350 554 1396 et
570 1360 647 1398 iiiiii.
671 1342 731 1399 Vita
744 1342 803 1414 ejus

103 1426 122 1468 a
147 1410 288 1467 Methodio
315 1411 470 1483 patriarcba
496 1412 802 1486 Constantinopolitano

115 1488 152 1539 n
175 1482 228 1537 lioc
253 1499 269 1537 a
291 1483 396 1538 loanne
423 1484 544 1540 lliaeono
574 1485 680 1552 listina,
699 1486 801 1541 seculo

94 1566 128 1609 ιι
139 1555 346 1624 excomposita,
363 1564 444 1627 atque
458 1555 525 1611 adeo
540 1556 606 1612 totis
621 1557 706 1612 ferme
721 1557 800 1629 quin·

94 1614 189 1681 loculis
212 1634 307 1681 sancto
335 1627 393 1697 ipso
422 1626 566 1698 posterior,
586 1623 725 1683 sufficiens
744 1644 799 1682 non

94 1700 127 1765 lt,
152 1692 184 1751 it
211 1696 283 1751 veris
309 1690 414 1754 Nicolal
442 1697 799 1770 cultoribusantiquiorum

94 1772 136 1822 ilii
163 1766 334 1824 desiderium
367 1769 488 1825 adimere
517 1771 615 1826 valeat.
646 1768 744 1826 Exstat
770 1772 840 1830 eal]

94 1837 279 1895 lombritinin
298 1851 372 1896 tomo
383 1843 418 1907 ll,
434 1859 448 1896 a
464 1858 524 1912 pag.
542 1842 603 1908 itit,
617 1841 665 1898 sed
680 1842 801 1897 auctoris

94 1908 163 1965 dene
177 1917 312 1978 truncata,
330 1912 441 1967 criticos
455 1913 580 1967 olleiidit.
605 1914 693 1967 Aliam
715 1913 802 1966 ador-

106 1979 304 2053 Hetapbrastes
327 1984 437 2037 aSiirio
459 1984 595 2054 vulgatam
617 1985 801 2055 omnibusque

94 2051 185 2120 imam,
201 2053 235 2108 de
249 2070 301 2135 qua
325 2055 441 2126 aliisquo
457 2055 611 2125 normantia,
637 2064 694 2110 tuin
708 2055 801 2110 liisto-

94 2138 128 2178 tui
145 2125 289 2190 encomiis,
310 2127 344 2181 ad
368 2127 510 2181 Nicolaum
527 2126 722 2197 spectantibus,
740 2139 800 2198 que

107 2202 135 2250 et
149 2194 247 2250 Latine
261 2197 333 2268 apud
350 2214 399 2252 nos
420 2206 493 2263 sunt,
511 2198 600 2252 insius
615 2199 643 2253 in
659 2199 736 2253 Actis
749 2213 800 2253 suo

94 2279 123 2321 re
145 2264 305 2341 disseretur.
333 2269 384 2323 llic
400 2268 479 2323 nobis
495 2270 632 2342 praecipue
646 2267 800 2325 notandum

94 2334 180 2407 plllres
197 2338 328 2466 anthrpos
344 2340 555 2411 martyrologos,
576 2349 607 2396 nt
620 2347 686 2396 sunt
698 2341 800 2396 Hiero-

94 2412 146 2463 uas
170 2405 253 2478 Beda,
294 2411 387 2477 lorus;
404 2411 433 2466 ln
448 2411 673 2468 Sacramentariis
686 2420 734 2467 aut
748 2413 799 2466 lla·

94 2478 133 2535 itt
148 2451 289 2548 bernonis,
308 2484 412 2537 nullam
433 2483 519 2538 sancti
536 2482 622 2539 nestri
639 2484 798 2539 memoriam

94 2548 125 2607 ti.
139 2548 313 2608 Crerllderlm
328 2561 395 2609 tunc
427 2555 529 2609 timum
552 2555 644 2611 Rome
665 2553 799 2610 celebrari

94 2628 124 2690 e,
138 2621 207 2679 dum
218 2622 302 2680 breve
316 2642 396 2680 suum
441 2627 640 2697 artyrelogium
650 2626 799 2682 concinna·

94 2699 151 2750 ctor
165 2695 281 2751 Romani
298 2698 386 2767 parvi,
402 2697 435 2751 de
449 2714 481 2752 eo
497 2697 537 2752 sic
549 2698 652 2767 primns
664 2698 796 2768 loquens:

94 2764 105 2820 i
150 2765 231 2837 iscopi
247 2769 384 2838 Myronem
400 2769 493 2838 Lprire.
512 2769 591 2824 llisce
612 2769 681 2823 nibil
698 2784 799 2838 super-

94 2836 115 2892 Α
135 2853 162 2905 ο,
180 2846 278 2919 praeter
293 2841 382 2894 solum
400 2840 544 2911 praelixam
566 2840 653 2895 sancti
673 2839 797 2907 titulum,

94 2907 798 2981 leconpiciasnnllamipsiadbuncdumtitaniinno·

94 3022 96 3030 .
126 2980 171 3034 An
213 2976 268 3037 uod
295 2981 352 3052 tius
374 2980 496 3063 ‘tempore
512 2983 588 3037 nulla
606 2984 636 3037 in
650 2974 798 3038 Occidente

94 3040 155 3105 ilt't
206 3066 364 3125 euaqnain,
383 3070 505 3124 opinor;
534 3070 595 3110 cum
619 3054 649 3108 in
673 3048 795 3119 baliano,

103 3068 327 3194 martyrodogium
342 3126 485 3197 antiquins
499 3133 550 3193 est,
564 3118 645 3207 longa
664 3122 833 3182 habeaturG
853 3129 941 3195 tprrtni
960 3122 1000 3178 eet
1018 3122 1095 3177 etium
1124 3120 1302 3191 consessorem
1330 3126 1485 3190 supputere.
1516 3122 1656 3179 Usnardns

94 3181 169 3247 iode
183 3190 359 3251 celeberrimo
375 3198 507 3253 miraculo
522 3196 678 3268 Nepotiani,
691 3190 751 3252 Ursi
768 3202 796 3251 et

94 3263 178 3331 aesia,
199 3267 390 3337 magistrorum
406 3268 537 3337 mili-um,
559 3285 607 3341 per
620 3268 726 3324 Nicolai
741 3268 796 3323 ad-

94 3322 201 3391 ducetis
224 3338 422 3409 apparitionem
452 3335 634 3396 Constantino
654 3338 796 3404 iactam,e

94 3413 271 3478 eereptorum
298 3410 370 3482 quod
386 3411 414 3466 iri
431 3421 507 3467 textu
521 3419 614 3468 nostro
627 3410 796 3466 succinctius

94 3474 152 3532 'stit
177 3469 251 3535 usia
286 3497 340 3548 ns;
368 3482 442 3538 unde
466 3481 576 3538 ridetur
603 3498 681 3552 posse
695 3479 795 3536 confici

94 3563 138 3605 aiii
155 3549 284 3606 miraculi
298 3548 440 3609 historiam
452 3563 478 3609 et
493 3548 634 3610 ltletbodio
649 3559 676 3608 et
690 3552 796 3607 loanne

94 3634 114 3676 o
134 3621 315 3679 vetustiorem
335 3641 402 3681 esse.
427 3622 463 3681 Et
486 3633 560 3683 certe
580 3626 609 3680 iii
634 3619 795 3697 praefatione

863 487 941 542 dium
955 487 1136 555 contraxisse,
1154 484 1295 544 decaetero
1307 489 1451 546 remittens
1464 490 1497 547 ad
1511 492 1664 554 Graecorum

860 559 1002 628 plecteretis
1030 567 1182 627 retrimenta,
1213 576 1273 632 quae
1296 560 1391 633 utique
1438 560 1496 618 rius
1527 563 1665 625 exstitisse

862 637 980 699 oportet,
997 637 1024 685 et
1039 631 1237 687 verosimiliter
1254 631 1335 688 etiam
1368 650 1398 688 er
1412 580 1591 692 (Vecidentem
1606 635 1665 695 vul-

862 701 1002 780 patalicet
1017 715 1049 756 ea
1065 702 1231 759 Viennensis
1246 718 1300 759 non
1316 651 1427 762 viderit.
1444 700 1558 762 interim
1584 707 1664 766 valde

858 771 954 852 Jejuno
976 779 1017 827 est
1031 772 1137 829 Nicolai
1158 772 1250 830 Vitae
1265 775 1443 832 Tilleuiontie
1463 772 1568 834 Gallice
1583 797 1664 836 com-

879 844 946 898 ilata
960 851 1027 899 tom.
1044 842 1091 913 Vl,
1111 861 1169 916 pap.
1188 846 1251 915 688,
1267 844 1346 917 cujus
1362 856 1427 902 nota
1443 848 1532 929 prima
1547 848 1664 922 pandit

860 859 1061 987 Vetapliresten
1075 917 1176 972 acriter
1192 918 1346 990 impugnat,
1367 927 1517 1001 statuitque
1530 918 1564 977 de
1573 920 1661 980 sancti

860 988 942 1056 gestis
969 986 1122 1043 nibilccrti
1149 1005 1298 1059 superesse.
1330 985 1411 1058 Nori,
1429 1007 1476 1063 qm
1502 986 1663 1064 bqjusmudi

859 1058 1029 1128 argumentis
1042 1058 1137 1130 pressi,
1155 1058 1299 1116 Nicolaum
1322 1062 1423 1118 seculo
1444 1079 1499 1118 uno
1514 1071 1563 1118 aut
1576 1064 1663 1121 altere

855 1126 996 1198 juniorem
1025 1147 1082 1185 rasse
1106 1131 1204 1198 relint,
1219 1141 1261 1187 aet
1283 1132 1314 1199 ii,
1332 1149 1392 1188 meo
1415 1131 1529 1221 quidem
1547 1134 1661 1205 udicio,

857 1199 924 1254 duni
940 1201 1062 1271 Scyllam
1080 1202 1200 1271 lugiunt,
1216 1200 1411 1258 difficultatum
1424 1152 1593 1276 bharybdini
1609 1204 1660 1263 mi-

858 1271 932 1325 nime
946 1270 1063 1327 evitant.
1080 1273 1211 1328 Nostrum
1238 1281 1290 1328 erit
1305 1274 1372 1329 alibi
1387 1275 1522 1346 dispicere
1536 1293 1571 1331 an
1594 1276 1661 1334 adeo

856 1344 1059 1398 contemnenda
1070 1344 1125 1398 sint
1137 1360 1196 1415 (quie
1207 1344 1311 1399 laudati
1322 1346 1469 1415 scriptores
1479 1363 1512 1401 ex
1523 1348 1579 1401 anti
1602 1349 1659 1403 uio-

856 1411 933 1467 ribus
949 1416 1042 1485 procul
1059 1414 1144 1468 dubio
1162 1417 1349 1471 monumentis
1363 1418 1544 1488 collegerunt,
1561 1364 1657 1474 saitem

855 1499 890 1537 eri
904 1484 944 1539 ita
958 1485 1083 1540 triturari
1096 1493 1232 1557 nequeant
1241 1493 1272 1541 ut
1282 1487 1420 1542 sincerum
1432 1504 1525 1543 semen
1542 1504 1558 1543 a
1574 1489 1660 1560 paleis

855 1563 1022 1611 secernatur.
1048 1554 1160 1612 Parcior
1183 1555 1258 1612 bisce
1281 1557 1318 1611 ali
1340 1562 1388 1613 uot
1406 1556 1504 1614 illelius
1522 1558 1660 1617 Wandal-

855 1616 959 1695 bertus,
980 1625 1064 1682 unico
1079 1629 1161 1682 etiam
1178 1626 1317 1684 versiculo
1357 1629 1476 1686 icolaum
1490 1628 1613 1688 cecinit:

934 1736 1046 1786 Oetaeas
1064 1734 1124 1784 ldus
1139 1734 1263 1785 Nicolaus
1277 1737 1506 1800 episcopusornat.

892 1843 1024 1912 Martyres
1035 1840 1161 1911 Africani
1171 1842 1255 1899 etiam
1265 1860 1280 1897 a
1291 1844 1414 1900 Romano
1429 1862 1513 1917 parvo
1536 1840 1657 1929 primuni

875 1913 949 1980 ositi,
965 1913 1006 1968 sic
1020 1913 1053 1967 ab
1065 1929 1098 1967 eo
1110 1921 1326 1969 enumerantur:
1341 1911 1373 1970 ln
1383 1911 1492 1985 Africa,
1512 1918 1657 1991 Dionpst're,

902 1984 968 2051 tium,
986 1984 1089 2038 heretis
1104 1991 1127 2037 el
1140 1986 1285 2039 AEirir'lt'nni
1301 1987 1431 2041 mederici
1453 1990 1580 2046 alioruin.
1597 1993 1658 2047 Non

856 2055 968 2109 videtur
981 2054 1041 2109 ndo
1055 2054 1160 2109 fontem
1182 2056 1363 2123 consuluisse,
1380 2057 1446 2112 duin
1471 2066 1498 2112 et
1518 2061 1578 2130 ipse
1591 2079 1658 2118 scri·

855 2126 910 2197 psit
926 2125 1029 2180 emetis
1040 2138 1089 2197 pro
1103 2126 1227 2193 benetie,
1242 2126 1349 2198 aliaque
1364 2141 1420 2183 non
1437 2137 1509 2185 reete
1521 2131 1659 2188 commis-

855 2197 924 2265 cuit,
941 2214 1001 2269 quae
1019 2198 1106 2251 multo
1121 2197 1282 2253 distinctius
1294 2206 1376 2269 atque
1386 2201 1560 2271 splendidius
1570 2205 1658 2275 expli·

855 2269 910 2324 cari
939 2272 1065 2340 poteraut
1081 2276 1108 2321 et
1132 2268 1277 2335 debebant,
1307 2276 1338 2322 ut
1362 2278 1436 2340 puta,
1462 2272 1484 2325 si
1510 2273 1659 2342 Majoricus

854 2340 1005 2394 adolescens
1018 2339 1235 2408 generosissimae
1252 2339 1331 2394 matri
1343 2340 1471 2395 Dioeirioe
1490 2360 1532 2398 cor
1547 2343 1657 2402 'unctus

855 2411 960 2478 luisset,
972 2410 1080 2480 aliaque
1091 2410 1172 2481 paulo
1183 2410 1378 2465 accuratiusex
1389 2411 1510 2468 Victoris
1547 2415 1655 2484 itensis,

854 2483 888 2537 de
917 2483 1106 2553 persecutione
1121 2482 1251 2536 Africana
1267 2480 1338 2536 libro
1365 2499 1393 2548 v,
1419 2482 1548 2553 deducta,
1566 2480 1608 2542 sic
1626 2495 1657 2542 ut

854 2562 915 2624 post
933 2560 1048 2608 matrem
1074 2559 1103 2608 et
1122 2550 1211 2607 filium
1229 2552 1326 2623 reliqui
1343 2552 1416 2608 veris
1432 2555 1594 2613 nominibus
1619 2572 1656 2614 ex

853 2624 951 2679 ordine
969 2633 1263 2680 commemorarentur.
1297 2622 1396 2680 Videat
1413 2625 1541 2680 curiosus
1568 2629 1657 2683 lector

854 2695 995 2752 Victorem
1008 2696 1097 2767 ipsum
1108 2712 1123 2750 a
1133 2695 1270 2766 principie
1282 2695 1360 2750 citati
1374 2694 1440 2749 libri
1455 2712 1482 2762 v,
1498 2695 1546 2750 ubi
1556 2692 1656 2767 enipius

854 2766 1015 2837 ingeminat,
1042 2768 1157 2821 bunione
1187 2782 1304 2819 sannone
1331 2766 1463 2835 explicari
1493 2783 1546 2820 noa
1568 2785 1655 2837 posse,

853 2838 960 2908 quentis
972 2839 1061 2909 piranis
1073 2837 1226 2893 catholicos
1235 2836 1362 2909 afflixerit
1375 2843 1490 2890 cruenta
1510 2837 1559 2891 ille
1574 2839 1655 2893 bestie

853 2909 1017 2976 Hunericus,
1052 2908 1242 2963 crudelissimis
1272 2907 1415 2961 tortoribus
1441 2924 1490 2977 per
1519 2909 1656 2964 uniuersos

855 2976 993 3107 apricante
1017 2985 1096 3033 terre
1137 2979 1268 3033 inermies
1296 2989 1348 3031 aiio
1374 2983 1489 3048 tenpore
1504 2978 1653 3049 densetis,

852 3066 867 3107 a
888 3066 920 3106 eo
935 3054 966 3106 ut
976 2996 1136 3122 imponitis}
1150 3048 1250 3105 tentet
1264 3056 1367 3104 asserat
1380 3048 1554 3119 quantitatem
1578 3063 1654 3107 nar·

851 3202 955 3262 noster,
971 3190 1147 3249 Adoiiianuni
1163 3191 1283 3262 elogium
1298 3186 1454 3260 decurtans,
1472 3186 1588 3247 benetie
1602 3204 1654 3249 no·

851 3280 915 3321 nien
930 3265 998 3319 bene
1011 3264 1150 3329 restituit,
1168 3263 1300 3334 potuisset
1313 3261 1398 3317 etiam
1413 3259 1511 3338 quttt
1520 3263 1654 3320 scriberet

850 3353 900 3409 pro
925 3336 1078 3391 AErtt'tieni.
1109 3335 1138 3388 lii
1157 3350 1189 3388 eo
1204 3340 1334 3406 preterea
1350 3333 1441 3388 Adoni
1465 3334 1653 3404 preferendus

850 3406 972 3474 ridetur,
988 3405 1061 3478 quod
1076 3412 1132 3460 tres
1154 3418 1308 3476 anonymos
1322 3403 1475 3476 reliquerit.
1501 3405 1564 3462 iles
1584 3407 1653 3461 aetla

850 3495 900 3559 pro
919 3484 998 3531 textu
1013 3483 1126 3541 nostro;
1142 3476 1249 3548 reliqua
1262 3475 1297 3530 ad
1313 3475 1438 3547 egregias
1453 3474 1650 3532 Africanorum

850 3546 964 3604 illorum
990 3544 1176 3603 confessiones
1197 3547 1363 3618 pertinentia
1389 3546 1457 3603 alibi
1479 3559 1517 3602 ex
1539 3543 1653 3604 landate

850 3618 963 3678 Victore
977 3614 1150 3691 dilligentius
1165 3616 1330 3674 illustranda
1341 3624 1417 3674 sunt.

728 3759 919 3824 lucrante.

94 3886 192 3940 metii.
220 3883 249 3939 in
277 3885 336 3941 toto
357 3892 438 3941 textu
454 3883 618 3959 purissimus
632 3897 684 3958 est,
698 3900 796 3945 verum

110 3943 179 4025 'quid
200 3945 248 4026 iiic
261 3956 294 4011 ad
310 3968 366 4011 rein
382 3958 465 4012 iaolat
481 3954 540 4013 brec
553 3957 660 4014 additio
678 3977 683 4017 :
707 3960 795 4016 ‹ltein

102 4024 191 4081 mileti
206 4017 313 4082 Nicolai
325 4027 539 4101 apcblepiscopi.
553 4055 562 4077 »

94 4103 187 4152 tanen.
203 4098 245 4153 sic
257 4105 363 4155 textum
376 4100 481 4157 mutat:
506 4098 629 4156 «Natalis
643 4100 797 4156 beatissimi

94 4156 240 4293 lpplsecpi
255 4164 392 4226 Minorem
402 4170 494 4227 Liuiae.
509 4166 532 4228 Α
553 4172 590 4228 ud
600 4171 798 4240 Africamaan·

94 4242 105 4290 t
145 4237 262 4305 ionisia,
274 4236 390 4311 itaritm,
404 4242 513 4299 Leontls
544 4244 675 4313 miliani,
691 4244 798 4300 Decimi

94 4306 162 4391 gissi
184 4312 237 4365 vin
261 4314 374 4369 nomine
401 4311 497 4383 reiut,
516 4286 666 4382 bonifacii,
680 4315 798 4381 aerem,

134 4387 162 4436 ct
176 4373 255 4438 Loris
270 4376 483 4441 adolescentis.»
505 4385 575 4442 Vide
598 4386 733 4455 Adonem,
754 4386 797 4442 rel

94 4519 105 4531 ,
143 4452 247 4509 ctorem
258 4455 347 4526 ipsum
364 4459 393 4511 in
408 4456 657 4513 Observatlonibns
670 4459 797 4526 citatum,

97 4526 163 4578 item
178 4523 340 4582 bodiemam
357 4528 503 4585 Castellaiii
520 4528 654 4584 notulam.

94 4590 465 4663 ttttte,blix.·Uirnaiser..
480 4600 602 4655 Lernan.
619 4600 754 4667 ,masne
772 4604 799 4656 et

94 4704 109 4731 .,
123 4666 190 4722 eatis
208 4670 271 4739 puri
288 4671 317 4724 in
340 4672 399 4727 toto
424 4670 511 4739 textu,
538 4672 572 4727 de
594 4670 708 4727 Nicolao
722 4668 799 4742 adji-

851 3886 940 3943 sancti
967 3883 1090 3952 Martini,
1120 3881 1264 3938 Turonies
1281 3878 1359 3937 urbis
1382 3880 1515 3954 episcopi.
1541 3880 1594 3962 Qui
1622 3882 1653 3938 in

852 3957 1028 4023 monasterio,
1040 3954 1115 4027 qued
1130 3954 1188 4026 ipse
1201 3953 1361 4021 aedificavit,
1377 3953 1407 4008 in
1423 3969 1488 4026 pecc
1512 3953 1651 4025 quiescit3

852 4029 885 4085 ad
899 4027 978 4100 cujus
987 4027 1127 4082 tumulum
1141 4025 1305 4080 creberrime
1319 4024 1457 4081 divinitus
1476 4023 1548 4079 liunt
1562 4025 1653 4080 mira-

852 4101 949 4157 cula.»
984 4100 1059 4153 llaec
1071 4097 1312 4152 annuntiationem
1343 4096 1377 4151 ad
1391 4112 1419 4152 se
1440 4102 1550 4152 nentem
1576 4096 1651 4153 diem

852 4168 1167 4226 meliusrlistulitset.ln
1177 4167 1232 4221 line
1241 4167 1387 4236 adjicitur:
1413 4186 1423 4214 ι
1455 4183 1537 4237 eme,
1562 4167 1652 4225 sancti

852 4239 1008 4308 Eutaciani,
1027 4260 1037 4284 ›
1059 4247 1109 4309 pto
1124 4238 1295 4307 Eatpeltient'.

888 4310 1069 4366 dinanensis.
1095 4308 1174 4380 plura
1194 4308 1229 4363 de
1242 4306 1354 4362 Nicolao
1378 4307 1462 4362 refert
1483 4324 1567 4389 quani
1584 4306 1654 4368 dcta

853 4383 911 4455 ipsa
924 4385 1151 4437 commemorent.
1176 4378 1329 4434 Secundam
1350 4379 1590 4435 annuntiationem
1604 4381 1653 4436 in·-

852 4461 879 4510 te
899 4468 956 4508 ram
970 4452 1055 4506 terme
1065 4449 1158 4517 tiabat,
1170 4450 1217 4505 scd
1226 4458 1332 4521 prosuo
1347 4448 1431 4504 libitu
1447 4451 1650 4521 transpositam.

916 4521 1346 4579 arnm.·Ciinrtis.·Uarniisor.:
1380 4521 1508 4577 ‹Nicolai
1529 4522 1652 4594 episcopi

850 4604 880 4652 et
892 4594 1069 4652 conlmsoris.
1084 4591 1234 4664 Dionysia,
1251 4591 1367 4661 listinae,
1389 4592 1522 4662 benene,
1537 4600 1565 4648 et
1583 4593 1651 4649 elio·

853 4679 914 4724 runi
929 4667 1112 4750 plurimorum
1129 4671 1294 4736 martyrum.
1314 4682 1324 4710 υ

94 4752 95 4759 “
118 4728 281 4796 ᾶῦοιιιιὶιιι
303 4751 395 4798 autem
409 4744 437 4798 in
453 4744 592 4799 senectute
607 4745 689 4812 bona,
705 4752 732 4800 et
746 4747 837 4816 apt)
887 4738 982 4796 Editio
1008 4734 1196 4794 busaeo-Cet.
1221 4735 1257 4792 de
1283 4735 1396 4792 Nicolao
1424 4732 1567 4819 adjungit:
1592 4737 1652 4792 elit

94 4812 160 4864 seat
174 4809 207 4864 ad
223 4818 384 4882 patressnos
393 4829 466 4871 anno
479 4815 591 4871 Domini
601 4816 796 4872 trecentesimo

94 4882 226 4951 nepesino
241 4888 371 4940 octavo..

94 4958 188 5008 amsii.
206 4953 233 5008 iti
255 4967 402 5027 augmento
416 4967 479 5015 cnm
503 4958 643 5033 prioribus
656 4959 796 5026 convenit,

94 5012 318 5082 ueteranorum
334 5029 377 5084 elo
398 5031 465 5086 ium.

94 5096 204 5153 teian:
243 5099 368 5156 ‹Natale
412 5102 465 5157 eati
492 5098 609 5167 Nicolai,
631 5095 797 5158 blirreorum

94 5156 363 5241 archiepiscopatui
378 5174 454 5229 lente
468 5173 591 5230 caritatis
605 5180 631 5228 et
641 5172 726 5228 totius
736 5173 798 5244 pie-

94 5230 183 5296 alen
207 5239 289 5312 Apud
313 5243 445 5312 Africam,
465 5254 621 5300 sanctarum
646 5244 797 5316 ltyonisiae,

94 5324 114 5377 t,
163 5311 238 5368 ontis
252 5320 279 5370 et
292 5313 424 5371 Eniiliani
438 5308 548 5385 medici,
564 5321 591 5371 et
606 5315 728 5388 religiosi
743 5316 798 5370 riri

95 5390 112 5437 'e
128 5380 225 5451 Tertii,
245 5392 272 5441 et
287 5378 603 5457 bonifacii,etServii,et
619 5382 760 5454 Victricis,
771 5396 798 5442 et

95 5442 377 5530 densissimeque
391 5475 488 5516 ornnes
497 5461 548 5515 sub
566 5459 727 5516 Wandalica
737 5472 797 5530 per·

94 5530 139 5583 ibt
153 5528 277 5583 coronati
291 5534 366 5586 sunt.
384 5558 393 5580 ι

94 5602 218 5654 maen.
233 5599 349 5670 primam
367 5605 433 5659 satis
449 5615 544 5675 puram
560 5600 652 5668 reiert,
664 5599 712 5656 sed
723 5607 797 5657 caret

94 5666 130 5739 la,
144 5666 181 5724 ad
195 5681 355 5743 sequentem
371 5675 444 5730 diem
462 5674 568 5746 rejecta.
592 5673 692 5728 Subdit
706 5689 772 5727 vero
789 5690 794 5727 :

94 5736 113 5798 d
135 5738 301 5809 saumones,
316 5743 389 5803 beati
403 5744 515 5802 blartiiii
531 5744 648 5814 abbatis,
668 5742 797 5817 discipuli

851 4826 934 4884 quain
954 4808 1081 4884 egregius
1095 4808 1142 4864 liic
1156 4816 1267 4864 sanctus
1290 4809 1364 4864 lnter
1384 4822 1466 4881 preci
1488 4825 1537 4865 uos
1551 4820 1651 4882 praesti·-

852 4883 892 4940 les
906 4899 987 4957 quani
1001 4881 1093 4939 clarus
1109 4879 1138 4935 in
1153 4880 1304 4948 miraculis,
1316 4894 1399 4954 qnam
1412 4825 1551 4952 predones
1567 4882 1594 4934 in
1603 4880 1652 4934 do·

850 4956 960 5024 ctrinis,
995 4966 1079 5029 quain
1107 4953 1270 5024 splendidus
1301 4953 1331 5008 iu
1361 4953 1505 5024 exemplis,
1536 4959 1565 5005 et
1589 4948 1650 5030 [ad]

852 5028 1037 5085 enarrandum
1065 5027 1160 5096 lingua
1175 5024 1296 5080 humana
1312 5025 1362 5079 trix
1375 5024 1486 5078 sufficit.
1512 5023 1651 5076 Dormire

850 5106 943 5156 autem
954 5099 984 5154 in
993 5102 1134 5155 senectute
1149 5096 1221 5152 bona
1234 5104 1264 5152 et
1284 5095 1426 5175 appositus
1436 5099 1479 5147 est
1501 5091 1536 5147 ad
1560 5099 1651 5163 patres

852 5186 916 5229 suos
928 5186 1001 5226 anno
1010 5169 1123 5225 Domini
1134 5168 1328 5224 trecentesimo
1340 5170 1651 5245 ιιιιιιιιιιιιιιιιιιιιιι(μοιρ-Ι

850 5254 897 5298 rc.
917 5262 926 5287 ι
949 5241 980 5297 ln
1002 5238 1360 5303 secundaannuntiatione,
1383 5234 1491 5314 postet
1515 5233 1651 5361 Berqeen

852 5328 910 5367 crim
935 5312 1000 5367 eliis
1015 5313 1110 5379 tribea,
1138 5311 1296 5366 adnectitur
1311 5313 1449 5387 corruptis
1474 5316 1583 5360 nomini
1604 5322 1646 5389 as,

860 5409 868 5431 ι
885 5383 1015 5440 videlicet
1028 5383 1131 5448 lerini,
1149 5379 1270 5437 Victoria
1293 5386 1320 5433 et
1335 5379 1446 5432 lleroici
1470 5376 1651 5434 adolescentis

852 5463 1016 5526 martyrum.
1032 5453 1086 5520 Qui
1102 5467 1199 5507 omnes
1211 5464 1261 5522 pro
1274 5448 1446 5505 contessiooe
1463 5447 1528 5504 lldei
1548 5450 1650 5505 estno-

851 5526 973 5583 licaesnb
1002 5522 1433 5594 nennenmiegoitreanoruni,
1446 5520 1650 5592 gravissimiset

852 5598 1005 5654 innumeris
1014 5593 1158 5667 suppliciis
1172 5593 1334 5661 excruciati,
1345 5591 1533 5648 confessorum
1543 5592 1649 5650 Cliristi

851 5686 967 5725 numero
981 5667 1079 5725 sociati
1094 5674 1191 5721 sunt.»
1213 5666 1243 5720 ln
1262 5664 1336 5720 line:
1359 5688 1369 5710 ι
1385 5664 1490 5719 beleni
1509 5664 1566 5733 die,
1581 5679 1649 5719 san—

851 5749 902 5799 cte
914 5736 1015 5798 Ocella
1027 5737 1093 5812 [pm
1107 5736 1219 5813 Asellis]
1233 5736 1360 5809 virginis.
1374 5758 1386 5785 ι
1409 5735 1616 5794 vicesimis.
