3834 6136
130 245 183 306 tte
792 243 944 303 USUABBI
961 243 1121 304 moerent
1735 246 1792 308 000

129 375 276 433 duceretur
290 375 325 432 ad
337 375 516 449 supplicium,
533 373 561 432 S.
582 374 680 433 Petrus
694 373 729 431 ad
747 388 808 432 eeui
823 373 931 431 clama-
944 375 970 434 A
984 370 1131 454 Gregorius
1149 369 1252 454 Tuscu.
1269 369 1491 451 archiepiscopus
1505 368 1665 457 descripsitt
1680 396 1691 421 .
1715 373 1791 434 ffli-

129 448 186 504 vit:
208 445 354 519 Ocoujux,
370 471 379 495 ›
403 456 430 504 et
444 454 542 504 caetera
556 452 691 519 utsupra.
983 445 1074 500 hones
1092 444 1154 500 aliar
1168 442 1325 516 Agricolam
1340 451 1367 500 et
1381 438 1504 525 vitalem
1512 448 1603 526 textui
1619 458 1714 516 primo
1728 439 1792 507 lece·

164 519 294 575 Monam:
314 521 399 575 «item
411 518 558 590 Bituriges,
573 517 708 590 depositio
718 517 803 573 sancti
819 516 931 574 Lusoris
985 516 1161 573 inseruntln
1171 513 1226 571 llue
1237 512 1419 582 deEmerico,
1431 521 1463 569 ut
1476 511 1787 583 diximusexGrntvinr.

129 591 208 663 pueri
224 600 251 648 et
262 591 438 658 confessoris,
450 590 498 663 qui
510 589 585 645 lilius
598 588 719 660 ejusdem
731 589 866 644 senatoris
878 588 931 644 ler-
984 587 1135 661 Sequitur:
1158 610 1168 633 i
1183 586 1215 642 lii
1230 584 1379 667 Dionauto,
1395 584 1484 668 sancti
1507 584 1545 642 Pe
1594 587 1648 657 tui,
1664 589 1789 671 episcopi

129 671 176 719 tur
189 663 219 719 in
233 661 304 718 albis
324 662 362 718 mi
396 678 464 718 asse.
490 660 629 733 Scriptum
645 661 674 716 iii
692 660 763 715 libro
779 660 931 717 miraculo·
984 667 1012 715 et
1023 659 1189 716 confessoris
1203 658 1325 739 ecclesias
1336 655 1525 739 Lecdiensiw
1545 602 1748 735 3}an
1758 672 1790 722 nt

129 751 191 789 rum
214 733 339 806 Gregorii
354 680 523 790 lssiiionensis
536 732 668 804 episcopi.
689 756 698 780 ι
717 732 756 787 De
770 730 892 787 Modesto
904 736 932 786 et
984 730 1102 813 codices.
1120 729 1453 812 ‹iuxtaAqnisgrauum
1469 728 1639 815 inUPoijceto,
1655 734 1791 793 trsrin'tris

128 806 266 870 Emerico,
282 814 312 861 nt
322 804 499 861 Gssvrrv.Be
509 805 638 874 Agricola
650 811 678 859 et
693 803 784 858 Vitale
794 802 929 859 utBnuiri.
984 812 1072 859 sancti
1097 802 1221 874 Gregorii
1244 801 1361 857 abbatis.
1385 800 1453 881 Item
1479 799 1624 875 Biturigis,
1649 803 1789 877 depiisltts

129 877 180 933 Sed
197 885 280 933 recte.
296 878 335 932 De
345 877 480 948 Perpetuo
490 875 670 946 etPcrpetua,
681 874 767 929 ferme
781 882 812 929 ut
822 873 930 932 codices
982 874 1070 931 sancti
1081 872 1308 945 Lusorispneri,·
1325 881 1390 954 etc,
1401 879 1433 927 ut
1444 887 1474 953 iu
1487 872 1584 954 priori.
1594 873 1679 955 Tune
1691 876 1786 935 dallo

129 965 221 1020 supra.
233 950 302 1003 Tum
313 950 388 1020 typis
400 947 554 1002 minoribns
564 946 597 1001 de
608 945 749 1017 Gregorio,
763 953 794 1000 ut
803 944 928 1002 Gneimir.
983 947 1068 1002 desta.
1085 945 1174 1002 ilinc:
1198 969 1207 991 ι
1225 944 1366 1008 Valanuii,
1380 942 1517 1026 depositio
1535 952 1624 1002 sancti
1640 948 1721 1004 Flori
1734 949 1788 1033 epi·

128 1020 217 1075 Dein:
246 1020 408 1090 ‹Depositio
418 1019 489 1075 beati
501 1019 575 1074 Plori
586 1017 709 1089 episcopi
719 1016 929 1086 etconlessoris,
983 1018 1060 1090 scopi
1087 1024 1115 1072 et
1143 1016 1319 1074 contessoris.
1345 1015 1433 1088 Cujus
1455 1026 1630 1089 episcopatus
1651 1018 1786 1093 deipstus

129 1090 208 1163 cujus
222 1090 395 1162 episcopatus
415 1091 448 1146 de
468 1106 518 1146 suo
540 1089 652 1145 nomine
668 1105 743 1145 nuuc
766 1090 928 1162 appellatur.
984 1089 1097 1146 uouiiue
1111 1104 1187 1145 nnnc
1199 1089 1363 1159 appellatur.
1376 1088 1427 1145 Die
1454 1094 1544 1155 uaria,
1555 1090 1646 1147 mucii
1657 1093 1788 1164 martyris

128 1163 197 1218 Item
211 1162 556 1231 Turonis,sauctorumsc
578 1169 630 1216 tciri
648 1161 931 1227 Dormientiumllle·
983 1159 1116 1217 Nicandri
1130 1159 1221 1242 episco
1243 1160 1426 1217 illireorum.
1468 1160 1786 1234 teneiipatrietosn-

129 1234 240 1300 rneutis,
257 1232 357 1301 Primi,
375 1233 456 1301 Cieti,
473 1178 621 1300 Theodori,
634 1231 794 1295 Gaudentis,
808 1230 931 1313 Quiriaci
985 1232 1052 1288 nicii
1063 1247 1165 1302 magni.
1182 1257 1191 1312 ξ
1213 1176 1301 1302 liujus
1314 1231 1487 1290 celeberrimi
1498 1233 1786 1318 seuctiegregiaActe

129 1311 156 1360 ot
169 1305 335 1373 iunocentii,
351 1321 386 1360 ex
400 1304 508 1361 duobus
523 1303 657 1360 fratribus
670 1304 744 1360 beati
758 1304 870 1360 Martini
884 1320 930 1360 ue·
986 1303 1078 1359 Graeco
1091 1310 1119 1358 et
1133 1303 1229 1358 Latine
1243 1318 1293 1358 suo
1306 1311 1439 1378 tempora,
1450 1310 1482 1361 ut
1491 1303 1601 1376 pridem
1611 1306 1734 1377 polliciti
1742 1324 1784 1366 su·

129 1383 237 1447 potum,
255 1392 373 1450 quorum
395 1377 524 1434 vitamet
543 1377 781 1434 conversationem
795 1375 931 1434 celebrem
985 1391 1058 1442 mus,
1072 1373 1221 1431 dabuntur.

128 1545 224 1604 Nonis.
1690 1546 1748 1603 bie.
1756 1548 1780 1607 t.

163 1637 302 1694 Zachariae
317 1621 467 1708 prophete,
484 1636 571 1707 patris
586 1634 700 1691 loannis
713 1634 855 1708 Baptistae.
869 1635 901 1692 lu
915 1631 1062 1691 Terracina
1081 1633 1196 1690 civitate
1213 1630 1381 1704 Campauiae,
1396 1631 1496 1689 natalis
1511 1639 1675 1691 sauctorum
1688 1635 1783 1695 Felicis

128 1727 273 1798 presbiteri
288 1736 314 1783 et
329 1724 442 1782 Eusebii
458 1726 599 1794 monachi,
614 1732 738 1797 tempore
750 1724 860 1783 Claudii
874 1722 1061 1796 imperatoris,
1072 1724 1119 1797 qui
1135 1721 1274 1780 Eusebius
1286 1737 1351 1781 cuin
1363 1721 1506 1797 sepelisset
1514 1730 1628 1782 muetos
1640 1732 1780 1799 martyres,

128 1818 270 1873 lulianum
285 1823 312 1873 et
325 1815 484 1882 caesarium,
500 1822 527 1871 et
541 1823 714 1871 converteret
733 1816 836 1870 multos
849 1812 883 1870 ad
899 1811 992 1882 iidem,
1009 1829 1077 1886 qnos
1092 1812 1171 1869 Felix
1185 1812 1324 1885 presbiter
1345 1811 1513 1886 baptizabat,
1528 1813 1603 1871 tenti
1622 1821 1690 1872 sunt
1706 1814 1779 1872 aribo

129 1911 157 1960 ct
170 1905 205 1961 ad
217 1905 306 1960 lorum
320 1903 425 1976 judicis
439 1903 528 1972 ducti,
542 1919 593 1959 nec
607 1903 729 1976 superati
741 1921 748 1970 ;
770 1902 835 1959 iude
849 1919 958 1960 carcere
972 1903 1084 1970 reclusi,
1100 1909 1128 1958 et
1146 1911 1229 1961 nocte
1244 1901 1340 1959 eadem
1355 1917 1419 1960 cum
1432 1900 1589 1960 sacrificare
1603 1903 1724 1972 nohent,
1734 1905 1779 1962 de·

129 1993 222 2048 collati
237 2000 312 2051 suut.
328 1992 360 2047 lii
374 1991 516 2050 territorio
528 1991 734 2063 Aurelianensi‚
749 1993 839 2050 sancti
853 1993 922 2049 Laeti
939 1992 1097 2065 presbiteri.

896 2116 1014 2173 NOTAE.

163 2218 259 2273 Plures
272 2216 326 2273 hoc
339 2216 384 2271 die
402 2216 464 2288 puri
485 2222 561 2280 sunt,
587 2215 709 2284 Proteia,
734 2216 1049 2284 Herieieii.,l'crrteceo.,
1078 2214 1307 2287 statuere-liei,
1336 2216 1486 2289 Recipe..
1509 2216 1664 2290 floreret,
1687 2204 1787 2288 Belia,

129 2310 240 2365 Grecee.
256 2314 283 2362 ct
298 2307 401 2362 Molee.
417 2318 428 2331 ⁴

738 2419 940 2477 VARlANTES
958 2417 1164 2477 LECTlONES.

163 2520 258 2593 Aliqui
274 2519 384 2575 codices
398 2519 470 2573 iuter
488 2516 575 2588 petris
588 2525 616 2573 et
629 2517 743 2573 Joeiiiris
757 2526 865 2590 ponunt
878 2519 933 2576 de·
945 2520 968 2581 Β
982 2535 1033 2648 Ero
1042 2523 1221 2584 emmeram
1233 2518 1393 2591 homeyo,
1405 2520 1615 2600 baptiseoitpro
1624 2522 1775 2596 beptiaebm

128 2593 217 2647 bitum
230 2590 315 2646 saneti
329 2590 373 2645 vel
389 2588 456 2645 beati
470 2589 595 2656 titulum,
611 2606 661 2661 ego
676 2589 741 2645 illos
755 2591 864 2662 pretuli
879 2591 926 2664 qui
1007 2607 1088 2647 ursus
1103 2590 1193 2647 Belin.
1204 2590 1265 2645 iride
1275 2592 1396 2647 mutavit
1404 2607 1433 2647 in
1447 2592 1552 2661 deinde,
1566 2599 1596 2649 et
1605 2610 1708 2652 nomen
1721 2596 1777 2653 tet·

128 2663 254 2733 proxime
265 2660 299 2716 ed
309 2662 463 2717 Romanum
477 2677 593 2732 parvum
607 2668 634 2717 et
644 2661 770 2718 Adonem
781 2662 926 2719 accedunt.
982 2663 1011 2717 iii
1027 2662 1121 2718 beviti.
1137 2661 1218 2719 Solus
1233 2663 1370 2720 Munerat.
1386 2670 1448 2735 post
1454 2665 1606 2738 peregere·
1619 2665 1722 2740 adjecit
1730 2667 1778 2724 cciii

130 2733 247 2789 Treciae
261 2739 288 2786 ct
304 2733 454 2788 Caesareum
471 2748 577 2789 errores
589 2741 655 2789 snut
668 2734 698 2789 iii
711 2733 927 2806 Antuerp.·blaj.
981 2734 1101 2804 sessoris.

127 2803 169 2861 uti
182 2812 210 2860 et
219 2804 341 2860 cesarem
351 2803 381 2861 in
391 2804 545 2862 blunerato.
557 2805 647 2862 belin.
659 2804 743 2863 habet
752 2813 930 2862 converterent

801 2929 1103 2990 OBSERVATIONES.

160 3031 225 3087 Haec
238 3028 329 3102 prima
337 3027 391 3086 hoc
405 3027 450 3085 die
464 3027 582 3085 Romani
592 3030 671 3101 parvi
683 3028 860 3085 annuntiatio
874 3036 927 3096 est,
980 3031 1111 3086 Eusebius
1124 3046 1159 3086 ex
1173 3031 1251 3088 Actis
1261 3031 1478 3100 senctiCaesarii,
1492 3033 1593 3108 dequo
1604 3033 1777 3095 iNorembris

124 3112 152 3161 et
167 3103 288 3176 primum
304 3101 411 3173 abipso
427 3099 534 3172 signata
550 3118 556 3156 :
573 3100 713 3156 Zachariae
725 3103 868 3172 prophete,
879 3118 927 3172 pe·
980 3103 1096 3172 egimus,
1112 3119 1128 3158 a
1142 3103 1215 3159 Beda
1231 3103 1351 3175 primum
1367 3105 1472 3172 accepti
1485 3112 1514 3162 et
1527 3105 1557 3162 iii
1572 3122 1668 3165 sacram
1681 3109 1776 3166 tabulis

126 3177 175 3231 tris
201 3173 313 3231 Joeiiriis
341 3173 479 3244 Baptiatoe.
504 3171 607 3227 Eadem
625 3173 731 3230 Adonis
754 3172 838 3229 verba
850 3181 925 3241 sunt,
980 3174 1059 3228 rotati
1073 3181 1149 3240 sunt,
1161 3175 1235 3230 unde
1246 3182 1335 3231 totum
1348 3176 1468 3245 elogium
1482 3192 1564 3234 snum
1576 3176 1704 3240 Adonem
1716 3190 1775 3237 trau·

124 3248 219 3304 eadem
234 3244 362 3307 Usuerdi,
378 3253 409 3300 ut
423 3261 458 3300 ex
472 3251 551 3299 textu
562 3252 657 3300 nostro
673 3252 745 3316 patet
756 3263 763 3311 ;
776 3260 827 3300 uec
840 3246 870 3300 iii
881 3260 926 3299 ve·
980 3245 1129 3316 sumpsisse
1138 3245 1316 3302 manifestum
1323 3255 1377 3303 est:
1387 3247 1485 3305 Noster
1491 3257 1602 3307 textum
1610 3267 1646 3309 ex
1654 3253 1776 3309 alterutro

124 3316 686 3389 tustioribusKalendariisautblartyrolo
705 3316 740 3373 iis
750 3316 924 3389 Hieronymi,
981 3332 1035 3371 uon
1050 3316 1223 3388 ineleganter
1236 3319 1387 3374 contraxit.
1401 3319 1530 3376 Babanus
1543 3321 1649 3379 Bedam
1664 3323 1700 3380 de
1712 3340 1776 3380 more

124 3392 215 3459 Beda,
232 3389 317 3457 Flori,
331 3388 435 3445 Babaui
452 3388 508 3444 ulla
533 3387 617 3460 hujus
636 3334 774 3447 Zacffiariae
793 3388 927 3444 memoria
980 3397 1090 3445 secutus
1104 3394 1155 3443 est.
1179 3390 1211 3444 ln
1235 3389 1358 3470 ¹llomauo
1380 3405 1465 3461 parvo
1485 3392 1537 3447 sim
1560 3392 1655 3451 liciter
1667 3395 1774 3468 legitur:

125 3479 153 3519 re
173 3462 279 3517 eritur:
297 3461 370 3516 unde
385 3460 432 3516 hic
441 3476 538 3515 rursus
552 3460 632 3517 facile
647 3461 779 3519 cou'icias
793 3459 866 3517 diem
876 3476 926 3532 pro
984 3460 1143 3526 Terracina,
1158 3459 1253 3515 Pelices
1264 3462 1412 3532 preshyteri
1430 3469 1454 3518 et
1467 3464 1525 3519 Eos
1556 3464 1579 3519 ii
1601 3469 1732 3524 moenam.
1744 3468 1775 3523 ue

124 3479 240 3590 arssitrio
253 3531 385 3587 selectum
400 3547 469 3587 esse.
482 3532 525 3586 Au
536 3531 570 3586 ab
580 3541 692 3589 anctore
710 3531 816 3590 tomani
833 3531 926 3603 parvi?
980 3531 1091 3588 Caesarii
1104 3530 1181 3589 Actis
1191 3531 1297 3588 dictum
1308 3541 1350 3590 est
1360 3533 1444 3590 citata
1454 3535 1543 3608 prima
1553 3534 1774 3604 dieNovembrir,

124 3606 165 3659 lta
177 3601 305 3674 equidem
316 3601 458 3667 existimo,
471 3617 534 3656 cuin
547 3600 575 3655 id
588 3605 688 3672 passim
699 3606 790 3676 ipsum
801 3603 927 3658 iactitare
982 3620 1033 3660 nec
1047 3612 1088 3661 est
1102 3601 1176 3675 quod
1189 3603 1235 3660 hic
1250 3604 1443 3676 superaddam,
1454 3605 1543 3664 douec
1557 3607 1566 3663 i
1603 3610 1776 3668 acccuratixs

125 3673 249 3738 solitum,
263 3670 320 3741 jain
337 3670 418 3725 toties
428 3671 628 3727 monuerimus.
645 3674 698 3729 Sed
711 3674 784 3728 uude
797 3673 925 3728 Wandal·
980 3675 1359 3801 gossiutrecenserletlorte
1370 3692 1456 3750 propu
1495 3680 1563 3736 aria
1585 3689 1775 3739 versnsuotsii

125 3743 203 3798 berto
230 3741 290 3796 dies
316 3740 367 3794 iste
398 3757 451 3810 pre
467 3741 531 3796 aliis
551 3741 684 3812 innotuit,
701 3743 924 3814 quandoquidem
1003 3745 1153 3802 illemontii
1178 3751 1253 3803 tomo
1276 3764 1297 3803 ii
1320 3762 1337 3803 a
1361 3763 1422 3822 pag.
1471 3749 1514 3807 tt.
1533 3752 1629 3824 Atque
1648 3753 1696 3810 hic
1713 3751 1776 3810 sistit

124 3811 192 3868 alibi
207 3810 337 3877 dixerim,
354 3811 513 3866 verosimile
540 3827 595 3866 non
610 3829 668 3869 essa
689 3813 763 3887 qnod
788 3815 926 3870 Wandal-
979 3817 1775 3902 ViennensisMartyregiaphus,nlsiqnisauuentistioneui

124 3884 220 3940 bertus
233 3883 388 3962 Bouianum
402 3896 517 3962 parvum
530 3881 648 3963 viderit?
664 3885 710 3941 Sic
724 3892 797 3940 certe
807 3884 867 3941 Ado
878 3887 925 3941 lo-
940 3892 961 3951 c
978 3887 1157 3960 alloswcydo
1171 3892 1200 3944 iii
1216 3891 1393 3962 appendicem
1409 3892 1549 3967 rejectam,
1564 3896 1662 3968 cepoe
1669 3897 1775 3961 edice,

144 3955 231 4021 nitur,
241 3969 272 4009 ac
285 3969 308 4006 si
319 3951 478 4009 thesaurum
494 3968 524 4007 iu
539 3954 618 4008 ltalia
632 3956 764 4012 refossum
779 3956 923 4026 primusiu
977 3967 1130 4016 senatorii-ui
1143 3962 1235 4017 Euros
1257 3969 1281 4016 et
1296 3963 1394 4029 Quarti
1416 3971 1440 4019 et
1453 3967 1541 4022 Perdi
1563 3975 1726 4040 martyrarii,
1739 3967 1775 4022 illi

125 3972 228 4151 alchim
237 4024 406 4148 deportasset
418 4042 424 4090 ;
435 4022 576 4079 latendum
587 4033 678 4082 tanim
691 4027 818 4083 notitiam
827 4029 923 4084 saltem
978 4030 1153 4088 tribuendam
1169 4032 1319 4090 contendet
1331 4034 1365 4091 de
1383 4050 1437 4108 qna
1450 4037 1540 4094 videri
1558 4048 1653 4122 potest
1665 4041 1776 4097 momn-

124 4111 256 4168 aiqnein,

124 4181 301 4240 pregrcssam
322 4164 417 4232 luisse,
442 4182 506 4222 nain
528 4168 596 4225 adeo
617 4178 711 4242 aperta
734 4171 763 4226 iu
784 4186 840 4226 uoii
861 4172 925 4228 uriis
978 4182 1098 4231 tremum
1113 4174 1305 4232 Wandalberti
1320 4178 1488 4236 versiculum
1503 4181 1645 4254 subjicio:

124 4238 925 4441 ξὲῗὴιῖἓὲθίἶῖιΐιιιιὲι0ὴέἓηὶἑὲιίέὲἰῇἓοῃᾱξθοῑέὲῑᾷῂξέὲζ
1009 4279 1115 4343 fletque
1127 4292 1202 4330 sacer
1211 4280 1283 4332 Felix
1294 4284 1487 4348 monachusque
1500 4285 1635 4356 Eusebius
1645 4299 1748 4357 augent

124 4380 318 4463 celebrandum
339 4381 480 4439 invenerit
521 4385 696 4458 artyrologus
720 4386 861 4456 metricus,
885 4386 925 4443 sic
1015 4391 1101 4446 Butes
1127 4407 1191 4447 vere
1219 4400 1246 4448 et
1272 4392 1383 4463 proprie
1399 4394 1636 4466 Usuerdinns,est
1646 4401 1778 4483 preatplrr

124 4469 215 4525 ipsum
228 4461 322 4510 cauit:
978 4461 1079 4529 dictus,
1094 4463 1204 4520 tametsi
1227 4461 1285 4518 vita
1312 4478 1348 4518 ex
1373 4465 1545 4525 Bibliotheca
1575 4469 1777 4530 Flosiseeusia

186 4532 503 4605 NoiiisZachariasvates
519 4538 659 4601 templique
676 4536 796 4588 sacerdos
978 4534 1058 4592 Surio
1085 4541 1112 4592 et
1136 4532 1253 4592 Gonouo
1279 4533 1353 4592 edita
1376 4538 1483 4594 ieet'lem
1494 4539 1633 4598 dunum
1651 4543 1776 4617 appellet.

187 4594 300 4667 ernet,
318 4595 424 4668 oblitum
442 4597 495 4669 nati
510 4599 554 4660 qui
572 4613 677 4650 inuuere
692 4615 779 4676 vocem
978 4608 1048 4663 Sunt
1076 4605 1104 4660 ui
1119 4606 1148 4662 iii
1162 4605 1293 4678 praedicta
1305 4605 1364 4663 vita
1377 4623 1433 4666 nou
1447 4627 1533 4683 pauca
1543 4612 1684 4696 carpenda
1697 4614 1777 4670 offen·

186 4655 262 4706 Vutis
277 4666 302 4704 et
316 4657 399 4707 officio
415 4671 527 4720 priscum
542 4660 574 4709 de
591 4674 661 4710 more
677 4672 782 4725 recepit.
977 4678 1053 4735 dam,
1094 4685 1167 4734 xstag
1187 4678 1217 4732 in
1236 4676 1331 4734 Museo
1344 4688 1440 4738 nostro
1463 4683 1578 4741 mmm
1595 4700 1732 4758 mm
1754 4692 1777 4742 Β(

161 4737 285 4818 Certiora
300 4737 334 4793 dc
348 4736 402 4794 hoc
424 4747 520 4796 sancto
538 4740 674 4812 Propheta
695 4753 874 4803 monumenta
887 4763 922 4804 ex
978 4748 1162 4819 manuscripta
1188 4764 1219 4807 ec
1254 4755 1366 4807 reterea
1381 4753 1434 4809 viri
1454 4755 1557 4813 eruditi
1572 4754 1777 4814 observatioad

124 4809 276 4890 Evangelio
294 4807 463 4892 desumenda
486 4818 552 4866 suut
564 4829 571 4877 ;
585 4820 773 4894 ¹controversa
788 4819 923 4899 nonnulla
977 4836 1047 4888 eain,
1078 4835 1138 4893 quai
1158 4765 1318 4897 Garoffipoli
1341 4823 1453 4896 vulgata
1472 4832 1513 4885 est
1537 4820 1620 4897 mii,
1643 4841 1728 4902 mam
1743 4829 1778 4884 sit

124 4879 256 4953 expendit
269 4879 405 4937 Baronins
432 4897 461 4939 in
489 4880 645 4938 Annalibus
672 4900 704 4940 ac
728 4896 921 4946 innotatione
974 4907 1073 4962 puram
1099 4892 1282 4949 verbositatem
1314 4901 1462 4959 ostentare,
1483 4897 1518 4954 lis
1532 4899 1778 4973 exceptisqude

124 4952 274 5019 hodierua;
288 4959 370 5024 atque
390 4951 456 5008 item
471 4951 667 5011 'tillemontius
689 4961 764 5011 tomo
788 4957 811 5026 l,
826 4976 842 5016 e
859 4976 919 5088 flag.
976 4962 1101 5036 reliquiis
1119 4963 1186 5020 satis
1208 4964 1367 5024 authentice
1385 4967 1553 5031 referuntur.
1575 4966 1711 5030 Nostrum
1725 4984 1777 5028 non

124 5024 186 5094 ret,
200 5023 234 5081 de
249 5022 350 5096 quibus
364 5030 405 5079 uti
422 5031 450 5080 et
470 5022 504 5080 de
516 5023 719 5105 ‚conjunctione
733 5027 856 5088 Elisabet
891 5049 921 5089 in
976 5041 1127 5091 esttemere
1176 5035 1342 5109 idquament
1371 5040 1776 5107 remensemhisestsasire

124 5096 247 5153 Bouiano
271 5095 354 5166 lacta,
377 5095 445 5157 alibi
468 5093 558 5153 tuens
578 5095 754 5157 dissemmes.
788 5101 866 5159 Patiar
894 5112 921 5161 et
975 5105 1130 5163 Usuardum
1161 5054 1481 5182 smusqeodiicsetls.

828 5227 1019 5288 AUCTABIA.

158 5320 323 5401 Porsiere,
339 5321 370 5405 in
388 5322 477 5394 prima
490 5321 557 5405 satis
598 5340 674 5395 urus,
689 5324 838 5384 secundam
855 5336 959 5402 pro-[t
1008 5328 1240 5391 Amnum-liar.
1258 5332 1329 5392 male
1346 5333 1458 5407 scrlliat,
1476 5356 1486 5384 ι
1501 5334 1531 5392 in
1546 5336 1695 5399 territorio
1709 5340 1777 5399 liii-

123 5388 199 5447 ducrt
211 5409 297 5466 usque
310 5394 345 5450 ad
360 5401 552 5466 imperatoris;
568 5339 667 5479 AEesnut
680 5397 798 5480 reliqua.
972 5402 1059 5471 gensi,
1075 5428 1084 5452 ι
1106 5401 1153 5460 sad
1171 5418 1267 5460 omnes
1283 5403 1439 5478 adjiciunt:
1467 5430 1479 5457 ι
1498 5406 1587 5483 Cujus
1611 5412 1672 5472 vita
1685 5413 1777 5470 virtu·

158 5460 298 5521 Aurunni.
316 5473 343 5521 et
359 5467 552 5525 Barbanna.
565 5476 654 5525 textui
668 5486 737 5542 puro
750 5486 781 5526 in
800 5469 855 5526 fine
868 5488 920 5528 su·
974 5473 1049 5530 tibus
1063 5473 1143 5546 plena
1156 5473 1276 5536 refulsit.
1296 5499 1306 5525 s

124 5530 294 5616 peraddnnt:
325 5537 385 5594 «ln
399 5539 604 5598 territoriobiu
624 5542 731 5609 oucnsi,
753 5543 918 5600 monasterio
1007 5546 1131 5603 Messe.
1147 5554 1174 5603 et
1192 5547 1291 5606 Durare.
1307 5556 1405 5621 preter
1419 5546 1585 5611 Malachiam
1640 5555 1775 5632 'unguut:

123 5600 292 5673 Clarevallis,
317 5607 452 5666 festivitas
475 5612 566 5669 musti
614 5611 728 5670 elechiae
746 5613 866 5687 episcopi
891 5622 919 5672 et
977 5616 1124 5686 «Treveris,
1140 5617 1227 5675 saucii
1242 5618 1397 5678 Abruncnli
1408 5622 1530 5697 episcopi
1540 5633 1612 5684 etco
1646 5629 1771 5688 essoris.»

123 5672 298 5729 confessoris.
318 5701 327 5725 ι
971 5688 1010 5742 lta
1025 5688 1136 5759 quidem
1156 5687 1254 5750 scribit
1271 5692 1395 5755 uscue.
1411 5693 1459 5755 sed
1472 5695 1544 5755 alter
1567 5699 1672 5759 melius
1696 5700 1777 5759 habet

156 5744 914 5822 ANPUBltr.·MAx.,UbrltAtmc'l¹.‚Llllbltrt.eiL0vANlltlt.
968 5759 1071 5817 Bibitii.

119 5811 195 5872 idem
218 5813 321 5874 babent
351 5819 424 5890 quod
455 5822 511 5879 duo
537 5824 808 5898 praecucurrerint
840 5826 915 5901 quod
1003 5828 1161 5890 Grumenti.
1186 5832 1217 5890 iu
1234 5834 1324 5907 prima
1348 5852 1434 5911 purus
1454 5838 1778 5917 acsemminster

282 4101 341 4149 orte
351 4109 386 4148 eii
399 4095 458 4166 ipsa
467 4093 535 4150 urbe
544 4097 639 4166 Borua,
651 4099 685 4155 ad
695 4099 924 4156 Wandalbertuirr
978 4103 1041 4158 tiuii
1058 4103 1164 4159 notatio
1180 4104 1280 4159 ultima
1295 4104 1330 4159 ad
1344 4103 1417 4162 hauc
1429 4107 1513 4164 diem.
1530 4110 1583 4168 llic
1595 4112 1709 4169 interim
1723 4124 1776 4184 potr
