3834 6136
60 162 112 227 tua

731 167 887 232 USUARDI
905 168 1077 234 mouscin.

1673 185 1724 246 itt

59 295 144 353 leiiiirs
160 293 196 352 ad
209 312 219 352 i
233 294 313 352 tulii.
330 295 402 353 Pure
417 295 502 369 igitur
516 255 671 355 Uinardina
683 308 749 356 snut
764 316 825 374 qna
841 301 871 357 in
885 307 911 366 Α
926 301 1057 384 sobenius
1072 304 1184 361 tomoll
1206 302 1294 374 lunii,
1309 322 1324 362 a
1338 322 1400 432 pag.
1415 306 1460 366 bl.
1471 311 1511 366 De
1527 311 1657 371 biedardo
1669 312 1724 373 ms'

920 391 1008 446 Jorem
1037 383 1141 501 plattein
1164 375 1317 433 elaboravit
1361 378 1553 450 apebrocbins,
1569 385 1722 457 productis,

58 376 136 426 textu
151 375 314 440 sequuntur
330 369 434 425 omnia.
451 368 640 426 bledardinnm
651 371 726 427 Nlori
736 372 868 445 elogium,

58 440 90 496 de
108 440 235 495 columba
259 455 294 494 ea
317 458 364 495 ore
386 441 521 495 morientis
541 443 699 512 proliciente
727 444 870 515 adoptavit

59 527 153 568 nemo.
171 510 303 568 Rabanns
318 511 396 567 aliud
414 512 524 582 cecinit,
543 513 695 569 aNotliero
714 517 795 586 paulo
815 532 869 570 au-

59 583 131 640 ctius
147 581 302 639 redditum.
318 582 416 638 Noster
437 600 516 639 suum
539 585 651 656 proprio
672 595 758 642 marte
772 587 869 643 elabo-

60 655 144 723 ravit,
190 655 254 709 nale
283 653 409 710 reierunt
432 656 509 710 citati
529 672 578 727 pro
599 663 678 713 textu
706 658 816 714 codices
841 665 869 714 et

60 727 141 782 multi
157 671 207 782 aiii
222 743 228 780 :
245 727 466 807 repugnantibus
475 734 567 782 tamen
579 728 748 797 lleriniensi,
760 730 869 785 Torua-

62 799 134 854 censi
153 807 180 854 et
196 798 307 865 Beliuo,
324 804 463 854 contentis
479 799 541 866 boc,
553 815 608 870 quo
622 801 819 869 communiori,
835 817 867 858 eo

61 869 190 927 certiori:
207 869 291 939 Cujus
303 870 359 924 uite
375 875 401 924 et
420 886 489 925 more
519 871 626 926 leriosis
644 873 783 928 miraculis
797 889 868 927 eom·

61 942 213 997 perdatur.
240 940 458 997 wandalbertus
481 888 517 998 ag
537 942 672 998 lamosum
689 944 867 1015 synchronis·

63 1030 149 1080 mum,
170 1014 200 1068 in
216 1012 357 1068 Auctariis
371 1013 495 1084 proxime
509 1013 644 1084 dandum,
655 1014 778 1072 alludere
791 1015 867 1071 vide·

63 1092 113 1154 tin,
133 1084 179 1141 his
191 1083 304 1140 duobus
316 1084 462 1141 versiculis
474 1102 480 1140 :

124 1199 273 1258 Progenies
285 1199 457 1261 meritumque
473 1199 553 1260 pium,
571 1213 635 1262 quoii
644 1199 729 1262 jungit
741 1209 766 1250 et
781 1217 825 1251 ara

126 1263 274 1314 Gildardus
285 1275 363 1311 senas
377 1264 522 1325 pariterque
537 1262 677 1312 blederduii
692 1265 809 1314 bonorat.

91 1369 174 1426 Unde
198 1369 324 1440 colligas,
358 1367 513 1424 mirabilem
545 1366 622 1424 illam
650 1369 774 1427 Gildardi
802 1388 864 1427 cum

62 1441 192 1500 Nedardo
206 1439 421 1508 fraternitatem,
436 1440 507 1495 iorte
519 1439 552 1496 ab
567 1438 620 1496 boc
630 1442 749 1512 primum
763 1443 864 1514 Marty-

61 1513 177 1585 relogio‚
193 1522 243 1568 ant
257 1511 393 1583 originem
408 1512 534 1578 traxisse,
549 1519 596 1566 ant
606 1513 703 1568 saltem
714 1529 799 1578 nouo,
810 1530 865 1587 quo

61 1585 147 1651 vixit,
163 1583 268 1640 saeculo
280 1583 307 1638 in
322 1583 419 1637 Nastos
429 1598 519 1638 sacros
533 1583 684 1652 transiisse,
701 1583 734 1639 de
746 1601 799 1656 qua
815 1601 865 1642 nec

62 1654 862 1727 antiquiores‚neccoaevitvelperumbrammemineruut.

60 1726 167 1783 Ambos
180 1726 280 1781 Noster
299 1724 350 1782 bac
375 1724 420 1779 die
442 1724 599 1796 conjunxit,
622 1726 650 1780 id
666 1726 763 1794 iateor,
787 1727 866 1783 seda

61 1798 168 1855 ceteris
207 1797 339 1852 rudentes
352 1795 495 1851 abstinuit.
513 1797 596 1852 Plura
614 1797 678 1852 vide
695 1798 724 1852 in
738 1798 817 1855 Actis
831 1798 866 1855 de

62 1878 154 1925 uncto
170 1813 321 1935 (iildardm
338 1867 386 1922 ubi
402 1866 505 1939 insigni
520 1868 734 1936 Commentario,
752 1885 865 1996 emanas

62 1939 111 1997 ide
122 1940 212 2013 digna
227 1947 305 2009 sunt,
321 1937 355 1994 ab
369 1938 510 2011 ingeniose
525 1939 652 2011 cogitatis
663 1941 782 1998 secernit
820 1957 866 1996 en·

924 454 985 517 post
999 450 1039 502 iic
1062 448 1162 512 erium,
1178 447 1252 504 Vitis
1266 464 1282 503 a
1296 450 1459 519 Fortunato,
1473 461 1532 508 tnm
1547 455 1651 523 stricta,
1663 464 1722 514 tum

923 518 1013 573 soluta
1036 520 1160 574 oratione
1180 519 1350 591 compositis.
1370 521 1591 579 Commentarius
1606 529 1725 597 praevius

923 589 1076 644 etsubneiia
1088 591 1161 646 Vitis
1176 590 1345 647 documenta
1367 592 1401 648 de
1416 596 1503 650 sancti
1518 596 1641 653 blederdi
1668 616 1726 655 cor·

923 659 998 789 Eoris
1012 661 1041 715 in
1052 662 1239 732 burgundiam
1255 664 1472 733 translationes
1487 667 1565 722 Petro
1576 669 1725 726 Francisco

947 730 1062 787 billletio
1091 733 1216 800 collecta,
1241 734 1314 790 lectu
1338 734 1504 806 dignissima
1530 746 1620 795 suut:
1641 740 1725 797 iallor

922 802 944 858 si
956 803 1023 884 quid
1036 803 1071 859 ad
1080 805 1243 876 completam
1255 806 1380 862 omnium
1391 808 1606 865 elucidationem
1618 810 1725 868 deside·

917 890 976 946 ,rari
993 878 1087 946 possit.
1108 875 1249 931 Heraclius
1267 877 1434 934 Seuoueusis
1449 888 1521 935 recte
1538 881 1588 937 bac
1602 881 1648 937 die
1661 884 1725 940 col-

923 947 1040 1013 locatur,
1053 947 1161 1002 tametsi
1175 948 1291 1004 vetustis
1301 948 1365 1004 aliis
1376 949 1568 1024 ldartymlogis
1578 969 1633 1008 non
1645 954 1725 1011 inno·

921 1017 1015 1073 tuerit.
1030 1017 1100 1072 Puto
1112 1017 1146 1073 ab
1161 1019 1336 1075 Henschenio
1348 1021 1467 1077 collecta
1480 1038 1538 1079 esse
1559 1025 1653 1080 omnia
1682 1043 1722 1083 nae

920 1087 955 1145 de
970 1088 1096 1144 Heraclio
1112 1105 1147 1144 ex
1160 1089 1351 1170 probatiorem
1372 1094 1539 1165 scriptorum
1555 1093 1608 1152 lide
1623 1041 1723 1154 auium

921 1166 1045 1231 possunt.
1062 1161 1233 1216 Salustiouiis
1247 1177 1281 1217 ex
1292 1162 1520 1236 Hieronymianis
1529 1175 1658 1238 acceptus
1670 1176 1723 1237 est,

920 1247 977 1311 nou
991 1230 1135 1300 consessor,
1151 1231 1198 1287 sed
1212 1240 1328 1304 martyr,
1346 1242 1377 1290 ut
1393 1234 1463 1291 bene
1478 1237 1585 1292 notavit
1603 1239 1723 1295 Floren-

921 1308 1018 1357 tinrus.
1038 1302 1113 1369 Quid
1129 1312 1226 1374 praeter
1248 1321 1349 1360 nomen
1365 1305 1399 1361 de
1415 1305 1468 1363 boc
1495 1316 1590 1366 sancto
1604 1319 1722 1378 constet,

920 1373 1032 1429 docebit
1056 1374 1225 1430 Henschenii
1256 1392 1269 1431 s
1292 1377 1362 1447 lloge
1386 1377 1518 1446 adversus
1539 1381 1724 1437 recentiorum

920 1452 1087 1525 commenta.
1099 1445 1240 1500 Abuudiiis
1262 1393 1442 1529 gordubensis
1457 1449 1491 1504 ab
1507 1451 1635 1523 Hispanis
1649 1452 1724 1509 scri-

920 1515 1046 1642 §roribus
1062 1523 1088 1571 et
1103 1517 1228 1572 Romano
1243 1516 1380 1573 hodierno
1402 1518 1577 1586 dillertnrad
1594 1538 1623 1577 ιιι
1644 1523 1722 1579 lulli.

940 1587 965 1642 ic
982 1593 1074 1641 tamen
1090 1588 1212 1657 posuisse
1229 1588 1392 1654 Usnardum,
1408 1589 1477 1644 etin
1493 1591 1607 1664 reliquis
1627 1593 1724 1649 omni-

879 1657 969 1725 Bbus
982 1664 1087 1712 textum
1113 1656 1172 1727 ejus
1197 1659 1348 1727 genuinum
1367 1659 1474 1727 reierri,
1495 1678 1610 1718 omnino
1631 1680 1722 1721 cense-
1826 1663 1833 1676 '

919 1744 996 1795 mns;
1008 1728 1061 1783 nisi
1076 1728 1139 1799 quis
1154 1729 1345 1784 Medardinum
1365 1730 1484 1801 elogium
1499 1742 1654 1805 suspectum
1670 1734 1724 1790 ba·

918 1800 991 1855 beat.
1020 1798 1144 1855 Abundii
1173 1801 1346 1871 martyrium
1371 1802 1564 1872 compendiose
1593 1805 1725 1863 describit

918 1871 1052 1942 Eulogius
1074 1869 1123 1926 lib.
1149 1886 1181 1926 ui
1199 1871 1380 1941 Memorialis,
1406 1888 1467 1946 cap.
1494 1875 1538 1944 ti,
1557 1883 1724 1949 notaturque

920 1942 1047 2014 martyrii
1063 1942 1123 1998 dies
1137 1959 1155 1996 v
1172 1941 1235 1999 ldus
1248 1942 1329 1999 lolii.

795 2064 988 2123 auersum.

91 2160 863 2235 llsnmmrs.et'l'onssonu.,nescioquodnetiscrupnlo,

64 2236 181 2309 elogium
209 2234 369 2306 nuperrime
392 2233 519 2298 citatum,
547 2234 626 2290 alteri
652 2235 862 2301 substituerint;

64 2318 133 2365 certe
148 2324 179 2363 in
189 2307 297 2362 caeteris
307 2305 438 2360 omnibus
452 2305 710 2362 annuntiationibus
720 2306 862 2377 purissimi

64 2389 136 2437 innt.
155 2380 216 2434 lnio
231 2379 288 2433 iere
303 2376 421 2432 dubium
437 2376 566 2447 ingerunt
580 2378 654 2434 circa
669 2393 761 2433 veram
778 2379 864 2450 ipsam

64 2459 86 2507 et
118 2450 255 2507 enninam
271 2448 387 2504 Usuardi
404 2448 560 2504 lectionem.

92 2468 256 2579 imiimi.
278 2520 305 2574 in
320 2518 450 2574 blederdo
465 2520 530 2574 satis
562 2535 639 2586 urus,
662 2520 702 2576 sic
717 2520 866 2592 prosequi-

63 2601 104 2649 tur
127 2610 135 2648 :
172 2617 182 2640 ι
204 2591 308 2647 Eodem
329 2589 385 2657 die,
410 2590 497 2646 sancti
513 2537 637 2646 ntidardi
657 2591 865 2664 Rotomagensie

64 2664 203 2738 episcopi,
223 2663 314 2718 fratris
336 2663 423 2718 sancti
448 2662 581 2729 bledardi,
605 2661 652 2735 qui
676 2663 789 2718 inerunt
811 2679 865 2720 uua

64 2735 105 2792 die
123 2736 198 2800 nati,
214 2750 270 2790 una
289 2733 439 2813 eademque
462 2731 507 2789 die
529 2734 649 2805 episcopi
668 2735 800 2802 ordinati,
821 2735 865 2790 si-

64 2808 168 2864 militer
203 2821 293 2879 noque
307 2821 362 2860 uua
376 2805 421 2860 die
434 2802 468 2860 ab
484 2805 535 2861 bac
549 2808 608 2860 luce
624 2805 766 2862 subtracti.
784 2833 792 2855 ι
814 2807 865 2862 llic

65 2887 101 2935 est
114 2894 189 2951 sync
212 2879 365 2942 rouismus,
376 2877 410 2932 de
424 2892 479 2949 quo
493 2876 563 2932 dixi.
580 2877 696 2949 Reliqua
709 2877 802 2934 omnia
812 2877 865 2934 de·

65 2959 136 3007 sunt.

918 2165 988 2237 peri,
1003 2171 1031 2222 et
1046 2163 1210 2238 quandoque
1226 2165 1320 2223 cibum
1335 2182 1417 2223 snum
1429 2169 1613 2226 necessarium
1624 2188 1725 2247 paupe·

918 2236 996 2291 ribus
1023 2237 1158 2308 erogavit.
1180 2236 1231 2293 llic
1250 2247 1361 2294 sanctus
1374 2238 1566 2297 Noviomensis
1580 2243 1726 2318 episcopus

918 2307 1013 2387 emnia
1022 2324 1082 2387 quae
1097 2307 1203 2388 babuit,
1215 2318 1242 2364 et
1253 2308 1353 2388 babere
1366 2309 1576 2438 potuitpauperi
1589 2330 1635 2389 ero
1654 2317 1722 2373 avit.

918 2378 972 2445 Qui
987 2387 1082 2450 quanti
1096 2379 1180 2435 inerit
1195 2380 1297 2447 meriti,
1314 2405 1323 2425 .
1354 2389 1407 2436 etc.
1432 2382 1464 2436 ln
1488 2382 1522 2438 Gi
1534 2384 1622 2441 dardo
1637 2333 1723 2443 Sabat

918 2450 1173 2520 synchronismum,
1194 2450 1297 2522 dequo
1315 2449 1374 2521 jam
1387 2451 1723 2527 satisdictum.Sequitur

919 2520 1025 2593 reliqua
1042 2528 1135 2575 textus
1157 2537 1229 2592 pers,
1251 2521 1328 2576 etin
1351 2521 1430 2578 line:
1466 2545 1476 2568 ‹
1499 2524 1586 2581 Medis
1614 2524 1719 2602 [blatis]

919 2591 1042 2658 civitate,
1055 2591 1144 2648 sancti
1164 2591 1284 2648 Clodulfi
1299 2592 1431 2664 episcopi.
1447 2617 1457 2641 ι

954 2663 1116 2724 domemur.
1140 2670 1202 2733 post
1240 2663 1371 2720 llotliomo
1387 2664 1594 2736 enimepiscopi,
1629 2666 1722 2726 inter-

919 2733 986 2789 serit
1003 2751 1008 2788 :
1032 2733 1117 2800 «Qui,
1133 2741 1164 2788 ut
1179 2734 1277 2803 fertur,
1292 2749 1348 2789 uuo
1362 2681 1418 2801 iiie,
1435 2758 1444 2782 ·
1466 2745 1518 2793 etc.
1535 2736 1716 2866 lbidemffiost

920 2805 1089 2872 Sallustiani,
1117 2804 1274 2861 inseritur:
1307 2806 1362 2861 «ln
1382 2805 1514 2885 AEgypto,
1536 2807 1623 2865 sancti
1671 2828 1721 2866 ar-

919 2876 1002 2932 ciani.
1015 2876 1169 2931 Translatio
1180 2877 1267 2933 sancti
1280 2876 1432 2933 audomari
1442 2879 1593 2950 episcopi.»
1610 2879 1720 2939 Colitur

919 2964 949 3003 rx
963 2947 1141 3019 Septembris,
1159 2949 1308 3021 quostiam
1322 2948 1356 3005 de
1373 2949 1552 3004 translatione
1564 2959 1669 3023 agetur.

94 3023 249 3078 iturusne.
265 3028 293 3076 et
306 3020 504 3076 blaa-Lunae.
522 3019 550 3074 in
565 3018 694 3075 Medardo
709 3020 781 3092 puri,
803 3026 864 3102 post
880 3023 901 3081 G
954 3019 1391 3076 Marnic.·Canrus.·Unriminor.
1410 3020 1550 3076 «Medardi
1561 3023 1682 3094 episcopi
1693 3030 1720 3080 et

66 3092 201 3162 Gildardi,
232 3092 337 3147 omisso
360 3093 493 3158 Heraclio,
516 3089 638 3162 jungunt
660 3090 810 3148 Salustium
837 3098 864 3147 et

65 3166 199 3221 emittunt
215 3164 301 3219 etiam
317 3163 476 3219 abundium
492 3162 708 3219 Cordubensem.

94 3235 349 3303 durusne-Nini,
362 3236 383 3291 U
386 3251 542 3299 trutinum,
554 3232 863 3302 Lnunnu.,Lov.iurnrr.,

65 3309 238 3374 musaeum,
258 3308 357 3362 Dium.
369 3314 397 3362 et
408 3323 498 3361 enirio
511 3306 743 3372 Uirrius-Beue,
761 3306 788 3360 in
803 3307 865 3361 Me-

64 3378 148 3435 dardo
170 3378 247 3451 puri,
278 3378 312 3433 de
345 3376 477 3433 Gildardo
504 3384 565 3447 post
588 3377 711 3447 episcopi,
735 3376 863 3434 addunt:

69 3451 190 3506 «iratres
202 3449 291 3505 sancti
311 3448 445 3515 Medendi,
463 3464 531 3520 quos
544 3447 637 3502 ierunt
652 3464 707 3502 una
716 3447 762 3503 die
775 3456 863 3515 natos,

63 3537 114 3578 nna
128 3521 283 3593 eademque
297 3518 343 3576 die
358 3519 500 3576 ordinatos
514 3520 668 3590 episcopos,
683 3519 815 3574 similiter
829 3519 863 3573 ab

63 3591 113 3650 bac
130 3594 193 3649 lnce
209 3591 319 3647 unadie
333 3591 498 3648 subtractos.
521 3614 530 3637 ι
553 3589 666 3657 Caetera,
678 3597 709 3644 ut
719 3592 862 3646 iturusne.

63 3674 86 3721 et
100 3663 305 3720 lisa-Lunae.

94 3737 283 3792 Garumnae:
316 3734 377 3789 «lu
405 3733 531 3799 Francia,
557 3731 712 3788 Suessiouis
738 3731 863 3798 civitate,

63 3807 169 3863 natalis
191 3814 219 3860 et
239 3805 374 3877 depositio
396 3805 484 3860 sancti
505 3803 628 3858 Medardi
649 3803 864 3859 vermandensis

62 3886 148 3951 etque
173 3876 353 3932 Tornaceusis
380 3875 511 3949 episcopi,
538 3872 618 3944 eujus
645 3875 704 3930 vita
735 3882 761 3930 et
791 3891 864 3931 mors

65 3950 190 4021 gloriosa
213 3947 352 4003 miraculis
373 3947 461 4003 iulsit.
478 3946 596 4003 Ciuitate
615 3945 795 4018 Rothoiuago,
811 3947 865 4002 de-

95 4021 165 4077 sitio
180 4019 273 4075 sancti
298 4019 420 4075 Gildardi
435 4017 645 4089 archiepiscopi,
660 4017 753 4072 fratris
776 4017 864 4074 sancti

87 4091 198 4158 edardi,
213 4107 284 4162 quos
298 4091 410 4146 luerunt
435 4088 552 4162 [ierunt]
572 4104 628 4142 una
646 4087 690 4144 die
704 4096 793 4156 natos,
809 4105 865 4144 una

65 4163 105 4219 die
117 4164 266 4234 episcopos
281 4163 432 4228 ordinatos,
444 4159 574 4216 similiter
584 4176 693 4233 quoque
707 4177 764 4215 una
773 4160 819 4216 die
829 4159 864 4217 ab

67 4233 115 4290 bac
130 4236 193 4290 lnce
202 4233 368 4290 subtractos.
388 4234 418 4288 ln
438 4231 576 4299 Sardinia,
596 4232 683 4286 sancti
702 4230 862 4287 salustiani.

67 4305 210 4373 Corduba,
244 4304 333 4360 saneti
357 4303 481 4359 Abuudii
503 4301 647 4383 presbiteri
670 4310 697 4359 et
719 4302 859 4375 martyris.

68 4376 199 4442 Senones,
213 4376 241 4431 S.
260 4376 381 4431 Heraclii
396 4375 515 4446 episcopi
530 4381 556 4429 et
570 4374 769 4429 confessoris.»

100 4448 320 4514 Bnuxnnnnusis,
353 4446 585 4502 narratiunculam
612 4444 793 4515 amplificans,
824 4444 862 4501 ita

69 4520 248 4590 pronuntiat:
282 4545 290 4565 ι
314 4519 344 4574 ln
364 4517 462 4574 Galliis
483 4517 598 4572 civitate
616 4517 781 4584 suessionis,
796 4533 864 4572 saii-

69 4599 170 4646 ctorum
188 4590 353 4662 pontificum
370 4596 398 4643 et
417 4588 604 4644 consessorum
620 4587 741 4643 bledardi
756 4597 784 4643 et
799 4588 864 4643 Gil-

69 4660 140 4717 dardi
156 4663 274 4717 iratrum
286 4661 470 4728 geminorum.
488 4659 539 4726 Qui
552 4659 665 4714 luerunt
685 4675 739 4714 una
749 4659 793 4714 die
806 4659 863 4714 nati

71 4747 118 4787 una
132 4734 177 4788 die
194 4732 342 4805 pontifices
355 4733 507 4787 consecrati
520 4748 525 4784 :
540 4729 686 4786 bledardus
701 4729 735 4786 ad
750 4730 864 4786 titulum

71 4803 289 4871 Noiiomensem,
306 4812 333 4858 et
349 4802 497 4858 Gildardus
517 4800 552 4857 ad
567 4801 823 4873 Rothomageusem,
838 4810 865 4857 et

73 4874 193 4931 similiter
209 4883 303 4957 postea
318 4890 374 4930 nna
386 4873 431 4929 die
445 4873 478 4928 ab
498 4873 550 4928 bac
565 4873 625 4928 luce
639 4873 771 4929 subtracti
788 4882 863 4930 sunt.

73 4944 216 5019 Quiqnantr
232 4946 324 5002 meriti
337 4945 442 5000 inerint
452 4945 525 5017 apud
538 4946 636 5012 Deum,
652 4952 793 5001 ostensum
811 4952 863 5012 est,

73 5016 139 5072 icum
165 5020 194 5074 in
218 5034 316 5074 eorum
337 5016 416 5072 obitu
439 5016 501 5072 cmii
518 5016 605 5088 aperti
628 5024 704 5081 sunt,
724 5025 805 5088 atquo
818 5032 864 5072 an·

72 5086 138 5159 ipsos
150 5091 250 5145 divina
267 5088 417 5144 luminaria
432 5088 599 5144 micuerunt.
610 5088 639 5141 ln
650 5088 788 5153 Sardinia,
804 5104 864 5142 san-

72 5162 103 5215 cti
118 5162 279 5216 Salustiani.
297 5161 328 5215 ln
345 5159 483 5226 Corduba,
499 5158 586 5214 sancti
603 5158 731 5213 Hebundi
745 5157 866 5230 presby-

71 5234 115 5287 teri
130 5242 157 5289 et
181 5232 325 5304 martyris,
352 5231 433 5312 Apud
466 5232 609 5286 Sermones
637 5229 726 5286 sancti
747 5228 865 5285 Eracliti

71 5303 163 5375 episcoi
181 5312 211 5360 et
233 5302 414 5360 confessoris
428 5302 497 5358 ltem
512 5301 600 5358 sancti
611 5299 758 5358 Carilefi.»
779 5300 866 5356 Diui-

70 5390 125 5432 nus
138 5377 208 5433 alibi
224 5374 377 5432 Carilelnm
391 5374 445 5429 coti
461 5391 470 5429 1
485 5373 563 5429 lulii.

98 5448 283 5505 mensores.
297 5447 352 5502 alia
367 5445 472 5518 prolert
489 5464 494 5501 :
523 5470 531 5493 ι
547 5446 579 5500 ln
598 5443 696 5500 Galliis
711 5441 866 5499 suessionis

67 5518 186 5590 civitate,
204 5518 343 5590 depositio
357 5518 446 5573 sancti
460 5515 583 5572 bledardi
594 5514 714 5588 episcopi
725 5522 752 5596 et
761 5514 868 5596 conies·

67 5591 143 5648 seris.
158 5591 294 5660 Quicum
308 5596 381 5646 esset
394 5589 537 5661 puerulus,
550 5595 625 5644 totus
636 5588 692 5644 iuit
705 5602 868 5644 misericor-

65 5662 113 5720 dia
128 5663 253 5738 operbus
267 5661 399 5729 deditus;
423 5661 542 5717 undeet
564 5669 668 5717 restem
689 5659 745 5718 sibi
766 5675 867 5734 super-

66 5734 146 5792 inam
170 5752 206 5792 ac
230 5744 302 5792 mtre
332 5750 369 5792 ua
398 5730 564 5806 [acceptam]
594 5730 671 5791 dedit
694 5747 767 5792 coeco
794 5746 868 5805 peu-

918 3089 1083 3147 coniessoris
1103 3090 1305 3146 Noviomensis.
1322 3090 1447 3147 Gildardi
1471 3092 1594 3165 episcopi
1614 3094 1719 3151 llotbo-

920 3161 1057 3232 magensis
1070 3161 1245 3218 contessoris.
1263 3161 1366 3218 Eraclii
1388 3161 1510 3236 episcopi
1525 3171 1553 3219 et
1575 3164 1720 3222 confesse·

920 3233 968 3289 ris.
985 3259 995 3280 ι
1015 3234 1122 3288 Desunt
1138 3233 1190 3288 soli
1206 3233 1262 3288 dno
1278 3233 1382 3288 ultimi.

954 3304 1123 3361 Cnumiiesu.
1140 3327 1150 3350 ι
1161 3303 1265 3359 Eodem
1276 3304 1320 3359 die
1330 3304 1357 3357 in
1366 3304 1499 3377 AEgypto,
1510 3305 1669 3362 Marciani.»
1687 3306 1719 3362 ln

919 3376 996 3431 Actis
1008 3377 1114 3431 socium
1129 3374 1211 3430 habet
1221 3375 1379 3430 locandum.

954 3445 1052 3503 Conari
1067 3447 1099 3501 D.
1115 3447 1159 3500 Du
1178 3445 1303 3509 Curvae,
1319 3445 1367 3518 qui
1385 3445 1439 3501 init
1451 3444 1503 3501 PP.
1517 3445 1720 3503 Franciscano·

919 3533 999 3572 rum:
1023 3541 1031 3563 .
1055 3517 1086 3572 lu
1110 3516 1241 3597 AEgypto,
1263 3515 1406 3596 Marciani.
1428 3515 1532 3572 Eodem
1554 3516 1610 3587 die,
1630 3518 1719 3646 SJriae

918 3587 1064 3660 virginis·
1081 3587 1599 3660 liecentiorimanu.AliileguntSproe.
1612 3589 1645 3646 Vi
1667 3590 1719 3647 ein

918 3661 1005 3716 Actis.

953 3732 984 3787 lu
999 3731 1133 3788 Varroni.
1162 3746 1240 3785 uum.
1256 3728 1336 3797 bete,
1348 3728 1426 3787 deest
1435 3730 1568 3788 memoria
1581 3731 1719 3803 Gildardi,

918 3802 1048 3869 Heraclii,
1063 3801 1223 3869 salustiani,
1239 3800 1374 3857 Abundii.
1394 3801 1550 3872 Adjicitur:
1573 3804 1719 3876 ‹lindege-

919 3874 971 3942 vis,
986 3872 1073 3929 sancti
1092 3872 1200 3941 bucini,
1216 3871 1337 3944 episcopi
1360 3879 1388 3928 et
1409 3872 1592 3931 confessoris:
1609 3883 1636 3931 et
1651 3892 1721 3931 sau-

918 3945 956 4002 cti
976 3943 1086 4002 Carilefi
1109 3943 1317 4001 confessorisz·
1342 3945 1385 3999 Ex
1404 3943 1502 4000 Adone
1515 3945 1620 4017 accepti
1640 3955 1718 4015 sunt,

919 4025 949 4072 nt
972 4016 1096 4072 diximus
1121 4017 1150 4071 in
1174 4014 1430 4086 Observationibus,
1451 4015 1500 4072 ubi
1527 4015 1587 4072 dies
1612 4018 1721 4073 natales

918 4088 1034 4158 singolis
1051 4087 1236 4159 assignantur.

952 4160 983 4215 Lu
998 4160 1176 4215 Uonnimruo
1195 4157 1272 4214 deest
1294 4157 1415 4216 Heraclii
1432 4166 1460 4214 et
1479 4158 1615 4229 Abundii,
1635 4165 1668 4217 ut
1690 4157 1720 4215 iu

917 4231 1062 4287 durusne.
1078 4238 1105 4286 et
1118 4231 1318 4286 Min-Lunna.

954 4302 1092 4357 Auernus.
1109 4301 1140 4357 ln
1155 4301 1229 4357 fine:
1254 4301 1309 4356 «ln
1328 4301 1459 4373 AEgypto,
1476 4300 1643 4359 Marciani.»

876 4385 899 4441 Ι)
952 4373 1151 4429 binominem:
1176 4396 1185 4419 ι
1206 4371 1321 4428 Senonis
1336 4374 1425 4428 sancti
1444 4372 1540 4428 Eradii
1554 4372 1677 4444 episcopi
1692 4379 1720 4427 et

917 4443 1091 4500 confessoris.
1108 4468 1116 4490 ·
1139 4442 1468 4499 Voluitdicerelierocli'i'.

953 4517 1052 4570 Enirio
1075 4513 1262 4570 Lenaeo-Coi..
1293 4525 1354 4591 post
1387 4513 1570 4568 Noviomeiisis
1597 4513 1721 4582 interpo-

919 4587 978 4641 nit:
1003 4584 1116 4640 «Hicin
1126 4583 1273 4655 juventute
1283 4583 1398 4638 timebat
1407 4585 1495 4637 Deum
1510 4590 1538 4637 et
1570 4582 1723 4653 anperibus

918 4657 1091 4714 scholaribus
1115 4671 1212 4727 panem
1235 4670 1317 4711 suum
1340 4653 1369 4707 in
1393 4653 1496 4708 sobolis
1511 4652 1544 4708 de
1567 4653 1597 4708 ἰ.
1620 4653 1722 4710 Socero

918 4747 969 4786 suo
990 4727 1119 4800 praedixit
1139 4726 1213 4800 quod
1234 4726 1263 4781 iii
1285 4725 1369 4782 tertio
1383 4740 1456 4779 anno
1479 4733 1549 4781 esset
1564 4723 1720 4798 episcopus.

919 4801 955 4858 Et
966 4806 1062 4873 quanti
1074 4798 1159 4856 inerit
1168 4798 1270 4865 meriti,
1282 4823 1291 4846 ι
1307 4804 1361 4853 etc.
1376 4797 1416 4853 De
1426 4795 1558 4853 Gildardo
1569 4796 1651 4853 babet
1665 4797 1723 4869 iam

919 4873 1043 4944 repetita.
1072 4896 1081 4920 ι
1103 4872 1134 4927 ln
1154 4870 1290 4937 Sardinia,
1306 4869 1394 4926 sancti
1409 4867 1558 4925 salustiani
1572 4868 1722 4926 consesso-

918 4943 967 5000 ris.
983 4943 1150 5014 andegavis,
1161 4942 1249 4999 sancti
1265 4939 1516 5013 Lucianiepiscopi
1531 4947 1559 4996 et
1573 4940 1724 4995 confesso-

919 5017 969 5071 ris.
990 5038 999 5062 ι
1030 5015 1129 5071 Melius
1152 5013 1200 5069 alii
1222 5012 1350 5069 scribunt
1374 5011 1490 5079 Luciuii,
1515 5010 1570 5078 vel,
1594 5019 1626 5065 nt
1647 5009 1721 5079 Ado,

920 5085 1027 5141 licinii.
1056 5109 1065 5132 ι
1080 5087 1092 5141 l
1112 5102 1142 5140 so
1157 5085 1212 5150 die,
1227 5085 1316 5139 sancti
1331 5083 1451 5141 Carilelli
1464 5081 1638 5139 confessoris.
1657 5104 1667 5127 ι
1684 5083 1723 5137 De

921 5165 1037 5226 utroque
1053 5156 1080 5210 vi
1103 5171 1221 5227 esupra.
1245 5179 1255 5201 ι
1269 5154 1421 5210 Territorio
1437 5151 1648 5220 Tricassinensi,
1665 5152 1723 5224 Sy-

920 5227 968 5283 riis
992 5226 1104 5298 optima
1131 5234 1273 5281 matronas.
1304 5224 1551 5291 Cordnbae,sancti
1582 5224 1724 5280 llabundii

919 5298 1075 5373 presbyteri
1091 5307 1117 5353 et
1134 5297 1295 5368 martyris·
1317 5297 1399 5351 Deest
1415 5295 1566 5350 Heraclius.

956 5370 1052 5424 Datin.
1074 5368 1108 5424 de
1122 5367 1250 5425 bledardo
1266 5365 1332 5439 legit
1346 5366 1418 5421 sicut
1435 5365 1582 5421 llanruisri.
1599 5374 1627 5422 et
1645 5366 1725 5424 Ton-

919 5457 1020 5499 riacnu.
1037 5439 1168 5512 Sequitur
1191 5439 1303 5505 Erudit,
1330 5452 1379 5509 pro
1402 5436 1531 5515 lieroelii.
1549 5437 1619 5492 Tum
1640 5438 1727 5494 Salu-

921 5513 1016 5579 stiani,
1031 5512 1096 5569 deiri
1110 5509 1248 5574 Abundii;
1267 5515 1329 5580 post
1339 5506 1476 5576 Gildardi,
1493 5507 1523 5562 in
1536 5506 1612 5567 line:
1635 5532 1645 5555 «
1663 5511 1726 5567 Me.

922 5586 957 5642 tis
971 5584 1094 5653 civitate,
1110 5581 1199 5640 sancti
1210 5577 1319 5637 Codnlfi
1337 5579 1460 5652 episcopi
1478 5585 1506 5635 et
1520 5579 1719 5637 confessoris.»

922 5657 993 5717 Vide
1008 5653 1207 5729 suprarectius
1223 5651 1351 5731 Cledulfi.
1644 5721 1650 5732 .
1699 5719 1704 5728 Ι

957 5728 1105 5787 Garum:
1130 5721 1329 5793 «Nicomediae,
1343 5723 1432 5783 sancti
1443 5722 1598 5784 Nestoris·
1615 5719 1687 5781 Vide
1696 5734 1726 5778 ut
