3834 6136
131 267 200 328 stat

636 263 756 322 HlllllCl
774 260 935 321 MONACHI
953 255 1282 321 turisslonutmusts

1714 245 1781 305 razn

128 423 252 493 basilica,
278 421 407 479 Germani
430 426 587 477 consecrata
608 417 732 485 nomine,
756 432 837 472 nemo
856 417 923 486 fere,
939 416 963 475 il
978 420 1018 469 est
1035 431 1042 470 ι
1060 411 1161 468 borum
1175 410 1204 465 iii
1219 406 1337 478 collegio
1356 403 1455 461 surdus
1478 399 1592 474 quidam
1616 397 1781 466 adveneram

128 511 240 568 tametsi
255 511 484 577 immanissimus,
499 507 597 564 audeat
611 505 741 579 pejerare.

163 604 208 662 is.
224 605 283 661 Jam
299 621 365 660 vero
383 604 456 660 circa
477 603 564 676 ipsius
587 610 663 676 septa
682 603 801 675 sepulcri
823 608 926 675 quanta

128 711 157 751 se
172 694 275 750 virtute
290 701 450 766 praesentem
466 693 604 758 exhibeat,
626 693 656 748 lii
675 693 795 749 maxime
815 699 842 747 et
862 691 927 747 eiii-

129 784 225 841 denter
240 785 348 857 experti
362 791 437 852 sunt,
449 783 551 857 quibus
565 782 698 854 ejusdem,
709 792 741 840 ut
750 799 813 839 vere
823 781 926 849 dicam,

128 874 216 929 sancti
242 880 400 929 sanctorum
428 872 553 943 specialis
575 882 616 927 est
637 871 767 943 deputata
789 869 924 927 custodia.

128 962 296 1033 Frequenter
318 976 436 1032 namque
460 961 551 1016 oleum
574 960 708 1031 lampadis
731 970 794 1016 ante
817 976 926 1015 sacrum

127 1049 266 1105 tumulum
282 1047 462 1120 dependentis
476 1049 632 1105 excrevisse
646 1048 846 1121 deprehensum
866 1055 924 1115 est;

127 1157 191 1198 cum
213 1140 372 1213 quindecim
394 1140 481 1197 ferme
499 1141 598 1198 diebus
612 1139 783 1214 totidemque
798 1140 927 1197 noctibus

129 1229 330 1287 inexstinctum
358 1246 483 1300 manens,
510 1231 582 1287 nibil
613 1231 819 1288 imminutionis
847 1237 927 1304 pate-

128 1326 214 1376 retur.

163 1418 208 1476 50.
233 1418 306 1475 Illud
334 1433 443 1492 quoque
470 1435 526 1475 non
555 1419 725 1491 negligenter
751 1417 927 1486 excesserim,

128 1513 260 1582 quantam
283 1507 359 1564 locus
380 1523 456 1564 sacer
475 1507 670 1581 obsequiorum
690 1508 783 1579 exigat
804 1506 928 1579 diligeri-

128 1596 213 1665 tiam;
237 1596 305 1652 adeo
328 1603 368 1666 ut,
389 1597 412 1652 si
430 1598 583 1664 lucernam,
604 1614 664 1670 quai
682 1597 791 1671 proprie
810 1595 928 1652 sanctis·

129 1685 199 1742 simo
218 1684 339 1742 deservit
355 1685 474 1758 corpori,
491 1695 661 1759 pernoctem
679 1685 818 1757 exstingui
833 1683 928 1741 oonti-

979 502 1025 559 cui
1050 516 1113 557 oum
1145 497 1222 555 aliud
1248 511 1304 551 non
1331 496 1486 564 suppeteret
1514 487 1681 559 hospitium,
1702 493 1783 543 noctu

979 600 1042 648 ante
1073 589 1144 645 fores
1171 584 1303 648 ecclesiae,
1326 580 1417 653 lapide
1441 578 1524 650 capiti
1551 575 1711 648 supposito,
1733 591 1783 632 cu-

980 679 1103 736 bitavit:
1131 677 1176 731 die
1200 673 1306 730 reddito
1329 684 1456 728 somnum
1479 667 1577 734 eiiuit;
1605 680 1738 737 moxque,
1759 681 1783 721 se

980 766 1133 825 beatissimi
1157 763 1286 822 Germani
1312 763 1427 818 obtentu
1456 758 1559 814 damno
1587 756 1712 813 caruisse
1735 771 1782 811 au·

980 858 1063 925 rium,
1080 854 1221 927 impendio
1243 854 1350 909 laetatus
1372 857 1423 905 est.
1448 847 1540 918 Lapis,
1564 843 1626 917 ejus
1649 842 1783 914 subjectus

981 948 1075 1020 capiti,
1092 953 1207 1016 receptae
1221 943 1289 999 tulit
1304 939 1495 998 testimonium
1512 934 1639 1002 sanitati,
1656 934 1741 1009 quod,
1756 951 1783 991 eo

982 1047 1118 1110 surgente,
1133 1051 1230 1094 cruore
1245 1034 1371 1106 perfusus
1384 1029 1523 1103 apparuit.
1553 1029 1608 1085 Pro
1628 1037 1784 1100 recuperata

982 1138 1069 1194 salute
1088 1135 1196 1191 votivas
1210 1133 1265 1204 egit
1279 1129 1392 1202 gratias,
1413 1133 1645 1198 maturantesque
1667 1124 1721 1181 iter
1741 1141 1784 1182 so·

981 1230 1039 1286 cios
1055 1228 1248 1284 incunctanter
1257 1230 1418 1296 prosecutus
1428 1231 1479 1279 est.
1492 1219 1566 1277 lluic
1581 1219 1622 1276 rei
1637 1219 1782 1276 multorum

982 1320 1082 1388 adhuc,
1112 1318 1159 1393 qui
1190 1316 1219 1375 id
1244 1316 1399 1389 inspexere,
1429 1313 1616 1388 superstitum
1645 1312 1784 1384 praeseutia

982 1410 1156 1481 suffragatur.

1018 1529 1063 1586 53,
1078 1529 1110 1584 ln
1125 1543 1194 1600 pago
1208 1522 1355 1592 laticensi,
1367 1519 1415 1595 qui
1435 1518 1599 1591 Lingonicus
1614 1515 1707 1574 defert
1720 1514 1783 1573 ilira-

983 1619 1038 1675 oesi
1054 1617 1150 1690 (vulgo
1165 1615 1196 1671 de
1211 1611 1351 1684 beragros),
1369 1608 1472 1665 fundus
1487 1617 1528 1665 est
1543 1606 1723 1675 notissimus,
1738 1605 1784 1662 la-

983 1711 1093 1769 driacus
1107 1708 1229 1775 immine,
1250 1702 1323 1778 apud
1339 1719 1419 1778 queni
1436 1701 1554 1760 ecclesia
1571 1710 1614 1758 est
1629 1698 1717 1773 hujus
1729 1715 1784 1773 pre·

129 1774 210 1847 gerit,
233 1775 311 1831 nulla
334 1774 509 1847 indulgeatur
528 1775 689 1831 custodibus
708 1774 826 1846 requies,
850 1774 927 1830 nulla
942 1782 965 1842 Β
982 1795 1377 1869 150553311111psae3u1533a0ffig,
1389 1790 1569 1866 pignoribus,
1584 1806 1648 1863 quae
1665 1796 1783 1845 monum

128 1862 253 1934 potiendi
282 1879 379 1921 somno
407 1863 534 1932 facultas,
564 1864 652 1920 donec
679 1863 779 1921 defecti
805 1862 928 1934 impensa

129 1951 243 2007 luminis
269 1953 425 2007 accuratius
449 1960 599 2023 reparetur.
626 1952 769 2007 Interdum
796 1960 927 2022 tanquam

129 2037 272 2108 cujusdam
296 2054 393 2092 mamis
418 2039 540 2108 impulsu
564 2039 707 2094 molestius
731 2039 925 2109 inipetuntur3

129 2136 160 2183 ut
174 2126 280 2182 nemini
296 2125 409 2197 impune
423 2126 550 2182 dubitare
566 2127 658 2194 liceat,
675 2127 767 2184 debita
783 2129 842 2183 loco
866 2143 928 2183 ser-

129 2216 199 2274 vitia
213 2231 268 2271 non
283 2214 375 2287 inepte
390 2231 441 2271 nec
455 2215 574 2287 segniter
592 2215 753 2272 exercenda.
774 2215 846 2282 Quid
866 2230 928 2270 me-

130 2323 245 2376 morem,
269 2306 419 2363 nonnullos
441 2313 505 2363 ante
527 2304 610 2378 hujus
631 2305 775 2363 reverendi
794 2322 867 2361 aram
888 2322 927 2362 se·

130 2398 219 2474 pulcri
246 2400 275 2456 iii
303 2399 426 2456 oratione
458 2399 590 2456 secretius
618 2398 839 2472 procumbentes,
875 2396 928 2454 loci

130 2506 264 2549 concussu
291 2504 402 2562 precum
430 2488 598 2557 efficaciam,
628 2489 801 2561 coelestisque
833 2503 928 2559 respe-

62 2571 64 2575 ’
130 2589 205 2639 etum
230 2580 373 2636 facilitatis
396 2579 586 2651 persensisse?
611 2579 717 2636 Omitto
745 2579 816 2635 sacri
845 2578 928 2650 hujus

129 2669 253 2726 nominis
267 2668 471 2724 invocationem
488 2670 584 2726 multis
598 2685 707 2743 quoque
723 2668 882 2727 absentibus
897 2685 928 2726 ao

129 2761 252 2832 periculo
266 2761 402 2830 proximis
417 2761 629 2831 praesentissime
644 2760 813 2819 subvenisse.

164 2858 208 2912 51.
239 2858 278 2910 De
304 2871 373 2926 pane
400 2871 466 2911 vero
493 2858 614 2927 ejusdem
643 2861 762 2917 coenubii
786 2859 874 2916 multa
901 2867 928 2916 et

129 2946 200 3002 mira
222 2944 415 3018 languentibus
442 2945 564 3002 remedia
591 2951 747 3019 provenire,
777 2950 927 3021 pervulga-

128 3033 267 3094 tissimum
293 3043 353 3104 est;
380 3035 449 3092 adeo
470 3045 512 3105 ut,
539 3035 562 3093 si
592 3037 665 3111 quis,
693 3055 848 3112 quanquam
875 3038 928 3095 de-

128 3127 261 3183 cumbens
291 3124 473 3193 validissime,
503 3125 587 3199 liujus
615 3127 752 3183 alliciatur
778 3127 965 3203 desiderio,0
1016 3181 1030 3212 P,

128 3214 348 3273 efficacissimum
376 3231 433 3271 esse
457 3215 566 3273 reducis
590 3224 703 3289 putetur
725 3216 860 3274 iudiciuin
884 3234 925 3274 so-

127 3303 244 3377 spitatis.
268 3304 326 3360 lloo
346 3320 403 3360 non
418 3304 573 3361 incolarum
589 3306 752 3363 ascribimus
767 3306 922 3375 sanctitati,

126 3409 223 3450 verum
239 3401 267 3449 ot
281 3393 380 3449 devote
394 3394 595 3467 postulantium
615 3395 683 3453 fides
705 3395 829 3453 obtiiicro
848 3397 924 3465 talia,

126 3490 153 3539 et
179 3482 330 3540 beatissimi
364 3482 494 3539 Germani
526 3484 668 3554 meritum,
701 3486 781 3558 cujus
812 3486 925 3543 nomino

126 3573 205 3645 panis
218 3570 390 3640 inscribitur,
406 3572 494 3628 multo
508 3573 582 3629 valet
595 3581 722 3646 praestare
737 3574 851 3646 majora.
868 3577 925 3631 Tua

127 3662 265 3719 hocsem
279 3679 403 3731 munera,
418 3662 538 3733 Christe,
553 3665 601 3738 qui
616 3667 645 3720 in
663 3675 773 3723 tuorum
788 3666 924 3724 mirabilis

122 3767 154 3821 es
170 3751 274 3808 uirtute
288 3759 466 3821 sanctorum;
486 3753 607 3827 dumque
628 3755 679 3811 lios
702 3756 842 3812 miraculis
863 3757 925 3812 cla-

126 3839 217 3897 rificas
242 3857 349 3908 eorum,
378 3857 428 3896 nos
456 3841 640 3897 imitationem
670 3843 833 3899 inflammas.
861 3844 925 3902 Haeo

126 3928 159 3983 de
175 3928 229 3994 liis,
243 3944 303 3997 quae
319 3929 392 3983 circa
405 3943 513 3982 sacrum
528 3927 588 3998 ojus
602 3945 701 4002 corpus
717 3938 748 3986 ut
760 3940 834 4004 gesta
848 3940 922 4001 suut,

983 1895 1035 1950 sita
1047 1894 1076 1949 iii
1092 1891 1226 1958 culmine,
1242 1889 1412 1962 aliquantum
1437 1901 1453 1941 a
1474 1884 1547 1941 villa
1566 1881 1682 1955 longius
1701 1881 1781 1939 distat.

982 1981 1165 2050 Quamobrem
1180 1976 1311 2034 nonnulli
1326 1973 1484 2049 Lingonicae
1509 1972 1652 2046 praesules
1673 1971 1783 2028 civitatis

981 2071 1053 2128 banc
1075 2069 1194 2137 diruere,
1220 2073 1247 2122 et
1273 2064 1355 2121 aliam
1382 2081 1432 2137 pro
1455 2078 1487 2120 ea
1511 2063 1592 2118 intra
1608 2059 1783 2118 villaiambi-

982 2172 1041 2220 tum
1057 2159 1210 2214 instaurare
1235 2155 1328 2213 conati
1351 2152 1505 2220 basilicam,
1530 2151 1641 2206 frustra
1663 2165 1783 2207 cousum-

982 2265 1058 2325 psere
1079 2261 1200 2319 operam,
1227 2260 1289 2300 cum
1315 2243 1344 2300 id
1367 2259 1423 2298 non
1447 2237 1549 2310 semel,
1575 2256 1630 2296 neo
1652 2238 1696 2296 bis
1713 2239 1783 2296 fuerit

982 2346 1145 2397 attentatum
1173 2353 1180 2393 τ
1216 2351 1281 2390 nam
1308 2331 1529 2408 quotiescunque
1559 2346 1675 2388 sacrum
1704 2329 1784 2385 altaris

983 2431 1100 2505 lapidem
1116 2428 1151 2485 ob
1166 2426 1297 2502 reliquias
1311 2409 1458 2481 elevandas
1477 2439 1614 2479 ainovere
1639 2427 1782 2488 tentarunt,

983 2529 1059 2576 tauto
1069 2518 1141 2574 fixus
1152 2515 1272 2589 pondere
1283 2513 1470 2586 perseveravit
1481 2512 1655 2583 immobilis,
1671 2519 1703 2568 ut
1716 2510 1784 2566 facile

982 2610 1138 2667 adverteres
1157 2607 1301 2680 antiquum
1322 2605 1382 2660 loco
1405 2602 1515 2661 cultum
1540 2609 1672 2659 avertere
1694 2600 1784 2657 diriora

982 2718 1038 2757 non
1054 2716 1111 2756 esse
1126 2698 1290 2771 permissum
1305 2694 1499 2768 prouidentiae.
1517 2694 1581 2763 Quo
1597 2693 1628 2750 in
1644 2694 1714 2762 loco,
1729 2708 1783 2750 cum

982 2809 1089 2866 semper
1109 2792 1180 2848 mira
1201 2796 1348 2865 patrentur
1364 2797 1391 2846 et
1405 2788 1541 2856 maxima,
1567 2787 1600 2843 in
1623 2786 1783 2860 splendidis-

982 2882 1052 2938 sima
1068 2891 1158 2940 tamen
1174 2880 1325 2938 festivitate
1340 2878 1529 2935 Kalendarum
1555 2877 1720 2935 Octobrium
1741 2875 1784 2933 di-

981 2975 1048 3029 vina
1063 2971 1202 3046 copiosius
1216 2968 1351 3028 beneficia
1363 2969 1463 3026 devote
1480 2968 1695 3028 confluentibus
1708 2967 1782 3028 iiilie-

983 3070 1093 3120 runtur.

1015 3178 1059 3237 ul.
1086 3177 1210 3246 Quodam
1235 3179 1328 3255 itaque
1344 3188 1478 3253 tempore,
1508 3196 1577 3240 cum
1609 3181 1645 3239 ad
1672 3180 1779 3256 prefata

979 3269 1147 3330 celebritatis
1171 3286 1294 3328 annuum
1320 3271 1394 3329 diem
1416 3272 1538 3345 populus
1563 3288 1601 3329 ex
1624 3288 1700 3330 more
1717 3288 1779 3328 cou-

979 3359 1086 3428 flueret,
1101 3375 1134 3415 es
1150 3359 1229 3430 villa,
1245 3360 1291 3417 oui
1310 3361 1521 3420 llarcenniacus
1543 3361 1712 3419 vocabulum
1733 3371 1778 3427 est,

979 3450 1116 3523 distatque
1132 3466 1148 3506 a
1166 3449 1230 3507 loco
1253 3450 1428 3523 supradictos
1447 3467 1507 3509 noii
1528 3451 1695 3525 plurimum,
1722 3468 1778 3509 mu·

980 3543 1075 3598 fierem
1103 3549 1210 3615 captam
1230 3541 1319 3599 oculis
1339 3542 1456 3615 contigit
1481 3543 1630 3601 iuteresse.
1652 3543 1712 3599 llaec
1732 3543 1778 3598 in·

979 3647 1069 3702 gressa
1083 3630 1236 3699 basilicam,
1260 3631 1388 3703 precibus
1410 3648 1443 3690 ac
1464 3633 1541 3690 votis
1564 3633 1712 3692 uberrimis
1729 3649 1776 3689 sua

978 3718 1095 3775 caecitati
1115 3719 1268 3776 remedium
1284 3720 1439 3793 flagitabat;
1456 3739 1581 3797 cunique
1595 3741 1680 3782 sacrae
1693 3741 1709 3781 a
1722 3722 1776 3779 ide

978 3807 1051 3863 libus
1066 3808 1171 3878 uigiliae
1185 3808 1288 3867 debitis
1302 3822 1448 3884 agerentur
1470 3813 1586 3883 officiis,
1606 3815 1736 3871 universo
1753 3810 1776 3867 id

978 3904 1117 3968 spectante
1132 3907 1280 3968 conventu,
1301 3899 1385 3973 cupit
1411 3917 1447 3959 ex
1469 3900 1531 3974 ejus
1553 3905 1647 3962 oeulis
1661 3903 1776 3976 guttatim

125 4022 172 4069 eut
185 4021 327 4084 geruntur,
339 4021 469 4086 excerpta
485 4031 566 4087 quarn
579 4016 733 4088 serissime,
750 4021 855 4078 fastidii
869 4022 922 4079 sor·
977 4001 1060 4085 ΨΜ
1073 3986 1292 4087 θῘΠΠΘΓῨἎῙΠῘη
1316 3988 1397 4047 h⁰r³⁵
1413 3990 1606 4091 ,brevfaeiuffae
1629 3991 1776 4051 mmmm

125 4103 206 4158 lassis
228 4118 337 4159 evasere
356 4120 484 4160 nauseam
506 4109 661 4178 patrocinio
681 4113 835 4170 breuitatis.
852 4115 924 4173 Hiiic
977 4074 1101 4132 d¹⁵⁰⁰⁸⁵²
1128 4077 1266 4148 ⁰³¹¹3me’
1293 4078 1435 4136 redamus
1466 4079 1523 4138 dmi
1552 4081 1641 4154 labar
1668 4099 1775 4149 θεωρῶ

124 4191 242 4265 paucula
255 4190 289 4247 de
305 4191 361 4248 illis
373 4192 449 4263 locis,
462 4194 491 4250 in
503 4195 603 4270 quibus
613 4197 672 4271 ejus
684 4210 851 4258 venerantur
861 4204 921 4261 reli·
977 4171 1004 4263 ᾳ
1020 4164 1092 4221 clare
1111 4165 1205 4222 ⁰⁰¹¹¹i³
1219 4166 1313 4223 Videre
1330 4168 1500 4242 ps⁰m⁰¹¹¹i¹3
1528 4170 1606 4228 diem
1626 4173 1704 4230 mam
1722 4188 1774 4244 lm·

123 4281 216 4354 quiaen
230 4280 456 4353 perstringentes,
473 4284 507 4341 ad
522 4284 610 4343 libelli
626 4287 711 4346 linem
728 4290 805 4348 ocius
819 4308 923 4366 prope·
976 4254 1360 4403 ἓὲὶἰξχῑξίιζὲὶίὲῖἶῶὓωῖ
1390 4260 1568 4335 P⁶f³⁰²i⁸q¹¹⁶
1596 4280 1657 4321 ⁸¹¹2
1684 4279 1775 4363 ΙΨ·

124 4386 225 4428 ramus,
1270 4390 1279 4418 ,
1314 4355 1443 4406 votorum
1472 4350 1560 4422 plena
1590 4348 1776 4411 remeavitad

979 4435 1098 4507 propria.

160 4602 165 4618 ,
288 4605 294 4618 ,
364 4605 381 4620 ,,
584 4613 589 4623 ,
1015 4545 1060 4603 55.
1087 4550 1186 4604 Annus
1209 4564 1325 4622 sequens
1348 4549 1471 4623 ejusdem
1495 4554 1601 4625 gaudia
1628 4552 1775 4614 festivitati

125 4603 263 4667 3¹²me
283 4624 312 4662 ἠ
330 4609 393 4664 “²¹¹⁸
413 4609 441 4666 S·
463 4611 590 4668 Germam
602 4631 652 4687 Pfl
672 4617 789 4674 Galliam
811 4621 924 4677 ffllffl'fl
977 4647 1129 4710 revexerat,
1155 4640 1281 4716 interque
1296 4642 1393 4700 turbas
1407 4647 1624 4718 properantium
1640 4646 1774 4722 quemdam

397 4796 402 4808 Ι
481 4681 564 4752 sam
977 4743 1011 4783 ex
1038 4730 1144 4785 familia
1168 4731 1255 4787 sancti
1278 4731 1432 4789 blammetis
1452 4744 1475 4801 ⁸,
1499 4732 1633 4805 ejusdem
1658 4737 1774 4795 colonum

160 4792 206 4893 {52
236 4791 268 4849 ln
296 4794 428 4896 coenobio·
454 4798 664 4897 bleleredensib
692 4806 780 4879 major
809 4811 922 4869 ecclesia
977 4817 1063 4884 villas,
1078 4819 1234 4875 invalidum
1250 4826 1362 4894 totoque
1378 4838 1494 4894 corpore
1509 4824 1657 4896 reptilem,
1672 4822 1774 4896 ociitigit

126 4881 209 4956 hugus
224 4884 472 4955 precellentissimi
487 4888 576 4946 Patris
596 4893 709 4951 nomine
729 4894 852 4955 dedicata
872 4918 923 4958 co-
976 4905 1128 4962 adveuisse.
1149 4909 1185 4977 ls,
1201 4907 1266 4964 dum
1288 4926 1317 4966 se
1337 4925 1372 4966 ex
1386 4911 1479 4967 animo
1492 4913 1531 4969 ad
1547 4914 1641 4971 Deum
1657 4913 1772 4978 contulit,

126 4972 277 5045 gnosoitur.
304 4971 335 5028 ld
357 4974 515 5032 coenobium
541 4981 615 5051 genti
638 4981 783 5041 Britonum
807 4989 922 5047 Romam
976 4993 1048 5052 beati
1063 4994 1177 5054 obtentu
1195 4998 1321 5070 praesulis
1334 5000 1433 5056 nativae
1448 5001 1636 5061 rectitudinis
1660 5005 1773 5062 columen

438 4510 552 4572 CAPUT
571 4512 606 4575 V.

126 5061 337 5135 infatigabiliter
363 5068 503 5137 expetenti
530 5075 557 5125 et
584 5071 711 5141 pervium
736 5082 764 5130 et
787 5075 923 5138 familiare
976 5085 1130 5143 multorum
1144 5087 1175 5144 iri
1189 5090 1528 5164 presentiareouperavit.
1544 5092 1772 5164 Quotidiaui,ter·

161 5202 171 5228 ·
196 5184 314 5244 Videtur
335 5205 399 5261 ergo
418 5191 446 5246 iii
471 5193 588 5276 singulis
610 5200 743 5271 ecclesiis,
767 5202 802 5259 de
822 5206 922 5287 quibus
976 5212 1009 5268 ad
1024 5229 1069 5270 aii.
1086 5214 1148 5284 itt,
1164 5233 1192 5273 n.
1208 5217 1242 5274 ll
1258 5227 1285 5275 et
1298 5219 1374 5276 alibi.

126 5269 200 5312 nuno
213 5264 274 5329 aget
293 5260 418 5340 llericus,
436 5264 544 5337 aliquid
559 5268 625 5323 olim
642 5271 726 5328 luisse
741 5274 920 5349 reliquiarum

127 5326 156 5381 3·
173 5328 308 5387 gemm
1011 5295 1021 5321 ⁶
1036 5286 1063 5340 S.
1085 5286 1240 5358 Mommetis,
1258 5290 1316 5347 sire
1330 5292 1475 5348 Mumaatis
1488 5294 1529 5351 Μ.
1542 5295 1725 5372 subintellige
1735 5295 1770 5351 he·

161 5400 380 5474 idfelcredensi',
404 5404 472 5464 alias
493 5409 671 5482 Meleretensi',
694 5415 841 5489 Melcreiisi,
866 5429 919 5480 eto.
975 5356 1769 5518 3¹llctffidessgrdliddirsfflrdrgiisiidldielliqldlicasndffdtsysraegdllditsdxoqg}

126 5472 202 5544 punc
215 5472 298 5553 vulgo
312 5476 437 5545 Moutier,
448 5478 478 5536 iii
489 5498 556 5553 pago
568 5484 816 5569 Autissiodorensl;
831 5493 864 5547 do
874 5510 920 5549 cu·
975 5496 1086 5554 Oriente
1101 5501 1232 5557 obtinuit.
1249 5503 1316 5574 Ejus
1327 5506 1440 5562 nomine
1449 5507 1502 5564 lun
1524 5527 1595 5568 ones
1604 5512 1769 5572 saeoutomo

123 5549 170 5606 Jus
190 5537 352 5600 fundatione
373 5548 508 5608 ltobeitus
523 5557 676 5614 monachus
692 5575 721 5615 iii
736 5561 920 5635 chronologia
973 5568 1090 5638 decimo,
1125 5580 1168 5627 ost
1182 5572 1338 5646 impetratas
1352 5592 1407 5649 quo
1428 5594 1462 5634 ue
1475 5526 1616 5655 reliquias
1636 5586 1695 5658 ejus
1714 5580 1768 5640 iusi·

125 5611 199 5680 post.
214 5624 279 5668 ann.
297 5615 357 5682 729,
373 5626 400 5673 et
414 5620 502 5680 fusius
520 5625 697 5686 blabillonius
716 5630 745 5687 iii
764 5633 919 5692 Annalibus
973 5654 1048 5710 gaes,
1063 5587 1247 5701 catEedralem
1260 5593 1599 5713 ecclesiamdedicaruut.
