3834 6136
141 176 275 271 ssos'

137 363 298 423 Succcllaut
315 362 363 421 slii
377 362 501 438 ;jqctant
520 362 660 437 impendia
678 363 780 432 multi;

137 452 192 520 Qui
209 460 332 525 possunt,
347 453 424 509 oneri
439 454 547 513 vicibus
561 453 707 513 succedere
716 453 854 525 gaudent;

138 541 169 599 ld
185 543 298 615 quinon
310 550 433 616 possunt,
450 544 524 617 quod
535 543 626 600 solum
640 542 759 617 deniqne
774 554 898 617 possunt,

137 632 286 690 Deducunt
297 633 396 701 oculis,
411 634 499 690 oculis
517 641 544 690 et
557 649 624 690 voce
638 642 791 709 sequuntur
806 653 813 694 :

134 721 254 780 Lumina
268 722 416 796 multiplici
428 740 520 782 rerum
539 731 695 782 constructa
705 733 801 798 paratu

138 810 291 868 obnubunt
307 813 406 870 rutilos
420 813 540 888 pbmbeae
556 815 690 887 lampadis
704 815 791 887 ignes.

137 901 224 957 'lanta
234 900 316 957 datur
329 900 415 958 cineri
426 903 449 958 si
462 918 553 960 rerum
571 918 670 976 pompa
681 903 800 972 caduco,

137 990 245 1060 Quanta
264 990 385 1046 animaru
400 991 507 1065 superis
516 992 631 1065 insignit
645 992 732 1066 gloria
744 993 867 1050 castris?

641 210 689 270 DE
708 209 798 270 VITA
816 210 843 270 S.
863 213 1034 275 GERMANI.
1056 243 1088 256 -
1107 213 1290 275 EPILOGUS.

1719 214 1790 277 1206

949 369 976 431 Α
990 366 1097 435 Quanta
1111 368 1193 439 pclo;
1219 368 1242 425 si
1257 375 1335 426 tanta
1345 369 1429 428 solo?
1443 368 1588 439 ludente,
1606 367 1786 444 Redemptor,

990 454 1153 513 Sanctorum
1169 472 1276 530 semper
1290 476 1365 516 mors
1379 468 1420 518 est
1434 459 1556 533 pretiosa
1568 466 1692 529 tuorum,

990 544 1049 601 Hoc
1062 547 1216 618 splendore,
1227 548 1316 618 Pater,
1333 550 1419 607 Latiis
1433 558 1545 607 evectus
1558 547 1593 605 ab
1612 547 1680 613 oris,

989 633 1093 692 Ordine
1105 635 1250 706 magnifico
1260 637 1368 696 dilecta
1380 637 1503 698 redderis
1515 636 1590 706 urbi,

988 724 1085 781 Nobile
1095 741 1149 799 qua
1162 732 1253 782 servat
1266 728 1438 787 sanctissima
1449 729 1573 786 membra
1582 727 1742 801 sepulcrum

988 813 1107 887 Spiritus
1122 822 1149 871 at
1163 831 1259 888 perpes
1276 817 1437 874 meritorum
1452 817 1578 891 lampade
1591 830 1721 885 vernaus,

989 902 1077 974 Vivit,
1092 913 1120 962 et
1129 904 1238 961 eternis
1252 906 1357 965 attollit
1369 908 1469 966 saecnla
1478 906 1575 978 signis.

839 1259 1074 1338 EPlLOGUS.

313 1419 367 1483 Dei
384 1427 414 1482 et
427 1418 460 1483 S.
481 1417 637 1484 Germani
650 1422 686 1483 in
697 1426 863 1483 erectorem
877 1419 1045 1498 curteficia,
1061 1421 1159 1502 liujus
1173 1425 1277 1505 operis
1304 1440 1411 1489 consec
1424 1425 1610 1506 precipue.

171 1689 231 1746 trs.
243 1688 322 1745 Nunc
330 1687 382 1744 tibi
396 1703 472 1744 nunc
481 1687 681 1757 meritos-lesu,
692 1703 831 1746 sacramus
844 1686 930 1743 hono·
945 1687 968 1748 B
985 1691 1116 1749 Exortem
1130 1692 1235 1750 faxim:
1252 1702 1317 1750 sunt
1331 1702 1359 1752 et
1377 1693 1447 1750 mibi
1467 1707 1551 1766 pensa
1564 1690 1664 1748 talenti

134 1778 275 1834 Subnixus
289 1776 358 1833 solio
372 1777 459 1834 flectis
474 1776 521 1850 qui
534 1786 633 1834 cuncta
646 1784 770 1849 paterno,
865 1775 929 1849 ires,

134 1868 256 1926 Verbum
269 1874 369 1925 ennete
380 1883 486 1935 creans,
499 1875 636 1924 ructatum
651 1876 761 1938 pectore
777 1866 875 1934 Patris,

135 1960 202 2026 Rex,
216 1964 243 2014 et
257 1956 435 2029 principium,
449 1973 513 2027 pax,
526 1955 596 2011 etde
611 1955 716 2010 lumine
727 1955 833 2022 lumen,

133 2046 197 2112 Ars,
207 2053 234 2101 et
247 2044 407 2113 consilium,
424 2043 481 2111 lex,
496 2052 523 2098 et
538 2041 686 2100 concordia
700 2057 803 2110 rerum,

132 2136 275 2207 Causaque
290 2148 444 2200 censuum,
468 2130 558 2187 sedet
576 2131 655 2203 ignee
676 2131 740 2187 lons
763 2131 929 2202 animarum,

132 2224 209 2282 ldem
226 2220 406 2295 principium,
420 2218 542 2274 medium
557 2219 640 2287 idem,
655 2219 894 2287 terminusidem;

132 2314 187 2384 Qui
201 2327 343 2385 nunquam
352 2326 408 2367 non
423 2327 461 2378 es,
475 2325 615 2382 nunquam
631 2325 687 2364 nori
702 2325 759 2365 esse
772 2307 876 2377 tulisti,

132 2404 246 2475 Semper
260 2400 343 2457 babes
358 2416 425 2468 esse,
446 2399 493 2472 qui
512 2405 623 2471 praestas
633 2397 762 2454 omnibus
774 2414 851 2466 esse;

132 2494 278 2550 Essentum
293 2505 362 2562 pura
377 2506 409 2547 ac
423 2489 541 2560 simplex
551 2487 668 2544 essentia
679 2502 789 2555 rernm;

132 2580 256 2639 Artnbus
265 2578 384 2647 inlusus,
404 2592 567 2649 percurrens
580 2574 675 2631 omnia
688 2574 797 2641 mnndi,

133 2672 218 2727 Totus
228 2685 275 2741 per
289 2676 388 2736 totum,
404 2683 454 2723 nec
470 2683 531 2738 pars
546 2672 573 2721 te
586 2665 706 2721 destinet
721 2681 785 2722 uua.

132 2763 170 2820 Te
181 2760 270 2819 Patris
284 2759 404 2827 radium,
419 2764 446 2812 te
461 2756 544 2824 Patri,
561 2756 680 2824 Christe,
698 2771 833 2825 murum,

132 2855 171 2911 Te
180 2851 298 2908 colimus
311 2854 384 2907 casta
399 2854 461 2920 post
473 2847 532 2903 hac
546 2844 581 2901 de
595 2845 711 2919 Virgine
725 2853 822 2902 iratum

131 2941 290 3000 Pneumatis
301 2954 422 3007 accessu,
438 2953 536 3009 supera
552 2936 688 2992 manantis
703 2936 810 2993 abarce

131 3037 247 3094 Decreto
262 3035 379 3114 τριάδος,
400 3046 454 3104 qus
470 3029 597 3085 substant
611 3027 714 3096 omnia,
729 3042 853 3082 summm.

131 3135 177 3192 Sic
191 3132 305 3190 verbum
320 3148 383 3189 caro
397 3130 438 3199 lit,
454 3144 564 3186 carnem
580 3126 655 3199 quod
671 3125 771 3183 iecerat
786 3125 871 3192 olim;

131 3228 167 3285 Ut
181 3242 244 3284 caro
254 3224 407 3283 conversim
418 3222 495 3278 lieret
509 3219 635 3276 mirabile
649 3219 782 3277 Verbum.

131 3317 176 3375 Sic
192 3324 219 3373 te
234 3320 392 3397 tapetio-pos
407 3320 420 3349 ⁸
433 3317 508 3368 casta
521 3309 627 3367 ratione
638 3308 766 3374 latemur,

131 3416 203 3473 Vera
216 3413 266 3470 Dei
279 3412 380 3485 proles,
395 3408 518 3465 hominis
528 3406 673 3462 verissima
687 3406 777 3477 proles
794 3422 800 3460 :

131 3507 222 3565 Verus
232 3505 316 3560 bomo
326 3507 407 3570 atque
416 3499 504 3562 Deus;
516 3492 795 3560 binccouditus,inde
806 3495 925 3551 Creator:

131 3594 177 3651 Sic
190 3590 331 3661 duplicata
345 3592 419 3664 φύσις
433 3596 576 3655 personam
588 3587 828 3653 temperaturam.

130 3689 172 3744 Tu
189 3687 251 3758 pius
265 3683 391 3740 humanae
406 3697 453 3753 per
466 3679 565 3734 saecula
581 3676 671 3749 gentis
684 3686 801 3747 amator,

131 3771 270 3844 Sanguine
284 3768 423 3840 pertusum
438 3765 540 3822 tersisti
554 3763 671 3822 crimine
687 3764 841 3832 mundum;

130 3861 271 3921 Demissus
281 3858 383 3931 stygias
397 3855 462 3910 vitm
480 3862 619 3925 reparator
633 3853 668 3908 ad
682 3855 803 3923 umbras,

130 3953 166 4010 Ut
180 3950 302 4015 tandem,
319 3945 415 4018 spoliis
427 3949 563 4015 prostrato
573 3957 608 3996 ex
621 3940 699 3996 hoste
710 3943 836 4014 receptis,

130 4038 298 4115 Splendidus
311 4042 430 4116 οὐρανίας
445 4033 458 4073 b
475 4045 611 4087 remeares
620 4028 711 4085 victor
724 4029 754 4085 in
769 4045 863 4097 arccs;

130 4138 190 4208 Quo
204 4145 232 4193 te
245 4133 401 4206 suscipiunt
411 4128 554 4202 Seraphim
570 4127 692 4192 oculosa,
706 4142 807 4184 canoro

130 4225 259 4285 Carmine
277 4216 654 4293 multiplicem-modulantia
671 4215 855 4295 δωξαλογίανο

130 4322 166 4379 Et
183 4337 262 4378 senas
275 4317 401 4392 pandunt
418 4313 528 4371 blandis
541 4312 718 4386 applausibus
732 4312 799 4381 alas,

130 4411 266 4469 Ardentes
281 4422 390 4466 summo
401 4420 515 4463 summae
530 4403 647 4459 Deitatis
665 4419 767 4460 amore.

130 4500 182 4558 llic
196 4508 227 4556 tu
245 4497 384 4570 stelligero
399 4495 560 4567 dispensans
575 4492 668 4548 omnia
683 4499 801 4565 sceptro,

130 4587 244 4646 Partiris
257 4585 377 4660 propriis
389 4581 555 4657 polyformia
569 4596 682 4637 munera
696 4580 792 4636 servis.

129 4679 184 4736 lste
197 4678 363 4734 talentorum
377 4673 490 4730 sortitus
509 4673 613 4729 foenora
623 4670 754 4743 quinque,

127 4766 243 4824 Naviter
256 4762 355 4821 activis
369 4769 478 4819 exercet
490 4766 614 4832 tempora
633 4758 722 4815 causis
734 4776 741 4826 ;

131 4854 264 4912 llicscitu
278 4853 387 4922 melior,
402 4859 562 4926 compensat
575 4850 704 4924 dogmata
717 4849 808 4918 factis,

127 4945 254 5001 Testatus
270 4943 410 5016 geminum
426 4957 484 4997 sese
498 4940 624 4997 retulisse
640 4941 774 4995 talentum
792 4955 798 4993 z

126 5035 187 5102 Est,
201 5032 247 5090 cui
262 5031 395 5089 doctrinae
410 5028 532 5089 succedit
542 5028 621 5101 copia
634 5035 762 5093 tantum;

125 5123 242 5183 Debitor
256 5124 339 5179 unius
355 5121 528 5194 reputabitur
542 5120 596 5176 iste
609 5117 717 5176 talenti.

125 5215 216 5286 Atque
226 5213 335 5268 utinam
350 5211 477 5268 tenebras
491 5225 547 5265 nou
561 5208 609 5265 ille
625 5207 751 5263 redactus
761 5205 790 5261 in
804 5213 887 5275 stres,

124 5303 209 5360 Elust
224 5310 326 5359 aterno
341 5300 439 5357 mercis
454 5297 598 5372 dispendia
613 5298 708 5354 luctui

162 5390 222 5448 176.
237 5391 293 5447 Nec
304 5406 348 5446 me
363 5404 488 5461 gazarum
500 5387 610 5455 merito,
624 5387 681 5443 Rex
697 5401 802 5457 magne,
812 5393 920 5442 tuarum

159 5552 173 5580 ι
186 5513 218 5569 ld
228 5521 269 5570 est
278 5529 385 5570 curnem
398 5512 516 5569 verbnm.
527 5509 590 5567 Not.
605 5524 671 5565 mss.

160 5591 174 5633 b
194 5586 321 5644 Coelestes.

987 1781 1072 1838 Cauta
1085 1783 1157 1850 tltei;
1173 1790 1247 1839 stant
1257 1783 1356 1857 cuique
1372 1801 1428 1841 suae
1443 1781 1607 1856 compendia
1619 1779 1739 1849 mercis;

984 1870 1016 1925 ln
1031 1870 1113 1927 luteis
1127 1872 1262 1942 specubus
1274 1871 1380 1928 defosso
1394 1872 1510 1945 pecunia
1523 1885 1680 1945 quanquam

985 1959 1022 2013 Et
1035 1958 1103 2013 furti
1118 1966 1145 2013 et
1160 1959 1265 2014 fraudis
1279 1974 1390 2014 servum
1404 1958 1570 2015 condemnet
1580 1958 1711 2013 inertem.

986 2045 1110 2118 Cumque
1125 2045 1185 2101 dies
1200 2044 1329 2103 reducem
1344 2054 1370 2103 te
1389 2047 1486 2103 lecerit
1499 2047 1615 2102 ultimus
1630 2044 1717 2111 arvis,

985 2138 1076 2210 Atque
1090 2135 1163 2192 inter
1176 2135 1296 2191 famulos
1308 2135 1470 2208 discrimina
1481 2134 1595 2192 duxeris
1608 2149 1699 2208 aequa,

986 2230 1038 2287 llic
1052 2228 1150 2285 referet
1163 2227 1244 2284 macti
1260 2235 1348 2300 gretes
1357 2236 1385 2284 et
1400 2228 1512 2300 premia
1523 2226 1594 2296 fisci,

986 2317 1130 2374 Admissus
1142 2315 1234 2387 superi
1250 2316 1280 2371 in
1294 2315 1371 2372 sedes
1387 2325 1415 2372 et
1427 2316 1525 2388 gaudia
1539 2316 1635 2387 regni;

986 2407 1035 2462 llle
1048 2406 1105 2461 luet
1119 2404 1225 2460 meritis
1240 2404 1364 2476 neglecta
1379 2405 1526 2478 potismata
1539 2406 1554 2447 d
1567 2404 1656 2476 posuis

986 2494 1122 2550 Extrusus
1136 2492 1251 2564 placidae
1266 2491 1390 2566 pulchris
1408 2508 1422 2548 e
1437 2490 1575 2549 moenibus
1591 2491 1671 2548 aulae.

985 2582 1016 2638 ld
1031 2589 1160 2654 reputans
1170 2581 1273 2650 animo,
1289 2588 1468 2652 metnensque
1483 2579 1603 2636 immane
1617 2578 1727 2652 pericli,

985 2671 1045 2738 Qua
1062 2687 1168 2743 possem
1181 2677 1263 2728 tautae
1278 2676 1377 2725 memet
1391 2669 1541 2725 subducere
1556 2683 1646 2736 noxae,

986 2761 1102 2819 Sedulus
1116 2761 1251 2818 instabam
1269 2785 1275 2818 z
1292 2762 1451 2817 volventem
1465 2759 1595 2831 plurima,
1611 2758 1724 2816 tandem

986 2852 1099 2924 Impulit
1113 2851 1167 2908 buc
1183 2853 1246 2920 (uec
1257 2859 1363 2907 certum
1372 2849 1469 2917 babeo,
1485 2863 1609 2915 casusne,
1626 2846 1746 2920 Deusnc)

986 2942 1153 2998 Germanum
1164 2942 1270 2997 melicis
1284 2940 1421 2996 illustrem
1435 2936 1548 2993 reddere
1562 2936 1659 3004 musis,

946 3039 1039 3101 GHoc
1052 3049 1150 3089 venam
1167 3031 1271 3103 ingenii
1287 3029 1407 3101 primum
1423 3032 1529 3081 tentare
1545 3024 1662 3096 periclo,

985 3129 1043 3185 Hoc
1053 3126 1221 3196 intemptata
1232 3115 1415 3190 rudimentis.
1431 3112 1582 3187 specimen]
1597 3112 1706 3184 pulsare
1719 3126 1782 3182 poe·

1706 3196 1756 3271 [sis
1772 3212 1780 3256 τ

984 3307 1182 3366 lllultadabant
1195 3304 1320 3368 animos;
1336 3314 1413 3355 amor
1426 3304 1454 3353 et
1469 3292 1622 3351 reverentia
1638 3289 1744 3358 Sancti,

985 3399 1109 3456 Plurima
1123 3394 1260 3462 materies,
1275 3398 1335 3447 tum
1348 3395 1447 3460 praeter
1460 3391 1567 3451 caetera,
1580 3379 1653 3454 qnod
1669 3394 1712 3435 me

985 3489 1021 3544 Et
1031 3486 1130 3543 debere
1144 3483 1216 3543 Vero
1231 3488 1258 3538 et
1272 3479 1391 3536 nimium
1404 3474 1502 3532 debere
1515 3470 1644 3528 monebat

985 3575 1101 3637 Conscia
1115 3589 1191 3630 mens
1206 3586 1308 3629 rerum.
1324 3569 1487 3639 Septennem
1500 3561 1585 3618 ferme
1599 3557 1724 3632 puellum

985 3667 1077 3724 Sancti
1091 3663 1212 3722 servitiis
1221 3678 1265 3717 me
1279 3656 1475 3728 transcripsere
1489 3655 1618 3725 parentes

984 3760 1021 3816 Et
1036 3773 1131 3814 seusus
1141 3755 1262 3826 inopem,
1275 3759 1303 3808 et
1315 3753 1402 3806 cautae
1418 3742 1533 3801 rationis
1547 3740 1692 3796 inermem.

984 3846 1110 3920 Suscepit
1123 3853 1249 3902 tenerum
1259 3838 1358 3895 blande
1373 3835 1518 3890 miseratus
1532 3831 1675 3885 alumnum
1690 3844 1697 3893 ;

984 3941 1056 3996 Pano
1069 3940 1157 4006 aluit,
1174 3940 1312 4008 tegmenta
1325 3928 1421 3994 dedit;
1437 3925 1558 3980 lumenta
1573 3916 1698 3991 parauit,

983 4028 1102 4099 Corpore
1114 4023 1257 4098 provexit3
1270 4031 1329 4077 tum
1344 4016 1470 4074 sensibus
1484 4006 1675 4083 amplificavit.

983 4115 1075 4173 Vivax
1089 4112 1232 4167 difficilem
1245 4116 1339 4179 pectus
1353 4105 1469 4174 largitus
1485 4102 1514 4156 iu
1530 4106 1616 4154 artem
1628 4115 1635 4164 ;

983 4206 1137 4273 Languores
1151 4196 1257 4270 pepulit
1268 4213 1275 4261 3
1293 4191 1455 4249 discrimina
1467 4195 1567 4243 cuncta
1582 4184 1691 4254 subegit
1703 4201 1710 4250 3

981 4295 1132 4352 Absentem
1148 4286 1284 4360 precibus,
1294 4287 1456 4356 praesentem
1473 4273 1587 4330 numine
1597 4270 1692 4342 juuit;

941 4397 964 4454 [t
978 4382 1104 4450 Contulit
1117 4393 1198 4435 omne
1207 4376 1327 4439 bunum3
1341 4364 1510 4441 compescuit
1524 4376 1606 4418 omne
1620 4357 1775 4416 sinistrum.

982 4469 1158 4545 Carminibus
1177 4461 1279 4520 nostris
1289 4457 1335 4514 hic
1351 4453 1500 4510 illaudatus
1509 4447 1619 4506 abiret?

1021 4579 1082 4635 177.
1098 4573 1175 4630 l'alia
1189 4569 1348 4625 volventem
1364 4557 1503 4618 terrebant
1526 4553 1646 4627 plurima
1660 4555 1774 4613 contra;
1819 4600 1823 4605 .

984 4666 1104 4724 Materia
1121 4658 1251 4735 grauitas,
1266 4654 1346 4710 sicca
1357 4647 1463 4722 jejunia
1478 4645 1589 4716 linguae,

983 4757 1053 4812 Tum
1069 4750 1173 4826 specics
1183 4744 1283 4819 operis,
1295 4740 1360 4797 vilis
1374 4749 1489 4811 persona
1502 4737 1598 4806 poetae,

982 4843 1115 4915 Quodque
1125 4837 1175 4895 Dei
1186 4836 1245 4892 laus
1259 4837 1300 4887 est
1315 4826 1395 4885 labiis
1408 4824 1549 4895 incompta
1560 4815 1691 4876 scelestis.

982 4930 1119 4990 Subveuit
1132 4924 1242 4998 trepido
1251 4933 1371 4993 praesens
1380 4912 1483 4971 liducia
1496 4909 1554 4967 vati
1570 4925 1578 4966 ι

981 5020 1061 5087 Quod
1077 5032 1169 5092 posses
1186 5009 1287 5070 lubrici
1304 5008 1440 5080 plectrum
1452 5005 1578 5072 vegetare
1593 4991 1687 5067 palati,
1793 5042 1798 5051 ,

981 5108 1032 5167 Cui
1049 5107 1134 5163 mutis
1148 5102 1258 5159 facilem
1275 5113 1334 5154 mos
1348 5100 1389 5151 est
1402 5102 1526 5164 reparare
1541 5082 1689 5156 loquelam.

981 5197 1066 5269 lnque
1079 5207 1173 5267 preces
1186 5188 1292 5246 validas
1306 5186 1407 5241 memet
1420 5175 1558 5235 connixus
1571 5168 1661 5242 adegi,

980 5285 1025 5342 Sic
1038 5291 1177 5356 reputans,
1193 5278 1233 5336 sic
1251 5283 1290 5341 te,
1305 5286 1397 5329 rerum
1411 5265 1566 5326 lloderator
1579 5259 1696 5316 adorans
1713 5270 1720 5310 ;

979 5373 1007 5430 Si
1023 5380 1070 5428 tua
1084 5376 1158 5438 sunt,
1173 5382 1233 5442 quae
1248 5378 1340 5438 posco,
1354 5360 1445 5423 Dens;
1465 5355 1499 5423 si,
1514 5358 1542 5409 te
1559 5347 1707 5414 tribuente,

1015 5519 1026 5546 ο
1041 5500 1093 5555 Pro
1104 5496 1269 5577 dciclcqleo,
1283 5495 1515 5555 collaudationem.

1016 5578 1072 5636 lld
1087 5584 1137 5648 est,
1151 5572 1345 5651 negotiationes.
