3834 6136
61 180 100 238 ott
248 219 254 232 .
599 178 917 242 MARTYROLOGIUM.
938 214 972 227 -
992 183 1091 242 MESS.
1112 183 1188 242 unt.
1689 189 1724 247 bb

98 304 210 360 blonnn.
230 301 361 359 ‹Eodem
372 301 427 370 die,
442 303 528 358 sancti
540 301 603 376 Syri
617 304 737 377 episcopi
757 313 784 360 et
795 312 905 370 con-A
924 314 1055 380 praterea
1092 305 1231 363 additur:
1274 332 1284 356 «
1312 309 1374 390 Ipso
1398 310 1453 380 die,
1481 312 1599 384 Elnoue,
1634 317 1724 375 illatio

59 375 186 433 fossoris.
214 373 319 432 Eodem
348 373 404 439 die,
428 374 571 431 translatio
590 376 676 432 sancti
692 375 865 446 Beruardini,

921 379 1005 436 trium
1022 377 1162 449 virginum
1180 377 1399 436 Coloniensinm.
1419 405 1428 430 ι
1459 381 1621 443 Remittitur
1635 387 1664 444 in
1679 389 1722 447 in·

60 446 178 506 Ordinis
214 445 366 502 bimorum.
402 445 534 502 Laudnno
565 445 688 510 Clarato.
724 451 868 506 translatio
923 449 1410 508 dicePrateiinissoruinadiestuin
1427 452 1572 514 Ursulanis
1594 460 1724 520 omuibus

59 518 187 591 corporis
197 517 302 573 sanctis
312 516 435 572 tionum
449 516 606 573 inonaobi.»
622 519 868 577 Hecannniitiatio
923 521 1081 594 virginibus
1095 538 1241 580 commune
1258 539 1307 579 iiiii
1323 522 1460 582 Octobris.
1783 534 1786 539 '

58 590 212 648 totaetiaiu
230 589 347 662 ponitur
363 588 393 643 in
407 588 604 661 posterioribus
623 590 803 659 editionibus,
821 592 867 649 nbi

58 744 194 802 XVKM.

1611 753 1662 812 nti
1679 757 1720 823 te.

96 840 130 895 ln
147 838 277 908 AEpypto.
293 834 381 892 sancti
397 835 521 892 Dioscuri
546 835 666 904 lectoris,
694 836 723 892 in
746 852 827 910 quem
853 854 950 910 praees
966 839 1051 895 multa
1067 847 1095 896 et
1113 840 1190 896 varia
1209 847 1345 897 tormenta
1363 840 1498 912 exercuit,
1514 842 1554 900 ita
1569 851 1601 900 ut
1615 862 1725 919 ungues

58 925 264 1000 ejiiselioderet
278 933 307 980 et
322 925 496 994 laiiipa‘lilius
509 925 569 998 ejus
586 926 669 981 latera
684 925 749 982 inda
761 935 878 984 nmarrt.
895 929 941 984 sed
959 929 1078 985 cmlestis
1100 929 1213 986 luminis
1230 931 1334 1003 liilgore
1349 932 1438 988 territi
1455 932 1615 991 ceciderunt
1635 935 1725 992 :nini-

58 1017 118 1081 siri,
135 1014 289 1070 novissime
305 1015 416 1070 laminis
430 1015 592 1071 anlentibns
606 1015 719 1071 adustus
737 1018 900 1089 martyrium
916 1019 1129 1075 ciiiinminivit.
1151 1020 1211 1089 lpse
1234 1019 1290 1090 ilie,
1307 1021 1394 1077 sancti
1409 1023 1508 1079 Felicis
1521 1023 1653 1096 episcopi,
1673 1023 1720 1100 qui

59 1104 130 1178 apud
145 1105 348 1177 spellatensem
364 1102 473 1172 urbem,
488 1103 541 1160 snb
556 1104 725 1161 Maximiano
740 1103 914 1178 imperatore,
932 1111 1049 1178 palmam
1066 1109 1192 1182 martyrii
1208 1109 1324 1182 adeptus
1342 1118 1393 1169 est.

839 1229 955 1288 NOTAE.

93 1321 135 1376 Ex
150 1321 275 1381 Patren..
291 1319 438 1387 tto-tiles,
458 1321 614 1382 Toranius..
628 1321 784 1388 Piilsonen,
796 1321 860 1376 iln-

62 1395 188 1465 liierpi'eii.
205 1402 233 1448 et
246 1391 445 1460 alm-tilae,
462 1393 608 1459 diuiserat,
631 1393 731 1461 Belin„
751 1394 859 1449 Greoeii.

913 1331 939 1376 et
956 1323 1054 1379 lliliiii.
1073 1326 1140 1382 ltein
1163 1342 1198 1382 er
1216 1326 1451 1396 titiam-itis..
1476 1325 1626 1397 Ultraiiet„
1647 1327 1719 1400 latt-

916 1395 988 1462 deit„
1008 1396 1163 1462 toccien,
1180 1398 1274 1454 Duiiic.
1291 1407 1319 1455 et
1333 1398 1407 1455 Edit.
1426 1399 1622 1471 illirici-Bria

675 1517 878 1575 trutannus
899 1518 1104 1578 Lectiones

95 1617 154 1674 Vix
169 1617 229 1672 nlla
240 1631 276 1683 re,
291 1623 474 1688 praeterquam
492 1613 590 1671 erratis
605 1614 760 1686 scriptoriis
776 1623 859 1670 nota·
874 1618 896 1679 Β
915 1616 1026 1689 scripsit
1049 1619 1151 1673 lectoris
1166 1625 1190 1673 et
1212 1620 1350 1688 martyris.
1379 1621 1553 1689 spalatensem
1569 1622 1635 1693 legit
1649 1624 1720 1680 Pul·
1736 1646 1742 1655 ¹

61 1689 126 1745 bilis
140 1696 200 1752 est;
228 1687 322 1756 scipta,
349 1693 396 1749 sel,
422 1686 573 1751 uinitori,
594 1687 721 1748 liiiirtori',
744 1686 857 1743 Fielicis.

60 1759 180 1816 narniai
198 1768 226 1815 et
245 1757 407 1828 hujusmodi
429 1757 502 1815 aliis.
524 1758 658 1814 Munerat.
674 1757 707 1814 de
730 1757 861 1815 Dioscorn

914 1703 1007 1742 sanen.
1022 1689 1109 1743 Belin.
1124 1690 1310 1759 spolitanae:
1328 1689 1405 1762 pejus
1416 1691 1605 1749 ltin-tuliis.
1617 1696 1720 1764 Spella-

916 1759 1029 1814 denseri.
1046 1760 1115 1816 Aliae
1130 1762 1296 1818 variationes
1307 1765 1439 1834 patebunt
1455 1779 1482 1818 in
1502 1765 1651 1822 ancuriis.

736 1876 1037 1935 unsuttvattuuns

91 1978 253 2036 Blascorum
275 1982 424 2046 martyrem
448 1974 611 2046 AEgyptinm
626 1973 727 2031 diserte
746 1990 861 2029 annun-

61 2052 127 2108 tiant
136 2046 297 2122 apographa
306 2046 533 2118 Hieronyiiiiana,
549 2046 578 2101 in
595 2045 708 2119 quibus,
721 2045 743 2101 si
758 2047 861 2115 Epter-

62 2136 174 2178 uacense
198 2119 332 2189 excipias,
361 2125 458 2190 prieter
484 2117 596 2173 solitum
630 2116 753 2176 additur.
786 2117 861 2190 quod

61 2195 141 2248 uultu
154 2207 253 2264 possm
271 2190 317 2244 iit.
334 2189 486 2245 Romanum
503 2204 629 2259 parvum,
645 2204 755 2270 prosus
770 2186 859 2243 brevi·

62 2273 121 2331 tate,
137 2264 231 2319 solum
245 2276 346 2317 nomen
359 2268 387 2316 et
401 2259 528 2331 martyrii
548 2260 639 2315 locum
651 2259 765 2316 indicat.
776 2260 860 2316 Porro

62 2337 148 2391 multa
163 2335 213 2388 illa
227 2341 254 2388 et
268 2332 440 2388 atrocissima
456 2340 602 2396 tormenta,
616 2330 717 2403 quibus
730 2331 860 2387 direcru·

63 2407 145 2463 cutus
161 2412 214 2465 est.
236 2404 328 2475 paucis
343 2403 390 2460 sed
405 2403 543 2474 eleganter
556 2402 729 2458 enumeravit
752 2402 860 2473 ttarty-

64 2481 170 2545 roloyus
196 2474 370 2541 Viennensis,
398 2489 433 2528 ex
455 2474 549 2547 aliquo
571 2473 721 2545 antiquiori
747 2490 796 2528 sua
810 2491 861 2530 ac-

64 2550 176 2620 cipiens,
193 2545 242 2602 sed
265 2545 326 2623 quis
350 2545 396 2600 ille
415 2546 473 2600 anti
495 2546 556 2599 iiior
575 2545 621 2611 sit,
644 2561 678 2600 an
703 2545 774 2601 forte
792 2546 859 2600 olim

64 2621 132 2676 Acta
157 2619 328 2680 exstiterint,
351 2631 437 2688 neque
489 2615 664 2683 enscbenius,
684 2631 773 2688 neque
790 2617 861 2672 alius

100 2691 200 2762 ispiam
218 2688 345 2744 hactenus
366 2687 483 2742 invenit.
501 2689 597 2744 Petrus
612 2686 760 2759 Eqiiilinus
772 2687 861 2758 elogia

64 2707 206 2818 noniano
224 2759 322 2839 passim
344 2757 486 2826 describit,
502 2757 582 2829 cujus
597 2757 642 2813 bic
662 2765 766 2814 textum
784 2761 860 2814 inte-

66 2849 134 2904 ymm
166 2840 193 2887 et
221 2839 409 2897 immutatum,
436 2831 463 2884 in
484 2830 646 2886 laterculum
677 2846 756 2884 suum
777 2838 859 2885 etiam

66 2903 222 2960 transtulere
238 2901 377 2957 Usuardus
400 2917 476 2974 aeqiie
498 2918 530 2956 ac
552 2900 698 2956 Notliariis.
731 2900 859 2956 Wanlal·

65 2974 148 3032 bertus
162 2976 255 3030 solum
273 2975 361 3044 ipsum
389 2972 439 3028 buc
463 2971 508 3028 die
535 2972 655 3028 celebrat
677 2971 720 3027 bis
737 2971 857 3027 uerliis:

67 3048 183 3114 Ouinlmu
197 3061 258 3099 cuin
280 3045 381 3098 decimu
405 3051 511 3115 iiiiiilyr
530 3045 675 3099 Dioscorus
690 3045 786 3113 implet.
807 3042 860 3099 Sed

65 3118 122 3190 quid
135 3118 169 3174 de
184 3117 271 3172 Felice
283 3115 402 3186 epi-scopo
420 3116 600 3183 Spellateiui?
618 3115 673 3170 Hoc
689 3121 795 3169 certum
811 3114 857 3170 ob·

65 3205 143 3250 serio,
160 3186 398 3268 Martyroyrapliis
417 3186 556 3249 omnibns,
579 3185 702 3242 Usnirdo
721 3184 778 3242 anti
802 3186 858 3241 nio·

915 1973 1201 2032 esseadditamentnm
1216 1990 1251 2031 ex
1273 1975 1397 2033 llsnardo
1419 1991 1435 2031 a
1458 1977 1606 2035 recentiori
1627 1979 1720 2054 aliquo

915 2046 1084 2127 descriptore
1103 2046 1252 2118 adjectum.
1270 2048 1333 2103 Sola
1356 2047 1441 2119 igitur
1457 2049 1571 2106 Usuardi
1592 2051 1721 2108 anctori-

916 2126 970 2175 tate
985 2118 1035 2172 niti
1052 2117 1164 2175 videtur
1180 2118 1316 2193 quidquid
1340 2119 1375 2174 de
1395 2119 1446 2177 boc
1471 2130 1567 2177 sancto
1590 2123 1719 2197 episcopo

915 2197 942 2244 et
957 2197 1086 2261 martyre,
1102 2190 1212 2246 aPetro
1234 2189 1268 2246 de
1290 2190 1434 2248 Natalibus
1452 2192 1568 2265 aliisque
1587 2193 1720 2252 traditum

915 2267 956 2316 est
980 2263 1031 2316 Ast
1046 2260 1119 2317 unde
1133 2277 1164 2317 ea
1183 2260 1281 2318 Noster
1303 2264 1448 2335 acceperit,
1464 2263 1552 2320 lateor
1572 2280 1614 2320 me
1629 2266 1717 2321 unlla-

914 2339 995 2387 tenus
1010 2348 1086 2403 posse
1101 2331 1252 2403 conjicere,
1270 2349 1358 2408 neque
1373 2335 1446 2390 enim
1462 2334 1496 2389 de
1509 2337 1640 2393 ⁴totorum
1656 2338 1720 2393 sin·

915 2404 1039 2470 ueritate,
1056 2404 1287 2477 autentiquitate.
1300 2422 1350 2462 nec
1366 2405 1400 2460 de
1414 2405 1562 2477 episcopali
1578 2407 1651 2476 sede,
1664 2423 1720 2464 uua

915 2482 956 2530 est
970 2474 1136 2546 scripturum
1154 2475 1299 2531 sententia.
1319 2477 1354 2531 Et
1367 2476 1479 2548 quidem
1489 2477 1632 2546 limenius,
1648 2478 1719 2534 forte

915 2544 1013 2601 Belino
1024 2545 1141 2600 nimium
1153 2545 1417 2618 conlisus,Spellutoe
1427 2549 1532 2618 putavit
1543 2548 1719 2605 substituen-

915 2616 981 2671 dum
993 2631 1051 2672 esse
1062 2618 1204 2686 spoletum.
1218 2617 1272 2673 aiii
1286 2617 1313 2672 in
1326 2618 1500 2676 Dalmatiam.
1514 2619 1561 2672 alii
1578 2618 1606 2674 in
1619 2619 1713 2687 llispu·

915 2688 988 2742 niam
1000 2689 1137 2743 retrabere
1147 2697 1294 2744 conantur.
1306 2688 1405 2743 bliruin
1416 2688 1484 2743 adei
1500 2688 1601 2761 litigari
1612 2689 1646 2745 de
1660 2705 1717 2745 nno

915 2760 1014 2824 Felice,
1022 2775 1084 2814 cuin
1097 2760 1164 2815 Aeta
1174 2767 1235 2815 nost
1245 2777 1263 2813 a
1275 2760 1371 2830 primis
1379 2759 1501 2831 quinque
1513 2759 1652 2816 meisibus
1661 2760 1717 2817 iere

914 2837 1025 2886 centnm
1037 2846 1208 2901 synonymus
1219 2832 1348 2887 referant.
1361 2830 1399 2885 Ne
1411 2831 1505 2886 inultis
1517 2847 1616 2898 morer,
1627 2833 1717 2888 curio·

914 2918 974 2956 suin
988 2903 1115 2958 lectorem
1129 2903 1240 2958 remitto
1250 2901 1283 2958 :id
1298 2901 1461 2958 llenscbeuii
1473 2902 1715 2971 commentarium,

914 2987 995 3044 qnam
1013 2972 1137 3044 proxime
1157 2972 1191 3029 ad
1208 2973 1363 3039 veritatem,
1379 2975 1423 3028 vel
1440 2974 1536 3030 saltem
1561 2974 1718 3029 verisimili·

914 3043 1011 3099 tudine
1024 3066 1038 3098 ιι
1047 3043 1296 3111 acceleiitein,nisi
1305 3045 1372 3117 quil
1384 3045 1659 3115 probetl’illemontil
1671 3046 1718 3103 ob·

911 3112 997 3241 idem
1010 3123 1084 3170 tomo
1097 3115 1129 3179 V,
1143 3132 1201 3186 pair.
1214 3116 1275 3171 tut.
1290 3116 1331 3172 dd
1342 3132 1391 3172 nos
1401 3115 1474 3188 qnod
1486 3117 1594 3189 proprie
1605 3124 1715 3186 attinet,

938 3185 1029 3241 suardi
1047 3195 1153 3242 lentitia
1172 3187 1356 3243 inluliitatiiin
1374 3186 1488 3254 liciiint,
1507 3189 1659 3243 nmsotun
1671 3204 1715 3244 co·

65 3260 132 3316 n'bns
146 3268 172 3315 et
189 3276 242 3331 ipsi
261 3259 375 3324 coaevis,
391 3273 447 3313 esse
462 3273 572 3384 prorsus
593 3255 774 3327 incognitum.
792 3295 799 3312 ι
815 3273 858 3312 ani
874 3251 896 3313 C
913 3255 987 3313 dices
1011 3256 1218 3329 quatuordecim
1244 3259 1277 3314 ab
1307 3256 1479 3314 llenschenio
1502 3257 1642 3329 appellati,
1669 3257 1717 3314 sed

64 3332 170 3404 quadiu
185 3330 283 3386 codice
297 3328 444 3385 Adoiiinno
482 3329 604 3385 eodinusi
616 3345 665 3383 ms.
684 3330 771 3384 sancti
784 3328 858 3383 bau-

63 3403 145 3470 rentii,
161 3402 259 3459 Felicis
271 3401 405 3457 memoria
418 3399 520 3456 inserta
530 3401 575 3467 sit,
592 3407 666 3472 patet
681 3399 857 3456 inanilestnn

912 3335 1017 3402 qiiotqu
1028 3337 1047 3384 it
1059 3331 1086 3383 iii
1100 3328 1182 3397 tinius
1192 3329 1283 3400 operis
1294 3328 1411 3384 decursu
1424 3330 1543 3398 integros
1554 3329 1714 3395 citavimus,
1812 3389 1815 3393 ,

912 3415 976 3456 cum
990 3410 1063 3472 typis
1076 3398 1176 3468 editos,
1189 3409 1248 3455 tuin
1265 3414 1349 3454 minu
1364 3407 1499 3454 exaratos.

789 3523 983 3583 ructanti.

90 3628 239 3685 Rosviarn.
256 3623 349 3681 textui
364 3639 434 3697 puio
448 3622 627 3696 superantii:
658 3644 669 3671 ι
689 3621 794 3680 Eodem
813 3621 858 3701 dio

59 3700 199 3757 translatio
214 3697 331 3768 Elgiva.
348 3718 358 3742 ι
386 3696 442 3753 llac
456 3695 501 3753 die
516 3695 545 3751 in
558 3696 635 3752 Actis
649 3696 782 3752 recolitur
798 3709 858 3765 eyus

56 3787 203 3828 memoria.

91 3841 318 3898 Arretina-ilii.
333 3840 423 3898 Etiam
441 3839 469 3895 in
485 3837 555 3895 line:
571 3861 580 3884 ι
594 3835 696 3893 Eodem
706 3835 760 3901 die,
772 3843 858 3892 trans·

56 3913 124 3970 latio
138 3919 245 3969 sancta
259 3911 406 3978 llildrede,
431 3911 539 3967 diiectae
565 3911 620 3965 lieo
643 3907 770 3980 virginis.
792 3933 801 3954 ·
828 3910 859 3965 ln

56 3982 257 4041 Praeterniissis
272 3983 418 4040 remittitur
440 3980 473 4038 ad
487 3981 560 4037 diem
576 3981 694 4036 natalem
710 3996 761 4036 xm
777 3979 857 4036 tutti.

54 4056 135 4112 Facta
154 4054 304 4112 translatio
317 4054 456 4111 indicatur
467 4068 541 4109 anno
556 4068 647 4108 axin.

86 4127 250 4186 Carrucam
269 4125 392 4182 Dioscuri
409 4125 530 4195 elogium
552 4121 737 4198 pretermisit.
762 4123 794 4178 ln
811 4122 859 4180 Fe·

54 4195 116 4264 lice,
132 4200 215 4270 plane
231 4196 405 4255 Usuardinns
419 4205 470 4252 est.

88 4269 283 4335 Beuueinun,
299 4269 327 4325 in
346 4271 477 4324 boscum
495 4266 562 4323 satis
577 4282 673 4337 pnrus,
689 4265 729 4322 sio
780 4282 793 4321 r
812 4265 856 4321 it:

61 4340 115 4396 dn
128 4340 304 4402 alexandria.
322 4349 481 4396 sanctorum
497 4337 719 4411 presbyterorum
736 4280 859 4418 iPaeriim-

54 4411 99 4468 nii
115 4417 143 4465 et
155 4412 319 4484 serapionis.
334 4436 344 4459 ι
366 4410 463 4466 bdelius
477 4409 630 4479 scripsisset
644 4408 850 4473 ‹Potainonis,·

53 4497 122 4540 curn
134 4483 216 4539 ratiis
227 4485 322 4550 sociis,
338 4481 483 4555 dequibus
494 4482 561 4537 noia
575 4495 610 4536 ex
622 4478 858 4550 llieroiymianis.

53 4552 205 4636 Sequitur!
229 4553 363 4636 ‹uApttdS
384 4557 532 4609 oletensem
545 4551 649 4615 urbsin,
662 4551 747 4605 sancti
761 4548 859 4605 Felicis

89 4641 147 4681 isco
167 4643 186 4686 ι.

54 4640 174 4752 wimadi
230 4704 378 4769 eptusest.
401 4697 468 4752 Item
492 4695 585 4750 bledar

80 4769 185 4833 ureniae
206 4767 362 4839 iiryinis.·
384 4767 457 4825 Citat
478 4765 553 4821 hunc
570 4764 691 4820 codicem
742 4763 861 4818 eusche-

57 4840 130 4905 nins,
144 4848 172 4895 et
188 4839 342 4910 Eugeniam
361 4840 439 4894 istam
462 4835 656 4908 praetermittit.
679 4837 716 4890 lte
731 4833 858 4890 llelardo

245 4643 251 4680 i
275 4626 329 4682 sub
380 4624 522 4680 otimiano
547 4626 583 4677 im
605 4630 710 4677 eratore
732 4619 859 4691 martyrii

586 4639 613 4749 dt
634 4693 765 4818 episcopi.
791 4692 859 4747 ltem

913 3621 1082 3693 exemplum.
1099 3619 1135 3677 Et
1152 3619 1179 3676 in
1194 3618 1305 3676 divitiis
1318 3635 1427 3694 semper
1442 3617 1490 3678 ille
1503 3619 1591 3679 lirum
1607 3618 1713 3696 timuit,

913 3703 940 3749 et
956 3709 1029 3749 nunc
1045 3692 1073 3748 iu
1087 3700 1245 3764 paupertate
1260 3690 1338 3749 illum
1351 3693 1465 3764 probare
1479 3693 1578 3759 voluit,
1590 3695 1611 3751 si
1624 3695 1715 3755 tidelis

914 3773 1093 3837 permaneret.
1117 3765 1150 3822 Et
1165 3763 1228 3838 quia
1249 3763 1338 3821 fidelis
1354 3765 1472 3837 perstitit
1490 3765 1517 3821 in
1534 3766 1714 3828 tribulatione

913 3843 940 3892 et
957 3843 1124 3918 paiprtate,
1153 3847 1213 3891 ineo
1276 3839 1361 3892 nitnit
1384 3836 1534 3894 lloiiiiiium
1560 3838 1623 3893 mali
1641 3838 1715 3912 quod

913 3907 965 3964 siln
981 3906 1092 3976 racemi,
1104 3914 1132 3963 et
1146 3904 1223 3964 reddi
1247 3907 1268 3962 it
1282 3906 1375 3962 omnia
1388 3906 1412 3963 ei
1428 3906 1560 3979 duplicia.
1576 3909 1609 3964 lli
1622 3919 1716 3981 postea

914 3980 1032 4052 Dynam.
1052 3977 1138 4036 liliam
1154 3978 1237 4034 Jacob
1252 3978 1424 4052 patriarcba,
1441 3979 1555 4048 accepit.
1570 3987 1599 4036 ot
1621 3982 1717 4052 genuit

914 4065 989 4106 enea
1006 4049 1077 4105 lilios
1108 4049 1215 4117 liiiiai,
1232 4060 1259 4106 et
1275 4049 1346 4105 vidit
1357 4048 1430 4105 lilios
1444 4066 1508 4106 suos
1519 4058 1546 4107 el
1562 4049 1715 4109 titioslttto·

914 4137 976 4177 rum
1001 4137 1114 4179 suorum
1137 4121 1267 4194 usquein
1285 4123 1394 4177 tertiam
1417 4131 1445 4177 et
1486 4129 1591 4177 uartain
1605 4138 1715 4249 periera-

914 4193 1030 4249 tionem.
1050 4192 1136 4264 llzq'ns
1155 4192 1255 4250 iustum
1279 4203 1359 4249 sexto
1374 4191 1439 4248 liius
1481 4193 1515 4247 iii
1541 4195 1708 4252 rescitur.»

915 4262 1003 4331 Quam
1020 4262 1101 4319 sidem
1119 4264 1248 4334 praedicta
1270 4272 1435 4331 mereantur,
1454 4263 1565 4321 leteris
1575 4262 1715 4336 judicium

914 4345 983 4392 esto.
998 4335 1146 4408 Sequitur:
1171 4360 1180 4382 ι
1196 4334 1299 4390 Eodem
1310 4334 1366 4403 die,
1380 4335 1466 4391 sancti
1485 4335 1715 4410 Felicisepiscopi

914 4417 941 4462 et
954 4406 1092 4488 martyris,
1104 4406 1152 4481 qui
1164 4406 1236 4477 apud
1246 4406 1441 4476 spellatensem
1454 4405 1549 4462 urbem
1564 4407 1615 4463 sub
1630 4407 1716 4463 Matri·

915 4477 1008 4532 miano
1023 4486 1187 4549 imperatore
1207 4484 1247 4531 est
1261 4478 1375 4547 adeptus
1390 4478 1510 4548 palmam
1531 4476 1667 4547 martyrii.
1683 4477 1716 4533 ln

915 4547 1070 4614 Britannia,
1080 4548 1167 4604 sancti
1181 4545 1285 4601 Yvonis
1295 4547 1470 4610 contessoris,
1487 4553 1514 4601 et
1526 4548 1608 4601 etiam
1624 4546 1716 4619 magni

913 4619 1032 4675 liiriste.
1058 4618 1137 4678 Item.
1159 4615 1286 4674 Carencii
1305 4617 1425 4688 episcopi
1449 4624 1476 4671 et
1499 4617 1673 4674 contessoris.
1699 4643 1708 4667 ι

915 4691 996 4746 Hunc
1023 4688 1051 4744 in
1082 4687 1274 4745 Proterruissis
1301 4703 1364 4743 nom
1380 4696 1426 4744 nat
1453 4686 1653 4758 llenscbenius,
1682 4688 1717 4749 de

915 4760 1000 4834 priori
1024 4761 1124 4816 iterum
1151 4767 1230 4816 tacet.
1254 4757 1383 4815 «Eodem
1406 4759 1462 4825 die,
1478 4760 1615 4833 depositio
1628 4761 1717 4820 sancti

914 4831 1009 4889 Adiilli
1026 4831 1229 4890 Caiiieracenss
1243 4831 1363 4904 episcopi
1379 4840 1406 4889 et
1421 4831 1596 4889 contessoris.
1622 4857 1631 4881 ι
1662 4833 1717 4890 Nec

58 4924 113 4964 non
133 4911 259 4983 liquitur
284 4909 378 4977 bodie,
399 4909 446 4965 scd
466 4907 511 4964 die
530 4906 665 4980 sequenti,
690 4914 719 4961 ut
744 4905 806 4960 vile
830 4905 944 4963 iulide
960 4905 1053 4960 bucin
1069 4904 1309 4961 Praiennissistti
1330 4913 1442 4960 mentio.
1468 4902 1577 4961 Colitur
1600 4903 1645 4959 die
1665 4919 1715 4960 se-

57 4978 252 5038 Preterinissis
277 4980 348 5037 Nota
357 4990 400 5037 est
414 4979 534 5036 bledardi
550 4978 686 5034 festivitas
707 4993 756 5032 viii
770 4976 855 5032 lunii.

95 5051 276 5108 flacusiirtu.
294 5053 409 5124 incipit:
434 5051 504 5106 dub
516 5049 663 5123 prophete.
675 5046 722 5120 qni
735 5049 858 5119 regnavit

58 5121 213 5181 incivitate
237 5124 333 5189 Basra,
347 5137 375 5179 et
395 5123 425 5179 in
440 5123 529 5196 p·imo
545 5120 625 5177 valde
640 5128 697 5175 erat
718 5120 760 5174 liic
772 5120 857 5190 ipler,

56 5202 83 5250 et
97 5205 211 5252 oruitns
228 5195 297 5252 litiis
311 5195 329 5252 li
343 5195 488 5267 iabusque,
503 5193 670 5248 iratribuset
682 5189 787 5245 amicis,
805 5190 858 5256 itui

56 5264 84 5319 in
96 5270 233 5339 prosperit
253 5274 279 5323 le
289 5267 369 5322 rzilde
379 5265 473 5322 tiinnit
486 5265 643 5320 lininiiinvi.
655 5271 682 5318 et
693 5278 741 5332 pro
752 5260 858 5317 delictis

57 5333 174 5392 iliorum
191 5351 220 5394 et
232 5337 355 5393 tiliarum
369 5354 480 5394 suarum
491 5353 568 5408 semp
578 5352 598 5390 ·r
607 5333 726 5389 llrmiinu
738 5350 753 5386 n
762 5333 779 5387 d
788 5349 857 5403 pre·

57 5409 132 5464 cabil
142 5427 177 5476 ir,
196 5426 225 5465 ni
243 5411 308 5464 iltis
329 5429 344 5464 a
367 5418 478 5482 peceato
492 5408 653 5464 custnlirit.
670 5405 756 5471 Quem
777 5414 858 5458 satin

58 5493 72 5532 a
86 5482 205 5536 {limine
222 5490 303 5552 petiit
315 5480 350 5536 ad
370 5480 530 5549 toniptaiilu
542 5496 570 5542 ii,
589 5486 653 5540 pata
665 5494 687 5530 is
705 5490 733 5529 se
747 5489 828 5530 servo
838 5491 857 5554 ¹n

59 5549 102 5605 list
120 5552 173 5608 lob
198 5554 312 5608 biatnn
336 5569 387 5623 pan
413 5561 493 5608 irtite
514 5560 540 5606 et
563 5547 741 5606 tribilatione
768 5563 859 5602 earnis

59 5635 131 5701 pisse
158 5624 293 5697 dejicere.
311 5624 365 5681 Sed
389 5569 525 5680 Bominns
544 5638 606 5678 cnm
623 5637 656 5676 eo
675 5618 750 5675 alinl
771 5617 859 5699 lacere

61 5695 228 5773 tetendebrt,
246 5704 273 5753 et
288 5696 350 5753 ileo
367 5696 447 5752 illum
473 5693 619 5751 tentationi
643 5691 749 5772 Silene
768 5690 857 5771 subp·

61 5766 152 5825 ciebat.
170 5768 313 5825 Dominus
334 5766 412 5824 enim
431 5783 495 5825 enm
514 5766 578 5823 aliis
600 5765 691 5821 voluit
709 5777 810 5834 ponere
827 5776 857 5817 m

938 4976 1022 5032 uenti.

917 4993 1110 5109 qitouioiscr.
1128 5063 1177 5118 pro
1202 5047 1220 5102 S
1239 5047 1273 5102 etl
1285 5051 1400 5111 ilenirem,
1427 5044 1519 5109 babet,
1543 5042 1717 5113 Spolitriiirn-

912 5135 977 5173 iem.
994 5119 1028 5173 e'i
1043 5135 1072 5173 in
1099 5118 1153 5175 ime
1176 5063 1253 5175 addit
1279 5136 1285 5175 :
1318 5143 1328 5167 ι
1348 5117 1486 5182 Atrebate,
1506 5112 1642 5185 depositio
1658 5115 1717 5171 lla·

912 5189 1014 5256 dulpbi
1031 5188 1163 5261 episcopi.
1182 5215 1191 5239 ι
1519 5253 1525 5266 ο

949 5260 1381 5318 blimin-diiiiun-Uniniinor.
1391 5257 1527 5311 «Dioscuri
1544 5257 1679 5328 martyris
1691 5261 1719 5316 et

912 5331 1033 5387 lectoris.
1057 5332 1154 5387 Felicis
1179 5349 1212 5401 ep
1227 5334 1296 5401 ieipi
1322 5341 1349 5386 et
1375 5335 1512 5387 inirtvris.
1544 5327 1712 5385 lleriiardiiii

912 5420 945 5460 co
957 5403 1138 5474 passicis-lii
1155 5419 1275 5473 margins
1286 5410 1376 5456 autem
1393 5414 1455 5453 cnm
1470 5401 1638 5468 astensem«
1649 5401 1718 5458 alias

915 5473 1049 5529 bernardi
1070 5482 1224 5530 sternite·

949 5547 980 5600 ln
1010 5544 1142 5601 Veniens.
1168 5545 1274 5610 sigittlt
1298 5555 1374 5595 num.
1402 5539 1484 5611 bitu,
1510 5542 1587 5599 deest
1612 5543 1716 5612 Felicis,

913 5617 987 5689 quud
1004 5634 1102 5672 niiriin
1118 5627 1168 5672 eat.
1183 5614 1439 5683 Alpotiiraiitein!
1456 5615 1504 5671 «lii
1516 5613 1716 5683 Alexandrina,

915 5687 1005 5744 saincti
1022 5686 1211 5744 Pontamionis
1246 5683 1414 5758 resbyteri.»

950 5759 1110 5839 Srnozzmu.
1123 5754 1217 5812 Primo
1227 5700 1294 5813 dcco
1310 5773 1316 5813 :
1336 5756 1443 5830 «Apud
1454 5755 1717 5825 Camerinumssu-
