3834 6136
208 217 259 276 26?
855 213 1005 274 ttstiitniu
1024 214 1183 274 MONACHI
1805 212 1861 272 268

208 343 255 400 sti.
278 339 398 401 -nodam
413 338 468 408 die,
484 339 572 397 sancti
581 338 680 398 Marini
690 339 810 412 episcopi
825 349 853 398 et
866 341 1005 413 martyris.
1024 350 1045 413 A
1063 341 1130 396 rie·
1152 341 1220 396 Tum
1228 338 1482 411 minoribustypis:
1501 337 1609 397 «Beate
1624 335 1733 394 Gudilie
1745 337 1862 406 sororis.

209 413 348 481 Treveris,
363 410 437 469 beati
451 410 593 469 Valentini
609 410 730 484 episcopi
744 419 772 467 et
785 412 924 485 martyris.
944 412 1006 484 ipso
1063 406 1129 480 Quae
1144 411 1276 469 comitatu
1291 411 1374 468 unius
1388 411 1460 467 servi
1475 418 1502 467 et
1515 409 1624 467 ancillae
1636 417 1777 475 contenta,
1793 424 1863 471 san-

208 484 265 555 die,
278 484 424 542 translatio
440 484 526 539 sancti
543 482 677 540 Osmundi
692 482 812 564 episcopi
828 493 855 540 et
869 483 1006 540 confesso·
1061 494 1131 540 ctam
1158 483 1297 540 civitatem
1327 483 1496 538 Hierusalem
1519 489 1546 538 et
1570 480 1679 548 singula
1700 481 1771 548 loca,
1801 496 1863 553 quas

208 557 257 614 ris.
272 557 340 612 Item
354 554 501 614 [lominica
520 553 640 610 secunda
653 552 730 622 tulii,
746 556 837 612 natale
854 557 940 612 sancti
956 556 1006 611 sso·
1060 555 1197 611 Dominus
1213 555 1289 610 lesus
1312 554 1491 626 corporaliter
1512 550 1726 625 perambulavit,
1750 567 1865 623 peregre

209 635 380 694 narenturae,
393 642 442 682 seu
455 624 542 681 sancti
558 624 701 681 Eustachii
723 626 842 698 episcopi
859 626 1006 683 Albanien-
1060 626 1186 682 visitavit
1199 644 1204 681 :
1217 633 1314 698 etpost
1327 625 1500 698 septennium
1513 641 1576 681 cum
1593 622 1688 678 multis
1702 629 1863 681 sanctorum

209 700 247 757 sis
260 707 287 756 et
301 697 476 764 confessoris,
492 695 599 751 ordinis
613 697 738 752 Fratrum
754 697 903 753 Minorum.
919 723 929 746 ι
1061 697 1186 769 reliquiis
1198 697 1232 752 ad
1247 698 1361 769 patriam
1378 698 1497 763 rediens,
1511 695 1584 767 apud
1600 693 1862 750 ZancthasBraban·

246 771 392 827 Cassan:
413 767 700 841 ‹Valeritiniepiscopi
717 769 892 825 Treverensis
903 776 1007 825 etmar·
1061 768 1107 825 tiai
1122 769 1233 836 mansit,
1249 769 1336 825 donec
1351 770 1409 840 ipsa
1424 784 1477 824 uria
1497 783 1559 822 cum
1576 765 1738 822 Grimoaldo
1752 765 1863 821 subdia·

210 843 291 915 tyris.
307 839 407 898 Marini
423 840 515 911 episco
537 840 586 895 iet
602 841 742 914 martyris.
759 841 790 896 lii
806 840 1007 906 Cesareasau·
1061 855 1132 897 cono
1153 848 1181 897 et
1203 840 1369 913 Gondulpho
1397 839 1539 904 familiari,
1562 838 1597 893 ab
1625 837 1715 892 liunis
1735 852 1796 963 pro
1810 836 1864 893 fide

210 921 317 971 ctoruiu
329 910 438 967 Paulini
453 917 481 967 et
522 911 823 986 emmelismartyrum.
839 911 1006 979 Antiochiae,
1062 910 1166 970 Christi
1181 913 1308 985 martyrii
1323 912 1441 984 palmam
1456 910 1569 981 accepit.
1586 933 1594 954 ·
1612 908 1678 975 Quas
1692 925 1728 966 ex
1760 925 1865 964 nuiss·

210 984 297 1042 sancti
313 981 460 1040 Theodoti.
476 982 577 1038 Leonis
604 1000 662 1055 apre
676 984 722 1052 lv,
738 983 948 1052 etconfessoris,
959 983 1006 1065 qui

209 1055 281 1113 sedit
290 1054 371 1111 annis
380 1061 458 1110 octo:
472 1054 518 1111 uir
531 999 611 1112 valde
623 1063 743 1123 sanctus,
758 1053 862 1128 vigiliis
872 1063 898 1112 et
908 1062 1007 1111 oratio-

210 1126 294 1184 nibus
306 1126 426 1183 inultum
439 1125 574 1194 intentus,
589 1132 684 1200 utpote
695 1127 743 1201 qui
757 1124 791 1182 ab
801 1126 921 1184 infantia
936 1127 1008 1181 inter

210 1197 361 1254 monachos
375 1203 484 1255 sanctos
493 1195 548 1252 fuit
564 1197 711 1254 enutritus.
728 1197 873 1254 Anotholii
886 1196 1008 1271 episcopi

210 1276 239 1326 et
256 1267 431 1326 confessoris.
450 1264 573 1325 Tra'ecto
592 1284 606 1324 s
628 1269 729 1350 periuri
744 1285 825 1341 super
839 1268 942 1326 Mosam
958 1267 1007 1324 flu·

211 1340 301 1410 rium,
317 1347 475 1398 sanctorum
490 1284 636 1412 Monutphi
650 1347 677 1396 et
690 1338 853 1413 Gundulphi
868 1340 1007 1412 episcopo·
1424 1408 1430 1420 ,
1583 1407 1588 1418 Ι
1820 1406 1826 1419 ⁸
1858 1407 1864 1418 Ι

211 1429 272 1469 rum
287 1422 315 1469 et
328 1411 517 1470 confessorum
532 1428 539 1467 ι
557 1427 625 1484 quos
646 1411 741 1468 ferunt
753 1410 787 1466 de
801 1411 935 1484 sepulcris
950 1428 1008 1466 sur·
1063 1421 1091 1469 et
1115 1409 1284 1482 Gondulpho
1303 1410 1442 1478 famulari,
1464 1409 1497 1466 ab
1515 1409 1604 1464 Hunis
1619 1425 1668 1481 pro
1690 1407 1746 1466 fide
1760 1407 1866 1465 Christi

211 1483 315 1540 rexisse
328 1492 355 1541 et
375 1499 439 1541 cum
454 1481 546 1541 Leone
560 1499 629 1556 papa
643 1482 681 1540 111
692 1483 825 1555 templum
842 1482 1008 1556 aquisgrani
1063 1483 1183 1609 palmam
1198 1482 1325 1556 martyrii
1348 1482 1462 1554 accepit.
1478 1481 1529 1538 Die
1546 1479 1756 1561 decimaseita,
1776 1478 1866 1536 sancti

211 1555 240 1611 in
255 1554 360 1614 honore
374 1563 475 1612 sancte
489 1553 540 1612 Dei
558 1553 701 1626 genitricis
715 1570 899 1622 consecrasse,
922 1570 1009 1626 eoque
1085 1554 1270 1626 ieromartyrii
1285 1553 1484 1625 athenogenis,
1500 1560 1526 1608 et
1541 1551 1635 1608 decem
1645 1551 1787 1624 ejusdisci
1807 1550 1865 1607 ulo·

211 1626 302 1683 officio
317 1628 439 1699 expleto,
462 1624 492 1680 in
514 1625 659 1697 pristinam
674 1641 702 1680 se
722 1626 841 1698 quietem
864 1626 1008 1698 recepisse.
1064 1625 1216 1681 rumltem
1232 1623 1487 1681 canonizatiobeati
1522 1622 1756 1680 atriaFranoisci.
1800 1638 1864 1678 oua·

210 1697 347 1766 Treueris,
364 1696 449 1753 Helias
464 1695 592 1775 virginis.
608 1698 676 1752 item
691 1697 834 1767 Regnildis
850 1697 968 1775 virginis
982 1704 1009 1753 et
1025 1723 1048 1782 B
1065 1696 1149 1752 sterio
1171 1696 1274 1765 sithiu,
1292 1697 1381 1753 sancti
1397 1696 1482 1767 patris
1500 1641 1606 1753 Bertini
1627 1711 1727 1767 corpus
1750 1711 1768 1750 a
1786 1693 1865 1752 beato

210 1768 351 1840 martyris.
368 1767 522 1822 Translatio
533 1766 765 1823 sanctittnnunui
777 1767 897 1839 episcopi
908 1775 936 1822 et
945 1783 1009 1823 con·
1066 1767 1203 1839 Folquino
1218 1767 1383 1824 transfertur
1395 1776 1425 1823 et
1438 1766 1598 1825 reconditur
1612 1781 1859 1823 annemundum.»

210 1838 332 1896 fossoris.
349 1838 527 1897 Canonizatio
550 1837 622 1894 beati
640 1838 777 1894 Francisci
801 1838 1002 1895 confessoris.»
1065 1839 1174 1896 Colitur
1182 1839 1313 1895 Bertinus
1324 1839 1528 1911 vSeptemhris.
1543 1839 1594 1897 «In
1604 1837 1757 1912 Hispaniis,
1767 1838 1864 1893 trium·

245 1912 371 1969 Mosam:
402 1908 531 1981 Traiecti,
557 1918 715 1966 sanctorum
736 1909 926 1966 confessorum
953 1911 1010 1966 Mo·
1065 1910 1136 1982 phus
1151 1919 1250 1968 sanctas
1270 1911 1371 1978 crucis,
1396 1911 1431 1967 ob
1449 1910 1608 1984 preclaram
1629 1909 1790 1976 victoriam,
1805 1925 1865 1981 quae

210 1981 310 2053 nnlphi
326 1989 353 2037 el
368 1979 529 2051 Gondulphi
540 1979 729 2053 episcoporum
745 1981 913 2054 Tungrensis
926 1980 1011 2040 eccle·
1065 1998 1113 2054 per
1128 1982 1286 2054 symbolum
1310 1983 1411 2049 crucis,
1435 1991 1532 2048 eontra
1544 1981 1654 2053 Manum
1672 1979 1770 2039 hahita
1782 1986 1834 2036 est.
1850 2005 1858 2026 ι

210 2053 268 2109 sias.
283 2053 316 2110 lii
329 2051 447 2122 Sanctis,
463 2061 563 2110 sanem
579 2051 720 2110 Raineldis
734 2052 852 2124 virginis
866 2060 893 2110 et
909 2060 1010 2125 marty·
1603 2054 1605 2059 ’

1062 1000 1150 1051 nansi,
1165 991 1196 1039 ut
1211 983 1278 1039 alibi
1302 983 1384 1039 etiam
1404 983 1506 1038 factum
1522 979 1705 1047 ostendimus,
1726 979 1866 1052 descripte

1061 1055 1205 1111 videntur.
1225 1055 1256 1110 ln
1271 1054 1441 1111 editionibus
1454 1053 1528 1119 aliis,
1540 1051 1581 1108 sic
1596 1051 1679 1108 habet
1695 1070 1702 1109 :
1726 1049 1865 1134 ‹Trajccti

1062 1136 1219 1183 sanctorum
1235 1125 1422 1183 confessorum
1439 1123 1619 1195 Moriulphi,·
1643 1130 1697 1180 etc.
1717 1124 1749 1180 ln
1765 1121 1863 1195 priori.

1069 1197 1229 1263 «Treveris,
1254 1196 1341 1253 sancti
1363 1196 1503 1254 Valentini
1528 1194 1653 1268 episcopi
1666 1201 1694 1251 et
1719 1193 1861 1266 martyris.

1062 1268 1181 1336 Sanctis,
1194 1276 1295 1324 sancte
1306 1267 1446 1324 Raineldis
1462 1266 1505 1322 vir
1524 1265 1579 1323 inis
1593 1274 1620 1322 et
1636 1273 1707 1322 mart
1729 1266 1779 1329 ris.
1790 1281 1864 1321 soro·

1063 1340 1102 1396 ris
1116 1340 1201 1395 bealae
1217 1338 1335 1407 Gudilae,
1353 1355 1414 1411 que
1428 1354 1491 1396 cuin
1506 1283 1667 1395 Crimoaldo
1681 1283 1865 1404 anisiacum,

209 2252 275 2312 xvi
290 2252 357 2312 liat.
1757 2249 1808 2306 llic
1823 2250 1864 2306 lt.

245 2345 277 2401 ln
292 2320 448 2419 Cartagine,
464 2343 565 2400 natalis
579 2349 739 2400 sanctorum
755 2350 909 2415 martyrum
925 2341 1143 2409 Scillitanorum,
1168 2341 1196 2398 id
1211 2350 1252 2399 est
1265 2343 1383 2415 Sperati,
1399 2342 1499 2411 Natali,
1519 2340 1637 2412 Cithini,
1657 2339 1792 2408 Berturii,
1811 2339 1865 2395 Fe-

209 2433 282 2503 licis,
298 2434 436 2509 Aquilini,
459 2433 570 2502 Letatii,
595 2433 743 2500 lanuarias,
758 2433 912 2501 Generosa,
935 2433 1045 2502 Bessis,
1061 2430 1175 2487 Donate
1189 2439 1217 2486 et
1230 2430 1404 2500 Secundino,
1427 2431 1480 2487 sub
1499 2429 1648 2489 Saturnino
1662 2429 1805 2502 prefecto,
1819 2429 1864 2502 qui

209 2529 272 2596 post
287 2524 404 2596 primam
422 2523 625 2581 confessionem
645 2523 674 2579 in
688 2538 825 2580 carcerem
839 2521 916 2578 missi
931 2531 960 2580 et
971 2523 1000 2578 in
1016 2523 1092 2596 ligno
1106 2523 1223 2592 confixi,
1239 2523 1339 2581 deinde
1353 2523 1445 2596 gladio
1460 2522 1588 2580 decollati
1603 2530 1677 2579 sent.

976 2649 1095 2708 NOTAE.
1511 2696 1514 2699 i

245 2745 311 2804 Puri
324 2752 390 2804 sunt
402 2746 525 2817 Prolem,
538 2745 688 2814 Herium,
703 2747 835 2818 Antueip.
851 2754 877 2802 el
891 2746 1096 2815 Moc.—Luhcc.‚
1109 2747 1256 2815 Munerat,
1272 2746 1382 2803 cram.
1397 2753 1424 2803 et
1434 2747 1536 2805 Melon.

798 2873 1000 2931 laniantes
1020 2874 1227 2932 LECTIONES.

245 2969 285 3028 Ile
297 2970 465 3042 Cortliopine,
477 2969 533 3041 jam
548 2970 633 3026 ferme
643 2970 677 3026 ad
692 2986 822 3026 nauseam
836 2971 942 3028 dictum
956 2982 1008 3029 est.
1025 2976 1047 3036 G
1063 2972 1205 3029 codicibus
1220 2972 1333 3039 nostris,
1349 2973 1483 3028 Munerat.
1501 2972 1576 3044 legit,
1593 2972 1734 3039 Narcholi;
1756 2973 1864 3029 Praten·

210 3042 263 3110 Qui
280 3043 470 3099 Scilitonorum
484 3041 620 3111 scribunt,
636 3050 666 3097 ut
687 3042 822 3099 Munerat.
845 3052 873 3099 el
888 3044 1007 3101 Greven.
1065 3054 1092 3100 et
1107 3044 1208 3098 Molan.
1223 3043 1346 3114 Gythion
1363 3043 1504 3099 Merinisn.
1521 3044 1655 3108 Baetasii·
1669 3044 1717 3121 qui
1734 3054 1762 3101 et
1773 3046 1864 3109 batuli

210 3115 275 3172 satis
290 3113 434 3171 manifeste
448 3121 538 3178 erant.
553 3112 649 3170 Modus
662 3120 703 3169 est
717 3113 746 3169 in
761 3114 938 3185 expressione
955 3132 1011 3171 no-
1064 3117 1173 3172 Praten.
1190 3116 1274 3170 etalii
1287 3115 1420 3187 plerique,
1436 3114 1544 3176 letacii,
1557 3130 1675 3188 qnorum
1709 3115 1865 3172 rimitivum

209 3186 328 3253 minum,
340 3200 400 3258 quai
410 3185 499 3258 quoad
508 3185 616 3258 aliquos
627 3185 713 3242 ferme
725 3185 827 3259 ubique
837 3187 948 3243 diversa
958 3197 1009 3244 est.
1066 3187 1190 3243 Laetcntii
1205 3202 1263 3243 esse
1278 3187 1326 3240 vix
1342 3187 1449 3243 dubito.
1467 3187 1496 3243 ln
1512 3186 1640 3242 Ianuarii
1660 3131 1707 3242 req
1727 3188 1868 3244 Ianuariae

211 3256 427 3329 Hieronymiana
443 3257 638 3330 hicpraetereo.
651 3256 1012 3316 SichabetBeda21nCar·
1066 3262 1175 3314 variant
1200 3259 1256 3313 fere
1280 3274 1385 3326 omnes,
1410 3274 1461 3314 nos
1484 3273 1547 3314 cum
1571 3258 1668 3314 Adone
1692 3259 1865 3331 scripsimus,

207 3330 326 3401 ,Maniae
357 3329 576 3396 scillidanorum,
606 3330 634 3385 id
661 3335 707 3396 eat,
736 3329 887 3399 Marcialis,
919 3331 1010 3400 Cithii,
1066 3329 1868 3403 quodcstverosimillimumhntu.etMax.·Lubec.non

216 3401 341 3467 Veslurii,
357 3398 462 3468 Felicis,
479 3401 624 3473 Aquilinii,
640 3401 783 3468 Loctomii,
801 3403 939 3470 Jonuorii,
958 3403 1013 3459 Ge·
1066 3403 1136 3458 male
1153 3402 1257 3472 legunt,
1274 3408 1332 3472 post
1342 3401 1460 3474 primam
1469 3401 1570 3457 Christi
1583 3403 1782 3472 multisonam,
1793 3403 1868 3458 atita

210 3472 309 3539 mosi,
329 3472 417 3539 Vestis,
438 3473 550 3528 Donato
566 3479 591 3528 et
607 3473 740 3530 secundm.
756 3472 807 3528 Ubi
827 3473 905 3530 vides
919 3474 1012 3531 deesse
1066 3471 1119 3546 legi
1137 3479 1232 3529 vetant
1248 3472 1356 3529 codices
1370 3472 1481 3546 reliqui,
1503 3473 1581 3529 nullo
1596 3481 1723 3546 excepto.
1748 3474 1781 3530 In
1795 3474 1868 3531 Gre-

212 3544 363 3614 Sperotum‚
388 3542 417 3597 in
436 3542 551 3615 reliquis
571 3544 805 3614 antesignanum
830 3545 904 3600 haud
927 3545 1012 3602 dubie
1065 3561 1137 3600 veno
1152 3552 1179 3600 et
1196 3546 1306 3601 Molano
1326 3555 1455 3616 corrupta
1470 3551 1511 3601 est
1533 3545 1713 3615 constructio,
1739 3545 1806 3603 dum
1829 3546 1869 3601 sis

211 3611 388 3669 amanuensis
401 3614 558 3680 oscitantia,
572 3629 635 3669 cuni
651 3613 679 3669 iri
694 3614 806 3671 llabano
821 3614 922 3672 diserte
956 3633 1011 3672 rae·
1065 3616 1212 3673 scribunt:
1227 3622 1288 3687 post
1302 3618 1419 3688 priniana
1433 3615 1620 3688 confessionem
1630 3617 1659 3672 in
1669 3633 1785 3685 earcere,
1800 3624 1825 3672 et
1838 3618 1867 3671 in

211 3691 339 3756 ponatur.
360 3683 488 3739 infletis
512 3699 528 3738 a
550 3684 670 3739 Baronio
683 3685 789 3750 relatis,
812 3686 864 3743 hoc
888 3703 914 3741 m
954 3696 1011 3744 oet
1068 3689 1149 3760 liquo,
1165 3694 1218 3744 etc.
1234 3689 1265 3743 ln
1290 3693 1369 3743 textu
1383 3689 1457 3744 clara
1479 3695 1520 3743 est
1542 3699 1569 3746 et
1584 3688 1714 3762 expedita
1730 3689 1867 3762 syntaxis.

211 3752 310 3834 ordine
332 3761 523 3810 recensentur:
549 3756 685 3826 speratus,
714 3757 853 3823 Norzulia,
875 3758 1010 3828 Cittimus,
1066 3758 1208 3814 llerinien.
1225 3758 1398 3840 simpliciter,
1420 3760 1520 3815 Deinde
1534 3760 1655 3818 decollati
1678 3767 1749 3829 sunt,
1767 3763 1869 3817 omissa

216 3825 347 3893 Vct-urina,
361 3824 449 3906 Felic,
463 3825 613 3897 Acyllinua,
631 3826 778 3896 betontina,
798 3829 943 3898 ianuario,
964 3831 1011 3887 Ge·
1066 3846 1133 3887 voce
1147 3830 1247 3901 plodio.
1262 3829 1308 3885 Sic
1321 3847 1405 3903 supra
1419 3832 1529 3904 neglexi
1543 3832 1634 3888 dicere
1649 3831 1743 3899 deesse
1758 3831 1789 3886 in
1803 3832 1869 3896 Mu-

211 3912 317 3964 neroau,
342 3896 455 3965 Vestino,
478 3897 585 3953 Donato
607 3902 632 3952 ct
650 3899 779 3954 Secunda.
800 3901 832 3955 ln
856 3901 919 3957 aliis
934 3902 1011 3959 Actis
1065 3910 1160 3958 nerato
1175 3917 1276 3958 nomen
1295 3902 1403 3960 Bessie.
1424 3904 1527 3962 Cetera
1549 3903 1696 3961 observatu
1714 3903 1800 3977 digne
1813 3918 1868 3961 non

210 3966 361 4023 discrimen
376 3977 417 4024 est
437 3969 628 4041 perexiguum.
650 3969 722 4025 Satis
736 3977 819 4043 patet,
836 3988 890 4043 qua
904 3973 1011 4030 ratione
1065 3982 1139 4031 sunt.

211 4037 343 4095 adunam
365 4054 491 4097 normam
514 4040 685 4098 haecomnia
708 4041 862 4100 reducenda
885 4044 952 4101 sint.
968 4046 1011 4100 Ex

885 4167 1189 4227 OBSERVATIONES.

247 4279 368 4338 illustris
384 4279 419 4338 ab
433 4279 511 4338 omni
534 4297 593 4364 asro
616 4279 671 4338 fuit
692 4282 894 4339 Scillitouorum
915 4284 1014 4341 horum
1068 4285 1183 4358 proinde
1199 4286 1869 4362 detertuUsnardiuoveroetgeuuinodubitan·

212 4352 359 4412 duodecim
375 4361 446 4410 mart
468 4369 529 4410 rum
545 4359 629 4409 trium
652 4353 715 4423 hus,
731 4371 747 4411 a
761 4355 929 4413 Kalendario
944 4357 1014 4414 Car·
1068 4357 1134 4413 duni
1151 4375 1206 4414 non
1217 4359 1262 4415 sit.
1275 4360 1479 4417 Multumsudat
1490 4361 1688 4430 florentinius,
1704 4368 1737 4417 ut
1751 4360 1868 4418 scillita-

212 4425 371 4498 thaginensi
385 4432 412 4480 et
426 4369 466 4480 ag
475 4425 598 4498 antiquis
637 4427 803 4500 artyrclogis
815 4428 917 4484 nostris
930 4435 1015 4485 certa·
1068 4430 1273 4487 noromborum
1286 4432 1433 4489 duodecim
1450 4433 1564 4488 nomina
1573 4432 1705 4490 conciliet
1718 4449 1784 4489 curii
1793 4432 1870 4490 Actis

213 4497 264 4554 tim
279 4496 442 4555 celebratus.
467 4495 526 4552 lam
547 4495 681 4567 diximus,
697 4500 871 4556 amanuensis
894 4500 964 4581 yitio
982 4499 1012 4555 in
1026 4504 1051 4564 D
1069 4500 1324 4572 Proconsularibus,
1341 4521 1400 4577 quai
1415 4513 1545 4576 tanquam
1562 4501 1725 4560 venerandae
1739 4503 1870 4586 antiqui-

211 4567 286 4625 Beda
309 4569 403 4626 deesse
418 4567 581 4640 Speculum
605 4568 638 4625 de
662 4577 761 4628 cetero
780 4571 870 4643 ipsum
894 4580 967 4629 mter
985 4579 1013 4627 et
1069 4573 1133 4629 tatis
1147 4590 1211 4629 vere
1224 4575 1374 4646 pretiosum
1387 4575 1543 4632 thesaurum
1554 4575 1670 4647 protulit
1682 4574 1870 4632 emiuentissi-

214 4638 351 4720 hdonem,
367 4655 484 4712 quorum
501 4639 618 4713 priorem
635 4641 908 4722 sequiturllubenus,
923 4652 1012 4768 poste·
1067 4661 1129 4700 mus
1151 4645 1286 4702 Batonius
1308 4656 1384 4703 tomo
1405 4647 1430 4704 M
1447 4646 1610 4712 Annalium,
1634 4645 1669 4703 ad
1683 4662 1788 4703 annum
1805 4663 1869 4714 ocri,

205 4725 315 4790 ,riorem
330 4709 467 4790 Mollierus
480 4712 713 4791 aqueacrtosier,
731 4713 807 4769 nulla
821 4713 876 4769 nisi
890 4730 920 4769 so
933 4732 1012 4770 orum
1069 4732 1148 4771 nuru.
1173 4716 1190 4774 2
1215 4717 1270 4774 Nec
1291 4717 1420 4785 diffiteor,
1437 4717 1717 4791 hieronymianorum
1739 4717 1868 4775 codicum

214 4781 369 4862 aliquorum
384 4796 529 4861 nominum
544 4781 703 4863 inflexionis
717 4783 838 4840 occurrit
851 4783 1015 4857 discrepari·
1068 4786 1141 4842 inter
1159 4788 1304 4845 Africanos
1319 4797 1346 4844 et
1358 4789 1495 4847 Asiaticos
1514 4797 1649 4862 martyres
1662 4788 1868 4856 confusionem,

214 4859 273 4919 tia;
294 4866 375 4924 quam
390 4848 523 4906 facillime
539 4859 646 4908 restitui
662 4870 740 4926 posse
754 4869 789 4910 eii
804 4854 917 4912 alterius
927 4859 961 4913 ad
976 4856 1013 4913 al·
1068 4859 1193 4915 tenebras
1203 4860 1280 4916 Actis
1294 4861 1456 4917 Beronianis
1466 4861 1617 4929 effundere,
1628 4877 1683 4916 uon
1699 4859 1868 4917 faciledissi·

215 4929 307 4980 terum
322 4918 553 4979 collationenullo
564 4925 673 5004 negotio
684 4924 845 5007 intelligins.
859 4927 1012 4984 Romanum

215 5009 331 5068 parvum
357 5008 415 5050 riou
437 4993 568 5065 exprimit
588 4995 697 5067 singula
713 5012 836 5065 nomina,
861 4999 900 5055 sic
923 5001 1013 5056 solum

214 5065 355 5123 scribens:
374 5061 546 5142 Carthagine,
562 5072 709 5137 martyrum
722 5069 935 5140 scillitanorum,
953 5074 1013 5144 Spe-

214 5138 280 5208 rati,
292 5135 430 5205 Narelintt,
444 5135 561 5208 Cythini,
572 5138 686 5208 Bedunia,
698 5139 793 5196 Felicis
802 5142 949 5199 clola'oruin
962 5161 1011 5200 vn.

215 5207 301 5265 Porro
311 5218 415 5283 septem
424 5207 488 5266 illos
497 5208 660 5265 nominatim
675 5209 803 5281 adjunxit
815 5213 1012 5279 hdoeiihctis,

215 5279 326 5360 opinor,
342 5282 385 5337 vel
401 5280 516 5338 forteex
531 5279 622 5349 Reda,
638 5283 712 5355 quod
727 5298 759 5338 eo
769 5283 878 5341 facilius
891 5286 1013 5342 credide·

215 5365 280 5417 rim,
290 5366 355 5432 cum
370 5360 458 5410 totum
470 5351 529 5425 eius
539 5352 658 5426 elogium
672 5353 792 5426 adoptet,
805 5355 910 5427 adjecta
921 5359 949 5413 in
959 5357 1014 5412 fine

215 5421 404 5492 translatione,
434 5424 492 5481 suis
518 5423 593 5481 hisce
620 5425 729 5482 verbis:
755 5427 858 5482 Heriem
881 5429 1010 5500 reliquie,

214 5506 273 5570 cuni
286 5491 388 5574 ossibus
401 5494 469 5551 beati
484 5495 615 5578 Cypriani
629 5502 653 5553 el
666 5497 750 5569 cupite
768 5500 852 5554 sancti
865 5501 1013 5556 Pantaleo-

213 5576 256 5616 nsr
262 5568 400 5645 mortpgis,
409 5566 544 5636 Μίνωα
552 5569 580 5623 in
588 5569 692 5626 Gallius
698 5573 845 5640 translatu,
853 5578 1013 5627 semiustus

213 5631 379 5715 Lugdunum
394 5635 504 5693 basilus
520 5637 664 5697 beatissimi
677 5641 789 5699 loannis
803 5642 941 5714 Baptistae.
958 5642 1011 5700 Sed

213 5701 286 5785 hanc
298 5704 458 5788 periocham
472 5707 580 5789 Noster,
598 5710 668 5768 forte
683 5712 775 5771 dedita
794 5729 885 5787 opera,
906 5714 1010 5784 omisit,

141 5846 148 5852 ὴ
212 5773 322 5858 reliqua
333 5789 428 5833 omnis
441 5776 588 5836 Adoniana
600 5782 634 5839 ad
650 5783 764 5840 verbum
787 5785 964 5853 describens3
979 5794 1011 5843 ut

1068 4929 1189 5010 pandas;
1206 4932 1263 4987 imo
1281 4949 1332 4990 nec
1348 4938 1416 4989 Acta
1431 4933 1494 5000 alia,
1514 4949 1530 4988 a
1551 4931 1723 4988 Theodorico
1737 4932 1866 4989 Ruinart.

1068 5011 1141 5058 inter
1155 5004 1261 5060 sincera
1276 5014 1302 5060 et
1317 5006 1417 5062 selecta
1430 5004 1502 5061 edita
1516 5020 1532 5059 a
1554 5020 1617 5076 pag.
1637 5003 1670 5059 73
1684 5003 1754 5059 satis
1767 5005 1868 5076 expla-

1068 5089 1144 5143 uare,
1160 5076 1401 5146 quaeFlorentinio
1411 5077 1570 5148 scrupulum
1587 5076 1727 5148 ingerunt.
1742 5076 1782 5132 At
1792 5074 1867 5131 enirn

1068 5146 1289 5202 constantissima
1304 5148 1552 5221 Martyrologorum
1572 5147 1689 5203 aliorum
1705 5147 1867 5215 auctoritas,

1068 5219 1144 5273 Actis
1161 5218 1218 5273 illis
1233 5219 1412 5287 conformior,
1432 5219 1498 5275 satis
1512 5220 1616 5275 evincit
1637 5216 1799 5274 Scillitauos
1813 5233 1867 5274 no-

1068 5296 1138 5344 stros
1152 5288 1296 5346 duodecim
1314 5306 1428 5346 numero
1448 5291 1543 5360 fuisse,
1558 5300 1585 5347 et
1599 5290 1682 5346 simul
1699 5288 1867 5362 Carthagine

1068 5375 1170 5432 passos,
1188 5359 1323 5434 quidquid
1338 5361 1468 5417 molestias
1484 5379 1576 5418 creare
1592 5362 1677 5436 possit
1688 5361 1799 5418 modica
1812 5377 1867 5416 no—

1067 5432 1174 5499 minum
1192 5440 1220 5487 el
1243 5435 1442 5504 adscriptorum
1459 5433 1577 5503 dierum,
1602 5433 1636 5489 ab
1650 5431 1867 5488 amanuensibus

1067 5513 1271 5576 corruptorum,
1287 5504 1443 5562 diversitas.
1460 5507 1496 5561 hl
1507 5522 1556 5561 nos
1571 5504 1698 5561 hicnihil
1714 5501 1866 5577 quidquam

1067 5574 1293 5644 determinamus,
1319 5578 1385 5633 satis
1408 5579 1445 5634 sit
1459 5577 1635 5633 difficultates
1650 5575 1799 5643 indicasse,
1817 5589 1867 5630 suo

1067 5644 1128 5702 loco
1147 5647 1304 5720 exigendas.
1334 5651 1404 5706 Acta
1431 5656 1524 5705 nostra
1549 5647 1685 5721 intelligo,
1711 5647 1741 5703 iii
1765 5645 1867 5726 quibus

1066 5714 1239 5774 discutienda
1259 5729 1380 5776 recurret
1394 5720 1448 5776 alia
1462 5721 1661 5787 controversia,
1682 5734 1767 5792 quani
1782 5718 1866 5773 etiam

1066 5789 1153 5862 tangit
1168 5790 1339 5860 Ruinartius,
1355 5791 1388 5848 de
1399 5792 1578 5865 reliquiarum
1589 5792 1782 5863 translatione,
1796 5804 1865 5846 mar·
