3834 6136
207 234 260 301 ets
841 234 845 239 ’
865 230 1017 290 ltsuannl
1035 227 1196 289 nonaum
1806 217 1862 280 356

208 377 262 437 ret,
274 364 377 423 ibidem
388 379 438 437 pro
452 359 505 419 hde
515 358 618 420 Christi
633 357 880 432 apersecuturibus
891 357 949 430 igni
959 356 1060 413 tradita
1070 364 1120 426 est,
1135 356 1295 427 cumDigna
1309 363 1336 410 et
1347 349 1483 409 Eumenia
1497 359 1524 407 et
1539 349 1687 424 Euprepia.
1703 348 1782 406 Passi
1793 359 1861 407 sunt

209 467 275 516 utem
290 455 385 511 eodem
401 453 476 509 diein
492 451 604 525 prelata
617 449 880 516 civitateQuiriacus
896 446 1054 520 [Bortillert.
1072 465 1079 500 .·
1096 459 1106 483 r
1121 445 1216 501 eodem
1227 444 1272 500 die
1288 443 1357 516 passi
1374 450 1437 498 sunt
1452 443 1545 499 Rome
1559 439 1610 497 snb
1624 438 1757 512 praelecto
1772 439 1859 495 Perti·

208 563 274 604 naec
287 543 442 611 Quiriacus,
457 541 535 615 etc.],
552 540 659 612 Largio,
677 539 899 607 Crescentianus,
922 538 1053 606 Nimmia,
1075 538 1184 593 luliana
1199 555 1262 592 curn
1278 536 1340 591 aliis
1355 534 1465 606 uiginti.
1487 534 1554 588 ltem
1570 531 1753 599 urheFalari,
1771 530 1862 603 passio

208 642 357 699 Graciliani
373 649 399 697 et
414 640 591 697 Felicissimae
607 639 732 710 uirginis,
750 654 866 710 quorum
880 654 927 693 ora
941 636 1061 708 primum
1074 654 1123 708 pro
1138 635 1248 693 Christo
1267 634 1406 708 lapidibus
1421 643 1545 701 contusa,
1560 630 1663 690 dehinc
1679 628 1775 704 eladio
1789 646 1859 704 per-

206 735 288 800 cussi,
304 738 425 804 optatam
437 730 564 802 rrrartyrii
576 746 718 802 suscepere
733 744 872 785 eoronam.
889 729 921 783 ln
936 727 1016 794 Sirio,
1032 734 1191 782 sanctorum
1207 725 1339 783 blacharii
1354 734 1382 781 et
1395 723 1511 780 iuliani.

974 851 1090 908 NOTAE.

246 957 302 1014 Soli
313 955 462 1021 Hermiae,
477 955 623 1011 (lucescet
634 953 735 1011 blotan.
752 950 1018 1023 onnnnopurisunt·

246 1120 256 1145 ¹·
273 1108 325 1161 Pru
340 1105 427 1159 eodem
441 1100 569 1227 ‹liegessa'
583 1107 644 1153 sarrit
657 1099 804 1155 Rarneeub
813 1097 936 1169 praelecto
946 1100 1009 1154 Per·
1024 1102 1049 1160 Α
1063 1099 1165 1155 neseio.
1186 1098 1261 1154 Nihil
1277 1098 1376 1152 horum
1388 1094 1482 1152 ridere
1495 1093 1608 1151 memini
1620 1094 1647 1150 in
1662 1095 1740 1152 Actis
1750 1095 1782 1151 B.
1797 1094 1863 1153 ilar

211 1179 376 1247 litieraque
392 1191 441 1231 suo
454 1191 486 1229 co
510 1173 542 1227 ici
554 1170 694 1227 Usuardus
706 1169 823 1236 addidit,
840 1169 868 1225 in
880 1170 1009 1226 Carolino

209 1258 273 1304 anto
295 1247 379 1318 raphu
394 1247 434 1300 sic
452 1252 531 1299 erut:
554 1244 632 1298 Pessi
655 1249 716 1295 sum
738 1242 796 1296 item
815 1243 900 1295 eodem
926 1243 967 1295 die
983 1242 1009 1295 ia

207 1266 328 1391 praeficta
342 1318 415 1371 urbe.
432 1314 635 1372 correctionem
651 1313 685 1368 ab
702 1313 824 1369 Usuardo
835 1313 934 1368 laetam
951 1329 1010 1368 esse

211 1406 295 1446 neruo
309 1404 437 1445 sanorum
449 1388 592 1443 ocrrlurnm
606 1385 783 1440 dubitauerit.
806 1385 841 1439 At
852 1384 1009 1440 undedidi·

210 1465 281 1518 ecrit
296 1462 391 1517 eodem
413 1459 457 1514 die
473 1475 565 1530 passos
585 1458 648 1512 illus
669 1473 726 1511 esse
749 1464 892 1526 martyres,
910 1456 1011 1537 praele-

210 1543 288 1590 ctum
307 1532 389 1587 Urbis
413 1538 479 1586 tunc
502 1529 587 1584 luisse
607 1528 794 1593 Pertinacem;
813 1528 961 1582 Nirnnnam
984 1535 1011 1582 et

210 1604 350 1661 lulianam
366 1603 489 1674 aliosque
504 1599 604 1671 viginti
622 1600 710 1654 socios
724 1599 864 1665 (luiriaco,
882 1598 1010 1668 Largioni

209 1685 237 1732 et
254 1674 449 1733 Crescentiano
461 1669 734 1743 adjungendosesse;
752 1670 1011 1741 orruresdeniqueil·

209 1746 251 1803 los
263 1744 451 1817 nrartyresdie
462 1760 503 1797 xn
518 1741 635 1812 Augusti
649 1741 678 1795 in
688 1741 772 1796 coelos
782 1740 922 1810 migrasse,
932 1741 1012 1812 plane

1064 1172 1127 1226 colli
1143 1171 1214 1242 apud
1229 1169 1420 1235 lllonbritinm,
1438 1185 1487 1224 nec
1509 1167 1617 1238 uspiam
1637 1167 1715 1222 alibi.
1738 1167 1791 1224 Sed
1805 1167 1863 1225 haec

1064 1243 1156 1297 ernma
1171 1250 1332 1312 argnrnenlu
1346 1248 1411 1295 siant
1425 1239 1578 1295 Usuardum
1593 1256 1628 1295 ex
1639 1238 1737 1294 Adone
1747 1239 1864 1312 aliisque

1065 1314 1269 1385 martyrologiis
1279 1312 1426 1383 sumpsisse
1444 1328 1503 1383 quas
1518 1328 1567 1383 pro
1582 1328 1639 1366 suis
1653 1317 1789 1377 uteretur,
1802 1328 1863 1368 cum

1064 1385 1137 1439 nihil
1147 1383 1367 1443 nrelinshalnrit;
1387 1384 1526 1455 multaque
1536 1383 1641 1452 legisse,
1651 1398 1712 1454 qnae
1723 1398 1862 1455 uunquam

1065 1456 1106 1510 illi
1123 1458 1252 1528 legerant.
1270 1456 1380 1510 Utinam
1395 1472 1454 1525 qum
1468 1462 1626 1510 sarectorum
1637 1454 1751 1509 illorum
1763 1463 1864 1536 nrar'tg·

1066 1545 1126 1582 rum
1143 1532 1209 1583 neta
1221 1526 1299 1583 vidit.
1309 1543 1340 1581 ea
1351 1543 1424 1582 nunc
1434 1543 1448 1581 e
1459 1526 1580 1582 tenebris
1591 1525 1745 1607 prodirent.
1756 1525 1825 1580 Nam
1837 1543 1863 1580 m

1066 1599 1100 1725 ilqs
1114 1616 1173 1672 quae
1189 1607 1253 1656 sunt
1266 1599 1348 1665 editu,
1363 1606 1431 1670 quot
1444 1613 1540 1653 uersus
1551 1597 1666 1655 totidem
1682 1597 1739 1653 lere
1755 1596 1862 1654 tabula.

1089 1687 1238 1732 «turcanae.

831 1873 1033 1932 VARIANTES
1045 1875 1251 1934 LECTIONES.

253 1977 322 2034 hlale
337 1977 371 2032 ab
392 1975 533 2031 Herinien.
558 1971 689 2031 scribitur
704 1973 813 2044 Speilie,
827 1975 896 2028 male
911 1991 927 2029 a
946 1974 1010 2030 Gre-

209 2066 278 2105 uen.
292 2049 413 2117 Cecbpuu
423 2065 432 2111 ;
443 2063 492 2103 nec
503 2047 570 2101 bene
581 2046 609 2100 in
620 2053 697 2100 textu
710 2047 833 2112 Cutlrinn,
845 2046 889 2100 vel
902 2046 1010 2114 Cutina,

211 2121 258 2176 his
273 2129 364 2175 tamen
375 2118 474 2186 modis,
490 2127 516 2173 et
525 2118 616 2199 primo
626 2118 788 2190 presertim,
800 2119 894 2189 legunt
904 2134 1008 2186 omnes,

210 2192 280 2247 alibi
297 2193 378 2264 paulo
393 2191 492 2245 melius
505 2191 608 2244 raritate
620 2190 834 2245 Casiniensium.
847 2189 948 2260 Eupoli
957 2189 1010 2244 ha-

210 2264 259 2319 bet
276 2264 406 2331 Graeca,
422 2270 449 2317 et
464 2261 645 2317 sicestetiam
661 2260 689 2316 in
705 2261 938 2333 hieronymianis.
956 2263 1010 2316 Po-

209 2336 253 2393 sui
270 2335 453 2391 llilurioecnm
470 2334 595 2389 Grereno
605 2340 631 2388 et
642 2333 760 2388 lllolanu.
778 2332 918 2387 Herinien.
929 2332 1011 2387 habet

210 2408 326 2473 liltore,
347 2405 395 2461 alii
411 2407 521 2475 Hylatae
544 2413 571 2460 et
590 2404 719 2474 llplarie.
745 2405 866 2476 Sequens
880 2411 1012 2459 constru-

209 2479 278 2546 etio,
300 2480 378 2534 Pessi
398 2484 460 2531 suat
476 2478 536 2531 item
558 2476 645 2530 audeaut
665 2477 706 2531 dic
722 2476 751 2529 iu
765 2476 882 2547 premia
896 2476 1010 2541 ciuitate,

211 2549 368 2605 Usuardina
383 2557 433 2614 est,
456 2556 487 2603 nt
509 2547 582 2602 inira
601 2547 753 2603 ostcmlam.
776 2548 876 2601 lllolan.
891 2547 1012 2617 neglexit

210 2621 376 2691 particulam
390 2620 472 2682 iteru;
493 2620 634 2673 llerinien.
651 2626 740 2673 autern
756 2618 876 2688 scripsit,
895 2620 921 2670 ia
935 2635 1012 2687 prae-

210 2690 270 2762 suta
290 2691 363 2745 erbe.
384 2690 467 2746 Recte
484 2704 612 2761 expressa
633 2696 697 2744 sunt
719 2690 840 2761 quinque
859 2696 1011 2759 martyrum

1064 1976 1178 2030 nomina
1193 1974 1328 2048 quidquid
1343 1975 1451 2031 codices
1466 1974 1553 2047 aliqui
1576 1973 1694 2042 varient,
1713 1972 1786 2030 inter
1801 1982 1864 2056 quot

1065 2046 1166 2104 lllolan.
1188 2048 1253 2118 legit
1272 2048 1406 2117 al'gnrmiu.
1433 2048 1507 2103 Idem
1531 2063 1580 2117 pro
1599 2046 1707 2114 Fuluii,
1724 2045 1863 2102 substitui.

1065 2119 1200 2183 l’lialnri;
1215 2128 1343 2175 neutrum
1352 2119 1421 2174 lorte
1430 2118 1572 2186 convenit,
1581 2125 1612 2173 ut
1621 2118 1855 2173 censetssaronius

1065 2189 1161 2245 Nescio
1176 2207 1211 2245 au
1234 2191 1261 2246 id
1280 2190 1450 2246 adverterint
1465 2189 1574 2246 codices
1597 2189 1694 2262 aliqui,
1717 2189 1764 2262 qni
1781 2191 1865 2261 palae-

1065 2268 1148 2316 stram
1164 2270 1367 2334 expunxerunt.
1390 2266 1508 2330 erorum
1525 2280 1574 2317 oro
1588 2262 1718 2332 primum,
1729 2270 1797 2327 etc,
1809 2278 1865 2316 cm·

1066 2334 1147 2388 nibus
1157 2341 1366 2401 corrinnrneest,
1381 2335 1482 2389 blolan.
1496 2334 1674 2423 transposuit,
1686 2350 1804 2404 quorum
1813 2333 1866 2404 pri·

1065 2422 1136 2458 aurun
1152 2424 1209 2461 orn.
1233 2408 1335 2462 llnrsus
1357 2407 1459 2461 Melan.
1478 2423 1541 2462 curn
1560 2410 1679 2461 hravan.
1699 2411 1728 2460 et
1742 2405 1806 2461 aliis
1820 2405 1866 2460 di-

1066 2485 1202 2548 screpant,
1226 2478 1355 2559 legentes,
1371 2485 1490 2547 epitetum
1506 2477 1631 2547 arrurtprii
1651 2493 1788 2548 suscepere
1803 2477 1867 2547 pcl-

1065 2565 1146 2604 anem.
1168 2547 1323 2605 Herimensi
1348 2548 1525 2606 subscribunt
1548 2549 1672 2621 plerique
1695 2548 1736 2616 in,
1752 2555 1867 2619 optatura

1066 2621 1192 2690 aaurtprii
1206 2638 1338 2692 sarseepere
1353 2638 1487 2688 coronam,
1500 2631 1531 2678 ut
1545 2620 1625 2676 estin
1641 2628 1733 2677 textu.
1745 2621 1785 2676 lle
1797 2619 1868 2676 Sirio

1066 2699 1093 2746 et
1106 2692 1250 2761 biccharii,
1260 2692 1327 2748 alibi
1339 2692 1445 2748 dictum
1460 2700 1511 2749 est.

885 2825 1185 2883 ousunvamusns,

250 2925 289 2983 lle
306 2927 403 2998 Ertplo,
428 2926 537 2998 Eupho,
554 2926 596 2982 vel
620 2927 724 2997 Eupolc
747 2933 831 2998 agnnt
846 2925 1012 2980 Kalendaria
1027 2930 1049 2989 Β
1068 2926 1102 2982 ab
1115 2926 1184 2998 ipso,
1197 2925 1320 3001 inquam,
1333 2927 1611 2985 Usuardocorrectal
1630 2926 1869 2996 Qniddehissen·

210 2996 244 3054 ΑΙ
254 3000 309 3054 latii
325 3008 352 3054 et
367 2998 523 3065 Frontonis,
536 2999 711 3070 Martyrulcgi
729 2997 827 3070 passim
844 3013 938 3051 omnes
953 3004 1013 3077 pust

216 3071 474 3143 llierouymiunain
485 3070 670 3142 quibussociae
678 3069 1012 3141 adjunguntural'eriernet

220 3143 339 3209 Veneria,
357 3142 470 3214 reliquis
485 3142 614 3197 omnibus
629 3142 791 3212 incognitae,
808 3140 863 3193 imo
879 3139 954 3194 Actis
965 3139 1013 3211 ip-

215 3214 262 3281 sis,
279 3229 338 3286 quas
354 3213 464 3268 laudata
474 3222 501 3269 et
515 3229 632 3284 exquensa
646 3213 769 3268 inuenies
780 3220 855 3266 torno
866 3213 876 3266 l
889 3211 1013 3266 Februa-

215 3285 261 3353 rii,
274 3302 333 3357 pag.
352 3286 414 3351 598,
428 3285 473 3340 nbi
485 3301 501 3338 a
514 3284 649 3341 llollando
661 3286 688 3340 in
700 3284 857 3355 exemplum
870 3283 1011 3338 adducun-

214 3365 270 3424 tur,
288 3373 390 3428 exque
413 3356 554 3413 liberiores
576 3356 768 3428 bletaphrastis
788 3355 1013 3425 interpolationes

215 3428 338 3499 dignosci
350 3437 461 3500 queant.
473 3429 620 3500 Egregium
635 3428 791 3484 thesaurum
805 3427 909 3498 prinms
919 3425 1014 3481 ellodit

215 3499 351 3554 Baronins
367 3499 526 3572 publieique
539 3499 610 3570 juris
624 3501 690 3556 lecit
705 3500 732 3554 in
747 3499 902 3553 Annalibus
917 3497 951 3552 ad
966 3513 1011 3551 an·

215 3586 282 3625 num
298 3587 388 3637 ecem,
401 3586 417 3625 a
432 3586 508 3624 num.
527 3571 587 3636 lhli,
605 3587 637 3625 ex
655 3587 708 3642 quo
723 3586 849 3640 accepere
865 3570 971 3634 Surius,
988 3574 1014 3621 et

216 3641 366 3696 novissime
382 3641 542 3696 lluinartius
557 3643 629 3694 inter
640 3642 745 3695 Selecta
759 3656 774 3693 a
790 3656 849 3711 pag.
863 3640 923 3707 t37,
939 3656 1013 3710 prae-

216 3711 300 3765 missa
314 3710 513 3777 admonitione,
529 3711 685 3782 additisque
700 3711 948 3765 observationibus.
964 3726 1014 3764 suo

216 3789 340 3853 tempore
351 3781 414 3836 usui
431 3781 617 3850 saturiacum
633 3782 753 3838 editione
764 3781 857 3837 Graeca
871 3799 886 3836 a
901 3782 1014 3839 dolete-

217 3850 259 3909 rio
283 3862 437 3934 procurata.
466 3853 550 3908 Porro
573 3869 608 3908 ex
636 3853 832 3908 laudatissimis
856 3853 913 3908 illis
936 3852 1014 3907 hatis

216 3932 390 3980 succinctum
414 3925 533 3995 elogium
556 3925 646 3979 texuit
671 3924 753 3991 Beda,
776 3924 912 3994 prolixius
933 3923 1034 3988 Ado3·

215 4004 377 4067 utrumque,
394 3996 422 4050 ni
439 3995 529 4063 lallor,
546 3995 617 4051 vidit
633 3995 751 4063 Noster,
768 4011 870 4067 suaque
885 3994 948 4050 inde
962 3993 1015 4049 de-

215 4066 327 4137 cerpsit.
343 4065 399 4121 Nec
408 4066 623 4123 Wandalbertns
633 4067 852 4123 illustrissimum
864 4073 1014 4138 martyrem

213 4137 357 4208 praeteriit,
374 4137 426 4194 huc
441 4155 503 4194 eum
515 4139 651 4196 versiculo
666 4139 806 4195 honorans
822 4157 827 4194 :

261 4252 376 4317 Martyrii
391 4256 500 4318 palmam
518 4256 600 4318 pridie
615 4257 686 4318 capis
703 4254 784 4317 lduple
798 4268 947 4315 perennem.

248 4361 313 4430 Qum
328 4361 362 4420 de
376 4363 485 4420 iiiluna
508 4363 703 4436 subjiciuntur,
728 4361 837 4443 proprie
864 4360 1007 4416 Adoniana

213 4441 331 4502 suut,ex
345 4437 422 4492 Actis
436 4442 535 4493 sancte
550 4435 677 4502 diemde
707 4435 788 4489 nibus
798 4449 879 4505 snpra
889 4433 1006 4504 egimus,

212 4504 366 4586 desumpta,
383 4517 411 4564 et
424 4508 458 4563 ab
474 4508 597 4564 Usuardo
612 4524 647 4563 ex
662 4451 758 4562 haene
774 4504 938 4561 adverbum
954 4503 1007 4560 de-

212 4585 325 4649 scripta,
336 4579 408 4635 sicut
418 4579 532 4652 proinde
546 4582 623 4636 nulla
636 4579 724 4635 subsit
735 4577 892 4634 difficultas.
904 4578 940 4630 At
952 4593 1007 4632 non

212 4647 251 4701 ita
267 4658 422 4721 promptum
438 4660 478 4706 est
492 4650 647 4718 decernere,
659 4648 726 4723 quid
736 4649 788 4703 sibi
800 4649 867 4703 velit
881 4664 1007 4704 cemme-

211 4719 329 4773 moratio
344 4721 425 4775 tertia
435 4721 464 4776 in
478 4722 572 4778 codiee
583 4721 704 4777 Pratensi
716 4720 857 4774 evidenter
867 4727 1005 4791 corrupta,

211 4795 281 4844 teste
293 4791 359 4844 clar.
377 4790 541 4858 Castellano,
559 4792 650 4864 quiin
666 4798 798 4862 praetenso
810 4790 858 4845 ille
874 4799 1007 4861 autogra-

211 4859 267 4934 pho
282 4859 473 4932 deprehendit,
486 4878 561 4917 erasa
573 4863 657 4918 fuisse
669 4862 752 4917 verba
764 4862 858 4915 omnia
871 4863 941 4915 inter
951 4864 1007 4916 Eu·

208 4931 311 5006 prepioe
325 4940 351 4987 et
368 4932 520 5002 (lairiacus,
537 4933 629 5006 ibique
642 4933 791 4988 substituta
806 4933 872 4998 haec,
890 4934 1008 5002 pressius

211 5004 344 5077 disposita
361 5023 366 5059 :
383 5005 450 5059 Eud.
462 5005 504 5058 dle
511 5007 586 5076 pessi
595 5007 752 5060 stratllernre
760 5005 805 5057 srrb
814 5002 938 5074 pressule
949 5009 1007 5058 l'er·

213 5076 305 5132 lincea.
325 5075 384 5143 Qua
399 5075 428 5131 in
444 5079 605 5146 mutatione,
622 5077 744 5132 Prutensi
760 5076 793 5131 de
809 5091 883 5131 more
898 5075 1007 5147 astipu-

212 5147 305 5204 lantur
324 5149 561 5221 antuerp-blajm·
583 5157 609 5206 et
625 5148 768 5219 llosneyd.
786 5149 821 5202 at
845 5162 878 5202 ex
895 5147 1007 5220 reliquis

211 5220 341 5276 omnibns
360 5223 512 5278 certissima
536 5221 647 5277 videtur
671 5219 787 5276 Usuardi
804 5220 894 5275 lectio.
915 5219 1007 5286 Quaeri

211 5301 301 5362 posset
311 5309 345 5348 an
356 5310 419 5350 vera
432 5294 446 5349 i
465 5296 509 5350 An
519 5311 574 5351 non
586 5295 619 5350 ab
630 5294 690 5366 ipso
706 5294 749 5364 (ut
759 5292 828 5348 lorte
844 5292 906 5365 quis
919 5294 1005 5363 uolet)

1069 3000 1088 3053 ti
1100 3015 1147 3066 nn,
1164 3000 1191 3053 in
1208 3001 1368 3070 praelatione
1383 3001 1491 3056 abunde
1506 3000 1639 3072 explicui.
1656 3003 1687 3056 ln
1703 3001 1797 3057 medio
1807 3010 1870 3057 sunt

1068 3079 1168 3125 saneim
1184 3072 1256 3126 llice
1268 3074 1434 3143 Arrgnsranru
1451 3076 1518 3128 acta
1532 3089 1547 3126 a
1561 3073 1653 3129 Marco
1670 3073 1784 3130 Velsere
1799 3074 1870 3129 notis

1068 3141 1215 3210 illustrata,
1231 3160 1291 3215 quae
1306 3143 1328 3198 si
1353 3161 1406 3215 pne
1421 3146 1510 3200 ‹icrrlis
1526 3144 1624 3199 habuit
1647 3144 1800 3213 hisnardus,
1817 3161 1869 3199 non

1068 3213 1158 3284 poterit
1173 3230 1226 3267 non
1243 3215 1362 3271 seribere
1377 3224 1459 3287 prout
1469 3223 1509 3270 est
1525 3217 1656 3272 interitu.
1676 3215 1704 3271 Si
1721 3215 1798 3273 dicas
1811 3217 1870 3272 Hie·

1069 3286 1234 3356 runymiana
1246 3288 1335 3357 ipsum
1348 3288 1520 3343 consuluisse
1531 3305 1581 3343 vnn
1592 3287 1711 3360 Augusti
1723 3306 1730 3355 ;
1744 3287 1803 3359 jam
1814 3287 1872 3344 dies

1069 3357 1232 3428 transponit,
1248 3359 1304 3413 inre
1315 3359 1382 3413 (luas
1392 3360 1491 3414 classes
1501 3359 1656 3418 confundit.
1668 3365 1696 3414 et
1706 3358 1779 3415 forte
1789 3359 1871 3416 eliam

1070 3429 1265 3501 tertiamque
1293 3433 1319 3484 in
1338 3431 1476 3501 praedietis
1494 3430 1719 3503 hieronymianis
1733 3447 1874 3504 anonyma

1069 3501 1182 3569 ponitur
1197 3519 1236 3556 un
1256 3502 1382 3573 hirgnsti.
1400 3503 1527 3557 Salehras
1543 3502 1588 3557 hie
1602 3502 1684 3557 rideo
1699 3509 1726 3558 et
1741 3503 1873 3575 pra-ipi-

1069 3572 1117 3633 tia,
1134 3589 1194 3644 qnae
1209 3574 1355 3643 explanare
1371 3591 1425 3628 non
1443 3575 1508 3628 satis
1524 3574 1638 3628 obvium
1654 3574 1717 3642 erit,
1732 3575 1786 3630 nisi
1804 3591 1873 3629 mar·

1069 3650 1143 3713 tyrus
1158 3644 1279 3715 quinque
1294 3655 1320 3700 et
1336 3644 1434 3715 viginti
1451 3645 1537 3700 nostri
1554 3645 1707 3717 Arrgustani
1724 3662 1739 3701 a
1754 3645 1873 3703 totidem

1069 3715 1199 3769 llemanis
1215 3725 1338 3786 exparte
1354 3716 1410 3770 lere
1427 3716 1592 3789 synonymis
1608 3717 1653 3785 lde
1668 3718 1771 3790 quibus
1785 3718 1820 3774 ad
1834 3734 1874 3774 ru

1069 3787 1198 3856 hugrrsti)
1211 3786 1425 3858 distinguantur.
1446 3790 1529 3860 Legat
1543 3789 1668 3844 curiosus
1685 3788 1831 3861 indagator
1844 3805 1874 3845 ea

1069 3873 1128 3982 qnae
1140 3858 1246 3912 nutarit
1258 3859 1446 3915 Florentinins
1460 3861 1553 3915 citatis
1565 3860 1726 3916 illlsdiebus
1737 3878 1778 3916 un
1788 3868 1815 3917 et
1824 3879 1874 3916 rm

1095 3929 1195 3998 ugusti.
1214 3929 1268 3983 Nus
1279 3931 1385 4057 relilqna
1395 3931 1429 3986 ad
1444 3931 1532 4002 majus
1550 3931 1624 4003 Opns
1636 3931 1790 4003 rejicimus,
1802 3932 1873 3988 nihil

1069 3999 1179 4055 interim
1194 4000 1314 4057 elrrbiiale
1349 4003 1440 4058 suardi
1455 4012 1557 4070 inclite,
1570 4004 1628 4058 sive
1644 4003 1667 4058 is
1677 4020 1743 4060 vera
1758 4005 1875 4076 scripse·

1069 4072 1116 4138 rit,
1128 4072 1186 4127 sire
1196 4088 1317 4128 erronea.
1330 4076 1420 4145 Atque
1432 4075 1566 4130 haetenus
1581 4075 1671 4131 lentes
1681 4075 1796 4148 quidem
1805 4076 1874 4131 erui-

1069 4160 1149 4208 mus;
1171 4160 1267 4198 rerum
1283 4145 1355 4200 unde
1372 4146 1542 4201 Gracilicaus
1555 4147 1602 4202 ille
1616 4147 1679 4203 aliis
1694 4148 1870 4203 Gratiliouee

1068 4223 1095 4269 et
1117 4215 1281 4270 Felicissime
1303 4218 1332 4271 in
1357 4217 1518 4273 laterculum
1545 4218 1727 4288 transierint,
1754 4235 1868 4292 prorsus

1023 4285 1188 4355 Gignorare
1216 4304 1258 4342 me
1281 4287 1377 4356 fateor,
1403 4289 1560 4345 indubitata
1584 4300 1675 4346 tanien
1702 4306 1763 4347 esse
1778 4291 1866 4364 ipsius

1062 4358 1178 4415 Usuardi
1193 4359 1276 4414 rerba
1296 4360 1422 4416 codicum
1439 4363 1564 4417 omnium
1580 4378 1731 4418 consensus
1746 4362 1868 4435 apertis-

1061 4431 1129 4485 sime
1144 4431 1257 4486 evincit.
1274 4430 1339 4498 Quae
1355 4433 1390 4487 sit
1405 4450 1437 4487 ea
1451 4433 1570 4501 Fateris,
1587 4434 1628 4489 vel
1645 4435 1755 4502 Falare,
1770 4435 1865 4491 siden·

1060 4501 1127 4557 dum
1142 4502 1169 4557 in
1182 4503 1376 4558 Notationibus
1392 4504 1514 4560 Barrunii.
1532 4505 1610 4560 Actis
1620 4504 1739 4561 subinde
1751 4521 1864 4588 perpen-

1060 4573 1108 4642 sis,
1133 4573 1228 4629 uideur
1245 4591 1322 4646 posse
1344 4575 1492 4647 coaijicere,
1518 4576 1676 4633 {isuardum
1703 4595 1735 4633 ea
1749 4577 1864 4645 vidisse,

1060 4661 1119 4717 qnae
1134 4646 1205 4717 apnd
1217 4662 1266 4701 nes
1276 4654 1385 4703 exstant
1400 4665 1463 4704 mss.
1480 4665 1534 4704 nen
1550 4665 1604 4703 nrm
1614 4666 1791 4732 quorumque
1801 4665 1864 4722 spe·

1061 4717 1150 4773 cirrren
1166 4717 1248 4773 habes
1262 4719 1296 4774 ad
1312 4736 1350 4774 nv
1366 4719 1428 4774 Maii
1441 4729 1516 4776 torino
1530 4722 1577 4788 lll,
1593 4738 1654 4792 pag.
1667 4721 1729 4787 tae,
1743 4737 1774 4781 m
1789 4720 1864 4777 Euti-

1063 4789 1109 4843 tio.
1130 4789 1193 4843 Sola
1208 4797 1272 4845 riola
1287 4791 1352 4845 ueriti
1367 4795 1459 4861 quarti
1472 4794 1590 4860 Claudii,
1607 4793 1640 4847 ab
1655 4792 1788 4849 omnibns
1802 4808 1864 4849 con·

1062 4868 1166 4940 stanter
1180 4860 1295 4931 signata,
1316 4863 1374 4917 visa
1397 4873 1438 4919 est
1460 4864 1638 4919 l'illemontio
1660 4873 1734 4920 tonro
1751 4864 1787 4933 V,
1804 4880 1862 4937 pag.

1064 4932 1123 4998 lau,
1137 4933 1329 4989 intolerabilis.
1342 4934 1400 4990 Non
1412 4935 1512 4991 desunt
1522 4936 1585 5003 alia,
1599 4935 1864 5007 prudentienamine

1062 5019 1111 5059 suo
1127 5005 1186 5059 loco
1201 5005 1360 5075 subigenda,
1380 5008 1520 5064 lincurius
1533 5017 1559 5062 et
1574 5008 1701 5062 laetiensis
1713 5008 1749 5063 ab
1763 5009 1864 5063 Hiero·

1062 5076 1212 5147 nynnanis,
1230 5078 1352 5133 llonrano
1367 5096 1462 5150 parre,
1479 5090 1506 5136 et
1528 5080 1623 5135 Adone
1640 5080 1799 5137 laudantur.
1821 5077 1862 5135 Ex

1061 5157 1199 5219 postremo
1216 5150 1331 5204 totidem
1343 5152 1434 5206 serbis
1449 5161 1572 5224 acceptos
1584 5152 1733 5207 credimus.
1753 5151 1864 5207 Notke-

1062 5237 1107 5275 rus
1119 5222 1398 5292 lliernnymianurmn
1412 5227 1492 5278 rerba
1503 5224 1691 5279 transcribere
1703 5225 1812 5280 maluit.
1826 5224 1862 5279 ue

1061 5292 1104 5347 his
1119 5294 1226 5350 duobus
1242 5294 1349 5350 ultimis
1362 5296 1444 5350 nihil
1460 5296 1591 5353 hactenns
1608 5296 1705 5368 reperi.

937 5426 1128 5484 auersum.

249 5517 607 5591 Pnsreu.,Anrunar.-llar.
623 5535 650 5584 el
666 5528 811 5584 Roswnru.
828 5525 930 5582 hahent
944 5542 1003 5580 enm
1021 5531 1044 5588 D
1096 5527 1265 5587 l‘rnsaars..
1278 5527 1306 5581 in
1326 5527 1415 5598 prima
1426 5537 1452 5584 et
1470 5529 1570 5585 ultima
1586 5530 1800 5587 anuurrtiatiune
1816 5546 1862 5603 pu·

212 5593 1002 5672 mutationem,dequadinisuperinsinobservationibus.

249 5663 386 5719 lloswsre
410 5677 537 5737 praeterea
548 5672 575 5724 in
588 5672 741 5727 linesubdit
754 5692 759 5727 :
779 5672 829 5726 «ln
845 5669 1004 5742 hqtntunia,

210 5743 313 5790 sanctae
335 5735 508 5809 Radegundis
526 5741 677 5814 virginiam
704 5743 774 5802 Vide
789 5743 943 5799 Usuardum
960 5740 1004 5798 die

210 5807 345 5884 sequenti.

1061 5614 1116 5665 uns,
1134 5598 1307 5654 intermediis
1323 5601 1452 5656 onrmhus
1463 5610 1545 5658 caret.

1095 5743 1237 5799 Anruanr.
1251 5754 1276 5801 et
1285 5745 1473 5804 llam-Lunae.
1496 5747 1563 5803 Toto
1575 5753 1652 5805 textu
1665 5749 1732 5806 satis
1744 5749 1817 5821 puri,
1836 5748 1863 5802 in

1058 5831 1091 5872 eo
1102 5814 1243 5886 deliciunt,
1257 5819 1331 5891 quod
1341 5821 1523 5891 penultimam
1536 5822 1781 5878 unriuntiatiouem
1797 5837 1863 5878 curr-
