3834 6136
164 243 214 303 itt

817 226 969 285 usbhnut
988 223 1161 283 honneur.

1763 201 1815 290 ii,

163 371 254 429 socios
280 368 411 426 Valentem
437 368 465 418 et
487 361 605 418 Paulum
627 359 657 415 iu
680 355 816 413 hodierno
839 355 963 411 Romano
978 355 1003 414 Α
1017 351 1074 408 tine
1091 348 1145 406 boc
1169 347 1214 402 die
1235 346 1265 400 in
1288 343 1366 400 Actis
1384 339 1486 397 nostris
1499 338 1574 394 edita
1587 344 1628 392 est
1642 351 1658 390 a
1671 332 1817 406 Papebro-

163 439 287 512 ad'nngi,
303 437 371 493 benc
385 435 414 489 iii
424 429 629 490 Commentario
643 428 812 506 succensuit
826 424 959 497 Papebro-

163 514 254 576 obius,
269 515 363 578 utpote
376 504 423 578 qui
440 502 524 559 sociis
537 500 667 557 omnibns
690 499 726 555 ad
751 516 800 553 xvi
817 497 959 554 Februarii

164 584 264 641 melius
282 577 507 647 coniungeretnm
524 581 605 645 atque
632 571 734 628 ibidem
756 571 823 626 satis
842 570 960 625 feliciter

163 653 307 734 conjectat,
324 645 539 717 Martyrologuin
551 645 670 717 aliquem
685 641 781 697 Adone
796 651 823 698 et
837 640 960 698 Usuardo

163 732 219 780 anti
241 721 358 786 uiorem,
375 733 423 789 pro
438 732 513 771 mero
537 715 607 772 forte
627 713 755 781 arbitrio,
784 712 959 784 Paiiipbilniii

163 740 274 850 bachis
297 788 482 860 consignasse.
509 786 554 843 Sic
568 786 683 842 omnino
698 801 741 840 res
755 783 838 864 habet
853 801 860 850 ;
876 783 923 838 sed
934 793 961 840 et

163 862 379 935 blartyrologum
395 860 474 914 illum
490 873 546 914 uon
561 857 710 914 difficulter
723 871 842 982 reperire
852 855 960 926 potuit,

163 950 260 1007 nempe
275 940 413 989 auctorem
430 930 544 986 iloinani
577 929 646 997 arvi,
661 945 694 984 eit
721 945 751 983 so
766 938 803 984 ito
826 944 876 983 suo
891 927 961 983 duce

164 1005 263 1064 Rufino
278 1005 316 1059 ita
331 1002 413 1058 bodie
427 945 622 1058 secundoVoco
646 1001 795 1071 legentem:
817 1001 853 1054 Et
878 1000 961 1079 suncti

163 1076 298 1148 Pamphili
311 1074 450 1144 niurtpiis,
466 1073 543 1128 nulla
555 1073 688 1144 temporis
697 1079 744 1126 aut
754 1070 807 1126 loci
823 1070 962 1143 adscripta

163 1146 394 1205 characteristica.
410 1147 469 1202 Non
484 1143 624 1200 dubitavit
638 1143 709 1207 hdo,
726 1143 792 1214 qnin
809 1142 842 1197 de
857 1141 961 1197 illustri

163 1218 223 1286 illo,
239 1218 273 1273 ab
288 1215 408 1272 Eusebio
423 1214 571 1280 celebrato,
582 1230 672 1271 sermo
680 1221 760 1280 esset,
773 1213 879 1286 ipsique
891 1213 961 1268 adeo

164 1289 258 1346 exboc
267 1296 295 1344 et
306 1287 515 1368 Hieronymode
525 1286 625 1359 Script.
637 1286 705 1342 eccl.
716 1300 776 1356 cap.
787 1283 960 1355 taulegius

163 1359 350 1429 concinnavit,
373 1375 453 1442 euyus
482 1366 586 1431 partem
610 1357 781 1429 potissimam
806 1356 904 1411 Noster
928 1354 963 1410 ad

101 1430 104 1435 '
163 1432 278 1489 verbnm
288 1430 439 1497 traiistnlit,
450 1428 672 1485 Notkeroomnia
682 1427 863 1484 describente.
874 1429 964 1499 Atque

163 1503 236 1560 banc
250 1503 336 1559 solam
352 1501 491 1556 credimus
506 1515 599 1555 ieram
614 1515 723 1554 causam
736 1514 804 1566 esse,
819 1514 869 1554 cnr
883 1499 963 1555 Pom·

160 1575 263 1657 philus,
278 1570 392 1630 seorsim
403 1571 438 1627 ab
452 1569 525 1637 aliis,
534 1569 588 1626 hoc
597 1568 641 1624 die
650 1568 963 1650 blartyrologiisnostris

163 1645 314 1717 inscriptus
335 1643 381 1698 sit.
406 1645 446 1699 De
474 1641 558 1697 sociis
571 1640 696 1696 diximus
718 1657 748 1696 iii
763 1639 962 1696 Observatione

1016 421 1090 487 chio,
1108 418 1215 476 duabus
1229 414 1354 488 partibus
1373 428 1404 468 ea
1417 406 1675 493 complectentibus,
1692 419 1817 531 quasn-

1014 499 1128 566 pessunt
1139 507 1173 546 eit
1184 489 1274 546 tribus
1289 485 1367 543 libris
1377 485 1411 542 de
1421 483 1486 538 Vita
1500 479 1638 552 Pamphili
1649 477 1682 559 ab
1719 474 1817 556 usobio

1014 563 1135 635 scriptis,
1165 575 1278 632 quaeqne
1306 557 1357 613 snb
1380 553 1572 624 Metaphrastis
1600 564 1712 629 nomine
1739 563 1818 618 prius

1014 637 1141 706 uulgata,
1172 629 1344 688 auctoritatis
1369 626 1474 700 aliquid
1504 621 1628 679 amisisse
1656 619 1816 675 videbatur.

1015 704 1228 763 wandalbertus
1242 699 1417 772 Pamphilum
1437 707 1464 752 et
1476 693 1654 751 Nicomedem
1670 691 1792 746 honorat
1809 707 1815 746 :

1076 793 1149 845 Juoii
1166 794 1238 853 origo
1257 801 1326 840 tnuin
1338 787 1450 836 sustollit
1467 786 1499 834 ad
1517 794 1585 832 nstra
1600 792 1721 840 nitorem,

1078 855 1223 918 Pamphile,
1236 853 1358 915 martyrio
1373 851 1462 898 doctor
1473 845 1618 917 venerande
1637 845 1725 916 beato:

1078 919 1199 980 blnrtyris
1213 919 1330 978 huncque.
1344 914 1410 962 dioni
1424 913 1516 960 lestiiin
1534 907 1685 959 Nicomedis
1697 905 1816 954 adornat.

1050 999 1211 1057 Reneriunus
1224 993 1480 1069 hiigiisloduncnsis
1494 999 1520 1046 et
1536 991 1638 1071 Paulus
1655 1005 1718 1044 cum
1735 989 1820 1045 sociis

1015 1071 1050 1127 ab
1063 1071 1185 1128 b'snardo
1200 1071 1229 1124 in
1243 1085 1335 1125 sacros
1350 1069 1444 1122 Festos
1469 1063 1547 1119 inlati
1566 1077 1686 1144 primum
1701 1069 1786 1141 suiit;
1803 1077 1820 1114 a

1016 1144 1094 1199 nullo
1108 1141 1265 1213 antiquiore
1279 1147 1326 1195 ant
1341 1143 1596 1193 coaevomemorati.
1613 1133 1669 1188 Nec
1682 1148 1758 1188 euim
1772 1148 1820 1188 au·

1016 1213 1135 1269 diendns
1149 1214 1245 1267 Petrus
1259 1212 1293 1268 de
1307 1209 1460 1288 Natalibus,
1474 1223 1538 1262 eum
1564 1220 1707 1286 perperam
1725 1203 1819 1259 Adoni

1016 1285 1165 1351 ascribens,
1194 1299 1275 1355 qoem
1299 1282 1347 1337 alii
1372 1289 1458 1336 secuti
1481 1285 1556 1334 sunt.
1586 1276 1657 1357 Vide
1673 1273 1821 1357 lienscbe-

1017 1356 1056 1412 nii
1074 1355 1303 1412 commentarium
1327 1361 1354 1408 et
1369 1352 1468 1408 Actae
1490 1350 1520 1405 P.
1540 1349 1570 1404 F.
1587 1347 1718 1404 Chilletio
1738 1363 1821 1429 com-

1018 1427 1176 1489 municata;
1193 1427 1295 1500 quibus
1321 1423 1449 1480 accedere
1463 1429 1552 1494 potest
1566 1420 1663 1476 notula
1676 1419 1820 1486 hlotharii,

1018 1498 1071 1555 boc
1084 1498 1129 1555 die
1139 1498 1336 1570 Martyrologio
1349 1496 1455 1552 Gallico
1476 1492 1589 1566 adjecta.
1600 1493 1696 1547 hstes
1708 1489 1822 1547 laudato

1016 1569 1113 1626 Adone
1128 1577 1155 1624 et
1168 1565 1456 1640 ejusdeiiiinetvcrbis
1473 1565 1553 1645 plane
1567 1570 1694 1644 acceptus
1708 1568 1750 1642 est
1769 1562 1821 1618 Co·

1014 1640 1134 1712 prosius.
1151 1640 1208 1698 Cur
1230 1638 1385 1711 praeteritus
1397 1637 1433 1693 sit
1449 1636 1579 1693 Claudius
1599 1635 1766 1691 Viennensis
1780 1633 1822 1689 Xl

163 1725 257 1775 nostra
272 1715 287 1788 ὅ
300 1714 400 1771 ultimo
414 1714 498 1769 citata
511 1712 557 1768 die
571 1728 620 1767 rivi
636 1710 788 1779 Februarii,
805 1710 852 1766 ulii
867 1712 963 1767 conti·
977 1712 1001 1773 Β
1018 1712 1163 1784 episcopus
1177 1712 1280 1768 ibidem
1295 1717 1417 1777 notatm,
1434 1709 1507 1763 haud
1520 1706 1586 1762 satis
1600 1705 1747 1778 perspicio.
1757 1704 1822 1761 Cae-

164 1796 275 1845 uuatam
291 1783 438 1841 duodecim
453 1783 651 1856 martyriorum
674 1781 772 1838 seriem
787 1798 822 1836 cx
842 1782 963 1839 Eusebio

163 1857 290 1930 aliisque,
307 1854 411 1912 Gallice
431 1854 585 1928 expositam
609 1853 763 1909 diiiiionsa
783 1852 964 1910 'tillemontio

164 1937 241 1986 tomo
258 1928 293 1995 V,
309 1943 325 1983 a
339 1941 400 1999 pag.
414 1924 478 1993 tia,
492 1941 552 1998 quae
561 1925 648 1980 lerme
663 1923 757 1980 eadem
769 1923 862 1981 Graece
874 1933 901 1983 et
916 1924 964 1982 La-

1017 1793 1107 1840 terum
1134 1799 1175 1838 nae
1187 1782 1324 1849 dedimus,
1337 1780 1491 1838 Usuardina
1505 1795 1564 1836 esse
1579 1778 1696 1834 mininie
1711 1775 1822 1833 dubita·

1018 1871 1091 1911 mus.
1114 1799 1182 1921 Cure
1208 1854 1242 1911 de
1266 1853 1395 1926 Caprasio
1419 1858 1578 1924 supersunt,
1593 1848 1627 1906 ab
1643 1847 1821 1908 Heuschenio

1019 1925 1136 1985 collecta
1150 1933 1177 1983 et
1189 1926 1324 1985 recensita
1343 1923 1479 1981 invenies.

893 2050 1086 2111 auersum.

200 2155 322 2212 Patren.
333 2148 471 2223 imprimis
484 2148 664 2206 multabodie
677 2148 801 2207 habetde
818 2174 827 2198 ι
841 2149 962 2208 Dedica-

165 2227 241 2287 tiono
255 2230 424 2297 cryptarum,
442 2245 451 2268 ι
478 2228 543 2289 eta,
563 2221 592 2277 in
608 2220 699 2277 indice
714 2221 963 2279 Pratermissorum

165 2298 272 2378 integre
288 2294 408 2351 recitata.
424 2291 509 2349 Nobis
523 2292 577 2349 luit
591 2292 707 2349 dubium
722 2308 757 2348 an
784 2293 893 2366 longior
911 2294 963 2350 ista

165 2377 254 2426 oratio
269 2367 320 2438 ipsi
337 2364 462 2422 Usiiardo
475 2371 546 2420 essct
560 2365 726 2431 tribuenda;
770 2381 804 2419 ua
820 2382 902 2437 super
915 2382 964 2420 re-

165 2449 310 2498 cousustos
322 2437 492 2493 Castollanus
506 2436 658 2508 respondit,
678 2437 707 2492 in
775 2437 814 2492 ice
828 2436 962 2504 Pratensi,

166 2512 255 2641 grimo
267 2518 294 2564 el
307 2508 401 2564 eadem
419 2524 502 2562 iiiaun
512 2507 670 2563 omuiaesse
680 2508 791 2579 scripta.
806 2508 850 2563 hri
867 2509 963 2564 Usnar·

186 2584 232 2640 iiia
244 2583 258 2637 ἶ)
272 2583 332 2636 Non
343 2580 483 2643 existimo,
495 2579 523 2633 in
540 2579 666 2636 codicum
677 2580 795 2634 aliorum
808 2579 894 2636 ferme
907 2596 963 2634 oin-

167 2656 244 2712 niurii
265 2650 436 2731 optatissima
451 2650 640 2719 repugnantia,
663 2657 690 2704 ct
716 2649 827 2723 quidem
851 2651 964 2706 alterius

166 2727 305 2781 Prateiisis
320 2720 424 2776 codicis
437 2720 470 2786 B,
486 2720 515 2774 iu
530 2736 585 2792 quo
599 2719 659 2776 haec
672 2735 748 2776 erasa
773 2728 899 2789 testatur,
915 2721 963 2794 qni

167 2792 353 2870 apographum
366 2799 489 2846 nostrum
501 2798 709 2918 cuoinaetenso
717 2793 886 2866 autographo
900 2809 963 2860 coii-

168 2866 233 2925 iulii
247 2861 442 2919 celeberrimus
457 2861 565 2917 Siriiiou
588 2877 630 2922 ns·

203 2938 352 2992 Hi-:iiisiisn
364 2941 422 2989 toto
437 2941 514 2989 teitu
529 2934 655 2989 omnium
669 2934 842 3006 purissimus,
866 2934 895 2991 in
910 2934 964 2992 tine

167 3009 226 3065 hanc
241 3006 293 3061 sibi
307 3004 416 3085 propria
430 3004 545 3076 adjicit:
569 3028 578 3052 ι
593 3005 719 3063 Treveris
732 3007 854 3074 civitate,
875 3007 965 3080 depo-

168 3080 233 3136 sitio
247 3078 319 3133 beati
334 3077 470 3132 Simeonis
484 3076 621 3133 monachi.
638 3077 691 3144 Qui
707 3078 845 3149 proiectus
859 3095 893 3134 ex
908 3095 965 3135 mo·

168 3149 288 3206 nasteiio
302 3148 332 3203 iii
343 3156 436 3203 monte
444 3147 519 3204 Sinai
530 3148 691 3218 constituto,
707 3149 822 3206 rectoris
835 3150 878 3206 sni
889 3150 965 3208 obse·

169 3221 293 3278 enudans
319 3220 452 3292 imperiis,
482 3220 565 3292 inque
588 3229 766 3277 memoratam
789 3223 965 3293 metropolim

168 3293 326 3358 detniiieiis,
343 3307 398 3346 nori
412 3290 505 3362 paucis
518 3292 598 3349 annis
613 3293 788 3349 remotiorem
798 3293 884 3350 vitam
899 3301 965 3350 stre-

1051 2150 1245 2218 Biiuxutiuu„
1279 2149 1309 2205 iu
1336 2155 1427 2216 textu,
1456 2147 1539 2204 solito
1568 2147 1676 2221 purior,
1705 2149 1820 2207 subdit:

1024 2246 1035 2272 ι
1052 2221 1135 2295 Apud
1150 2222 1298 2288 Viennam,
1324 2220 1412 2276 sancti
1429 2219 1607 2277 Elandissimi
1624 2217 1722 2293 [noluit
1735 2221 1823 2278 dicere

1014 2291 1140 2366 Claudii]
1173 2292 1305 2365 episcopi.
1335 2292 1370 2347 m
1398 2291 1535 2360 Treveris,
1564 2290 1701 2363 depositio
1731 2293 1820 2351 sancti

1017 2365 1163 2447 Symeonis
1188 2363 1316 2421 monachi
1332 2371 1359 2420 et
1375 2363 1526 2419 beremitae.
1544 2362 1597 2430 Qui
1612 2363 1757 2436 Syracusis
1776 2365 1822 2421 ci-

1018 2444 1104 2493 vitate
1128 2436 1229 2492 Sicilia
1256 2435 1401 2503 oriundus,
1429 2434 1555 2490 Treveris
1584 2451 1632 2505 pro
1660 2434 1772 2492 Christo
1792 2436 1821 2491 in

1018 2508 1087 2565 turri
1103 2508 1152 2563 din
1166 2508 1322 2575 conclusus,
1339 2506 1469 2579 migravit
1482 2505 1517 2561 ad
1532 2504 1684 2563 Christum.
1701 2532 1710 2555 ι

1054 2579 1236 2647 Hsousoiss,
1257 2579 1287 2634 iti
1315 2578 1403 2634 tribus
1436 2577 1534 2650 primis
1560 2578 1822 2636 annuntiationibus

1019 2650 1126 2706 modice
1165 2651 1357 2721 interpolatus,
1392 2657 1455 2704 aute
1492 2650 1618 2720 Caprasii'
1659 2650 1817 2707 interserit:

1026 2745 1035 2770 ι
1049 2722 1192 2793 Depositio
1206 2722 1294 2777 sancti
1310 2721 1447 2776 Simeonis
1460 2720 1590 2776 monachi
1600 2728 1627 2777 et
1640 2722 1820 2778 confessoris.

1018 2792 1071 2860 Qui
1087 2800 1168 2848 natus
1179 2800 1237 2848 erat
1251 2793 1284 2847 de
1299 2792 1394 2848 Sicilia
1409 2808 1425 2846 a
1440 2791 1624 2848 nobilissimis
1638 2794 1820 2864 parentibus:

1038 2865 1066 2920 ui
1091 2872 1119 2921 et
1141 2865 1226 2920 vitam
1251 2864 1444 2920 heremeticam
1461 2863 1490 2918 in
1509 2871 1603 2919 monte
1621 2864 1706 2936 Syriai
1727 2866 1821 2922 duxit.

1018 2881 1072 2992 ged
1086 2936 1181 3009 Puppo
1196 2935 1371 2991 Trercrensis
1388 2934 1611 3007 archiepiscopus
1630 2937 1822 2994 transfretavit

1019 3016 1046 3064 et
1060 3008 1225 3080 Syineonem
1249 3007 1389 3063 Treuerim
1408 3007 1500 3074 duxit,
1517 3007 1662 3080 ipsumque
1676 3025 1759 3090 supra
1773 3008 1822 3064 ni-

1020 3095 1095 3152 gram
1110 3087 1216 3151 partam
1232 3078 1338 3135 recludi
1353 3078 1428 3146 lecit,
1449 3085 1476 3133 et
1490 3079 1629 3135 necesaria
1642 3079 1669 3136 ei
1679 3081 1820 3136 ministro·

1020 3150 1072 3218 vit,
1092 3159 1119 3206 ot
1142 3149 1263 3205 animam
1285 3152 1342 3206 Deo
1366 3148 1452 3216 dedit,
1478 3149 1571 3222 ibique
1594 3151 1718 3224 sepultus
1740 3161 1822 3208 estet

1021 3221 1117 3277 multis
1129 3223 1214 3278 claret
1229 3220 1381 3277 miraculis.
1397 3245 1406 3269 ι
1428 3220 1559 3293 Sequitur
1582 3223 1726 3294 Caprosii;
1749 3233 1777 3281 et
1791 3225 1822 3279 iii

1020 3293 1093 3349 line:
1117 3315 1126 3341 ι
1142 3295 1245 3360 Itomae,
1261 3293 1348 3349 sancti
1360 3292 1512 3350 Vincentii.
1528 3319 1537 3342 ι
1561 3295 1600 3349 De
1614 3311 1669 3367 quo
1683 3312 1777 3367 supra.

169 3382 223 3422 nne
238 3363 372 3430 enercitit,
389 3362 557 3435 ibidemque,
573 3373 689 3421 vocante
700 3365 828 3430 Domino,
841 3365 876 3420 ad
886 3367 965 3421 coele·
1055 3365 1215 3426 hocicmcr.
1229 3364 1343 3437 incipit:
1361 3365 1757 3434 ‹Romae,dedicationatalis,·
1767 3376 1820 3423 eto.

168 3438 218 3493 stin
236 3437 374 3503 iiiigiuvit,
392 3452 446 3506 quo
463 3451 491 3490 se
506 3435 625 3491 feliciter
647 3436 752 3506 virere,
768 3434 1051 3494 iniraculoinmCIu
1072 3435 1145 3492 line:
1178 3438 1276 3493 ‹ltem
1305 3436 1399 3492 Jovini
1425 3436 1566 3492 abbatis·
1590 3438 1621 3493 ln
1650 3439 1823 3497 Pictaiiensi

167 3508 333 3564 cichorium
349 3512 463 3561 testatur
475 3504 657 3563 exhibitione.
673 3531 682 3555 ι

204 3580 250 3633 To:
264 3594 363 3631 tricia.
388 3575 520 3631 rescindit
544 3584 651 3646 partein
665 3578 779 3634 alteiam
794 3577 876 3649 elogii
890 3579 963 3636 beati

168 3648 318 3719 Panipliiii,
334 3654 432 3702 cetera
448 3662 533 3716 purus
547 3655 597 3703 est.

204 3721 359 3775 Passaron.
376 3735 381 3771 :
406 3718 532 3785 «licium,
549 3717 687 3774 dedicatio
702 3728 730 3776 et
752 3721 882 3788 nataha·
909 3728 962 3778 ete.

168 3792 312 3862 Sequitur:
350 3788 404 3842 «ln
427 3788 585 3858 Campania,
602 3790 700 3846 natalis
725 3795 812 3849 sancti
841 3792 964 3848 Herasmi

168 3862 289 3935 episcopi
302 3867 328 3913 et
342 3859 515 3915 confessoris.
532 3860 581 3916 Hic
596 3861 647 3916 snb
657 3862 829 3919 Diocletiano
839 3872 866 3918 et
880 3864 964 3920 Maxi·

170 3930 965 4003 iiiiiiiioAugustis,diuersissupplieiiscruciatus,taiideui

171 4013 285 4060 vocante
301 4018 363 4055 oum
380 4001 611 4068 hlomiuo,saiicto
622 4003 676 4059 line
689 4005 823 4076 quievit.»
841 4007 911 4064 Vide
921 4006 966 4062 die

171 4075 259 4130 tertio.
290 4074 374 4126 Porro
402 4071 431 4126 in
455 4072 549 4128 codice
572 4081 715 4132 truncatur
737 4085 827 4133 totum
845 4078 965 4150 elogium

170 4144 319 4216 Pamphili.
335 4145 375 4197 llo
389 4145 495 4198 cmteris
511 4144 594 4202 nibil.

205 4217 350 4272 Arriani.
368 4222 393 4268 et
403 4215 606 4286 hieu-Lusus,
618 4218 647 4274 in
661 4227 739 4276 textu
754 4220 820 4276 satis
832 4220 905 4293 puri,
918 4220 967 4276 'ad-

170 4288 241 4346 dunt
256 4288 283 4342 iii
299 4287 364 4353 line,
387 4288 457 4341 alter
470 4289 599 4355 Jitoeiicii,
618 4291 704 4347 altera
727 4292 865 4351 Vincentii.
885 4292 967 4364 Apud

169 4357 370 4416 aliosiiiienies
383 4359 502 4426 V't‘oeiiti'i,
517 4359 652 4430 Variaiti‚»
669 4371 722 4420 etc.
735 4363 888 4420 Videantur
897 4364 967 4421 Prte-

170 4430 289 4489 teriiiissi
305 4429 423 4496 atheta,
436 4447 498 4511 pag.
514 4430 559 4487 la.

206 4504 355 4581 Rosiym'o.
371 4511 398 4557 ct
413 4501 459 4557 hic
473 4518 502 4555 in
517 4512 596 4560 textu
609 4505 676 4561 satis
691 4522 776 4579 purus
790 4515 841 4576 est,
866 4506 912 4566 sed
938 4507 968 4563 iii

171 4573 225 4628 line
236 4573 349 4643 adjicit:
371 4597 380 4620 ‹
394 4574 462 4628 Item
479 4574 601 4629 Faustini
615 4577 736 4650 episcopi
749 4587 776 4634 et
787 4579 927 4652 uiartyris,
942 4587 970 4634 et

171 4643 309 4699 sociorum
325 4643 394 4714 ejus.
411 4670 420 4693 ι
442 4646 491 4699 Est
501 4645 574 4701 intei·
588 4647 734 4705 Perusinos
750 4660 885 4723 martyres
899 4652 968 4707 Foti-

172 4715 256 4769 stiuns
269 4714 379 4784 aliquis
395 4731 430 4770 an
450 4715 524 4771 hniic
541 4716 654 4786 indicet,
669 4721 772 4778 uescio.

1019 3507 1114 3564 Gallim
1129 3508 1250 3571 diaecesi,
1267 3515 1299 3564 ut
1315 3508 1343 3563 in
1357 3509 1434 3565 Actis
1449 3516 1570 3564 notatur.

1055 3578 1202 3636 Vicroiiis.
1216 3598 1264 3651 pro
1278 3581 1466 3650 Augustuduni
1478 3581 1561 3635 aliam
1575 3580 1741 3653 positionem
1759 3583 1823 3640 sub·

1020 3649 1131 3706 stituit:
1155 3651 1204 3706 «ln
1222 3651 1362 3706 territorio
1378 3651 1576 3708 bisernensi.»

1055 3720 1520 3779 Marito.Caurus-Uirouesca:
1543 3747 1553 3771 ι
1570 3724 1729 3782 Nicomedis
1745 3743 1824 3782 mar—

1020 3792 1101 3864 tyris.
1126 3793 1264 3864 Pamphili
1289 3793 1442 3866 presbyteri
1464 3802 1491 3851 et
1513 3797 1654 3869 martyris.
1674 3798 1824 3854 Reueriani

1021 3866 1153 3935 martyris
1167 3881 1230 3921 cum
1244 3865 1339 3921 sociis.
1361 3891 1370 3912 ι

1056 3936 1087 3991 ln
1100 3935 1234 3992 Varican.
1251 3953 1327 3992 nuin.
1341 3936 1410 3994 5949
1426 3936 1502 3992 deest
1524 3938 1715 4008 «Nicomedis,
1730 3950 1758 3997 et
1774 3943 1825 3997 ile·

1021 4006 1128 4062 veriani
1156 4015 1183 4063 et
1206 4008 1368 4078 Caprasii2·
1394 4007 1544 4078 adjicitur:
1581 4012 1824 4081 «Thessalonicae,

1021 4085 1122 4134 sanctae
1137 4079 1228 4133 Lucius
1245 4079 1398 4150 virginis.»
1420 4079 1490 4136 Vide
1510 4080 1628 4138 indicem
1658 4083 1826 4140 Sanctorum

1022 4149 1107 4277 bubus
1120 4149 1176 4205 diei
1191 4157 1218 4204 et
1232 4150 1311 4214 ricta,
1327 4150 1356 4205 iii
1370 4150 1472 4223 quibus
1485 4153 1577 4209 varios
1587 4154 1670 4212 babet
1684 4157 1786 4212 socios.

1082 4237 1230 4276 canities.
1247 4221 1277 4276 in
1291 4222 1361 4278 fine:
1389 4247 1399 4270 ι
1422 4223 1515 4280 Romae
1538 4227 1626 4282 sancti
1652 4226 1788 4294 Viventii,
1809 4251 1819 4274 ι

1024 4291 1095 4352 Vide
1109 4309 1191 4364 supra
1203 4293 1347 4349 durusne.
1362 4303 1390 4352 el
1409 4295 1602 4353 Mis-Lunna.

1059 4364 1217 4421 hirenes:
1241 4365 1394 4434 «Pictoris,
1411 4367 1499 4424 sancti
1513 4368 1605 4423 lovini
1621 4368 1738 4424 abbatis.
1755 4395 1764 4419 i

1058 4437 1248 4493 Frumento:
1269 4440 1395 4504 «Romae,
1411 4439 1499 4495 sancti
1515 4439 1666 4496 Vincentii.
1682 4441 1764 4512 Apud
1775 4441 1827 4497 Bo·

1024 4510 1148 4574 uoniam,
1173 4509 1261 4579 passio
1276 4511 1362 4566 sancti
1381 4510 1488 4566 Proculi
1504 4514 1634 4583 martyris
1657 4520 1685 4567 et
1703 4513 1827 4584 episcopi

1024 4580 1249 4648 luteramnensis,
1262 4582 1292 4636 in
1302 4581 1403 4637 ducatu
1414 4582 1580 4650 Spoletano;
1598 4584 1647 4656 qui
1663 4584 1721 4639 rita
1734 4593 1762 4639 et
1776 4584 1829 4639 ini·

1024 4652 1127 4708 raculis
1142 4652 1243 4707 inultos
1256 4652 1393 4708 convertit
1408 4653 1441 4708 ad
1454 4653 1615 4710 Dominum.
1633 4680 1641 4703 ι
1669 4655 1741 4711 Vide
1757 4657 1829 4710 Prin·

1024 4723 1166 4780 terinissos
1180 4731 1207 4778 et
1222 4726 1299 4779 Acta.
1321 4748 1330 4770 ι
1346 4724 1407 4793 ipso
1421 4723 1477 4792 die,
1493 4727 1581 4782 sancti
1603 4727 1829 4783 Viviaciconfes-

207 4787 351 4840 ANTFERP·
368 4785 462 4854 Mixa
485 4787 663 4854 utranam,
688 4792 810 4848 Lernan.
831 4802 858 4850 et
872 4795 971 4849 Eoirio
986 4791 1010 4849 D
1025 4794 1105 4851 soris.
1122 4818 1131 4841 ι
1153 4794 1198 4849 An
1215 4810 1271 4848 non
1290 4793 1438 4851 Viventius
1451 4803 1503 4861 est,
1520 4797 1663 4866 Visiones,
1679 4799 1830 4854 Jnveiitius

172 4856 378 4914 Uiansi-ltsim.
402 4864 510 4913 textum
534 4859 615 4914 etiam
633 4862 766 4931 referunt,
782 4865 829 4921 sed
843 4865 968 4921 addunt:

180 4952 188 4975 ι
213 4930 316 4992 Ruina,
343 4929 430 4984 sancti
448 4929 602 4985 Visentii.·
624 4932 664 4988 De
683 4952 737 5007 quo
749 4935 806 5006 jain
834 4937 968 4993 diximus.

172 4996 242 5055 Turn
256 5016 261 5052 :
282 5000 427 5055 «Treveris
440 4999 562 5067 cii-itate,
574 5001 646 5058 beati
660 5006 797 5062 Simeonis
812 5008 963 5064 iiiouachi.=

173 5071 238 5138 Qua
247 5069 342 5151 eadem
355 5072 436 5127 habet
448 5073 613 5140 honestem,
625 5074 757 5133 delicieris
765 5078 793 5134 iti
801 5079 886 5135 altera
896 5087 971 5151 parte

173 5142 352 5222 elogiisaiicti
368 5143 515 5216 Pamphili.
527 5146 650 5203 hiaena.
664 5158 756 5205 anterii
765 5157 793 5204 ct
806 5151 904 5206 Dario.
918 5152 971 5223 pri·

175 5229 227 5293 inis
241 5215 357 5282 similes,
372 5215 454 5273 initio
469 5215 594 5288 acephali
608 5228 684 5288 sunt,
694 5229 818 5277 carentes
836 5222 971 5280 ‹dedica-

174 5292 283 5349 tione›
304 5293 356 5342 etc.

209 5354 384 5415 Ceterorum:
407 5381 418 5407 ι
432 5362 525 5419 Romae
539 5360 627 5418 sancti
640 5360 819 5420 Nichomedis
831 5366 970 5439 martyris.

174 5425 295 5484 Caesarea
329 5430 507 5503 Cappadocia
541 5431 716 5507 [Palaestinae]
752 5437 840 5492 sancti
875 5437 973 5493 Panlili

175 5499 327 5625 ssffflbyieii
341 5508 368 5556 et
384 5502 523 5573 martyris,
546 5521 631 5578 aquo
645 5504 782 5565 Eusebius
799 5507 975 5564 Caesariensis

196 5571 312 5640 amphili
340 5586 492 5642 cognomen
514 5589 577 5632 acce
597 5576 629 5633 it.
642 5577 848 5649 Augustoduni,
868 5586 974 5636 sancto·

175 5655 237 5695 rum
253 5640 397 5696 Reveriani
411 5642 532 5770 eglecolpi
542 5654 570 5702 et
579 5593 822 5724 Pauliprcsbyteri
836 5666 899 5708 corii
912 5650 976 5706 aliis

175 5709 346 5852 &quoqu
357 5709 409 5768 sub
450 5730 498 5771 ure
512 5731 575 5773 iauo
590 5722 663 5789 passi
677 5731 752 5780 sunt.
768 5748 778 5771 ι
800 5723 831 5779 in
845 5721 975 5795 Caprasia

1024 4867 1069 4922 rel
1082 4864 1270 4922 Vincentius?
1285 4867 1373 4921 «item
1388 4868 1476 4924 sancti
1488 4867 1635 4935 Simeonis,
1655 4871 1703 4943 qni
1719 4869 1828 4925 dudum

1024 4944 1210 4995 comiiiorotns
1236 4944 1277 4992 est
1302 4938 1331 4993 in
1355 4939 1494 4995 bethleem
1520 4941 1549 4995 in
1580 4949 1652 4996 terra
1680 4950 1785 5006 sancta,
1802 4949 1830 4996 et

1025 5007 1201 5081 postiiioduiii
1216 5011 1293 5064 yenit
1307 5010 1447 5066 Treveriin
1461 5019 1487 5067 et
1502 5011 1541 5066 ibi
1558 5013 1644 5068 iilam
1657 5011 1761 5078 linivit,
1778 5012 1830 5066 ubi

1025 5079 1084 5152 ejus
1099 5080 1217 5135 anilica
1232 5080 1259 5135 in
1271 5081 1442 5151 grossissima
1452 5091 1590 5139 structura
1605 5085 1729 5140 cernitur
1742 5099 1830 5155 nsque

1026 5151 1119 5208 bodie.
1136 5152 1303 5209 itemsaucti
1319 5152 1426 5208 Viriani
1443 5153 1577 5210 niililiset
1591 5155 1830 5212 Secundariicum

1025 5222 1183 5291 sociissuis,
1193 5225 1240 5295 qni
1253 5224 1323 5296 passi
1335 5230 1400 5278 sunt
1415 5240 1464 5296 pro
1481 5225 1592 5282 Christo
1607 5229 1658 5284 sub
1675 5227 1759 5282 Decio
1770 5227 1831 5281 iui-

1027 5302 1160 5368 peratore.
1183 5318 1192 5342 ·
1224 5294 1268 5351 Au
1284 5294 1516 5353 deFiieruatibus
1536 5298 1653 5372 agitur?
1672 5298 1831 5356 Videantur

1026 5366 1097 5424 Acta
1111 5374 1214 5422 nostra.

1064 5440 1164 5494 Enirio
1195 5438 1381 5496 busaeo-Coi.
1412 5439 1512 5514 incipit
1538 5459 1554 5498 a
1576 5444 1639 5499 Pani
1662 5441 1732 5510 hilo,
1761 5441 1831 5498 satis

1027 5524 1106 5582 pure,
1121 5517 1148 5565 et
1167 5510 1207 5566 sic
1220 5510 1254 5567 de
1270 5513 1422 5569 ltevciiauo
1435 5520 1462 5569 ot
1476 5512 1513 5570 Ca
1532 5514 1615 5572 rasio.
1656 5531 1721 5570 uin:
1745 5538 1755 5561 ι
1770 5514 1831 5571 ilo-

1029 5596 1091 5647 ma,
1106 5581 1194 5637 sancti
1210 5583 1335 5640 Viventii
1351 5583 1492 5656 martyris.
1509 5531 1637 5642 hisvero
1652 5585 1778 5653 civitate,
1799 5585 1831 5641 in

1067 5661 1117 5733 ita,
1136 5668 1206 5733 ¹quae
1229 5665 1345 5736 uocatur
1367 5656 1469 5714 biarcia
1491 5674 1540 5714 seu
1570 5658 1664 5730 Nigra,
1689 5654 1831 5730 depositio

1080 5730 1102 5779 ti
1115 5722 1252 5782 Simeonis
1262 5728 1389 5787 monachi
1405 5735 1432 5785 et
1445 5728 1620 5798 antenoris.
1635 5731 1743 5798 Roma,
1755 5745 1830 5787 com·

1030 5797 1193 5854 memoratio
1207 5796 1280 5858 beati
1293 5798 1452 5861 Nicomedis
1465 5801 1621 5876 presbytcri
1635 5808 1665 5861 et
1684 5801 1829 5879 martyris.
