3834 6136
204 242 258 303 m
865 239 1018 296 {monum
1037 237 1197 295 nubserit
1807 228 1860 286 att

205 365 344 449 spismis
358 363 529 431 levorsum.
545 362 632 423 haser
645 364 758 421 llendci
776 363 880 437 magni,
899 362 1046 426 botho-si
1062 361 1116 419 hoo
1141 360 1232 418 solum
1257 359 1402 426 differunt,
1421 356 1497 431 quod
1520 357 1623 414 mmm
1641 352 1863 413 rammam

205 437 803 509 nupiaeacbrabentiaeducis,obeustediam
815 438 1007 494 eeclesiastico
1059 436 1140 492 mate
1155 431 1203 490 liei
1215 434 1353 505 penituisse
1385 432 1510 502 lespiam,
1537 437 1602 498 etc,
1630 430 1736 484 litteris
1756 425 1864 484 lttlrou

206 509 407 575 libertatique
424 509 552 566 sitandam
573 509 695 566 heinrici
717 509 891 593 imperatoria
915 509 1008 563 inter·
1061 509 1151 580 primo
1166 515 1259 563 textus
1272 506 1334 562 loeo
1353 502 1539 578 reposuerint.

205 593 317 655 eruptus
330 583 471 639 ooeubsit.
488 582 650 639 ·Editiones
664 590 830 655 mersores
842 594 860 638 a
874 581 960 654 priori
978 580 1008 635 iia

206 718 235 785 Χ
252 726 316 785 Καὶ.

243 812 347 888 Boura,
362 812 463 875 natalis
471 824 572 875 sauctae
584 808 695 877 cecilie
704 813 834 892 uirginis,
844 827 904 893 qua
914 827 1044 892 sponsum
1055 806 1233 874 Valerianum
1243 818 1271 868 et
1281 810 1392 867 fratrem
1404 807 1463 879 eius
1471 802 1632 864 Tiburtium
1643 800 1677 861 ad
1689 800 1890 871 eradendum

208 898 319 968 Christo
333 925 365 966 ac
381 909 543 981 ruartyrium
560 901 714 981 perdocuit,
729 918 756 966 et
769 911 828 982 ipsa
843 905 945 965 ulmodo
955 908 1131 979 ruartyriza'ta
1145 912 1196 975 est,
1213 905 1305 976 iguem
1321 901 1432 975 quidem
1448 915 1592 972 superans,
1606 892 1655 953 sed
1670 886 1748 952 ieiro
1763 886 1889 962 ocrim,

206 998 290 1056 Passa
304 1007 344 1055 est
361 1007 452 1054 autem
468 998 551 1054 llarci
574 999 679 1055 aurelii
694 1008 723 1055 et
735 998 881 1056 Commodi
903 1000 1099 1071 imperatorum
1117 995 1295 1067 temporibus.
1313 992 1379 1047 ltem
1396 992 1499 1060 Romae,
1514 987 1602 1045 sancti
1615 986 1707 1044 hlauri
1721 984 1885 1063 martyris,

207 1091 256 1163 qui
272 1090 322 1147 suh
341 1088 469 1147 Geleriuo
485 1091 614 1162 praelecto
629 1090 795 1162 agonizavit.
811 1088 1020 1163 Aitgualuduni,
1036 1088 1124 1144 saneti
1139 1085 1287 1157 Pregnnstii
1303 1082 1437 1155 episcopi.

974 1209 1093 1266 NOTAE.

245 1308 432 1381 Undecumque
458 1308 518 1380 puri
546 1317 611 1364 sunt
641 1309 763 1375 Protea,
794 1309 942 1377 heririco,
971 1311 1127 1374 Torrentem,
1162 1301 1389 1374 anatramp-Mea,
1417 1300 1564 1367 Munerat,
1582 1297 1697 1354 Graeco.
1714 1302 1742 1351 el
1762 1280 1861 1356 Meua.

209 1401 306 1459 Plures
320 1399 368 1456 alii
379 1399 413 1455 ud
430 1399 577 1473 puritatem
595 1399 720 1470 proxime
736 1399 880 1456 accedunt.

835 1513 1039 1572 ventalibus
1051 1511 1259 1570 userlou'us.

246 1615 345 1672 h'uilus
354 1612 441 1670 codex
456 1611 567 1684 scripsit
582 1610 736 1680 Coeeilioein
752 1621 829 1668 textu
843 1627 890 1668 eos
902 1620 1013 1668 secturus
1028 1616 1050 1674 Β
1066 1601 1801 1730 christeaasoluaiireueuintiuetextusapposuihtr
1809 1611 1856 1686 tet·

208 1697 282 1755 tum,
307 1688 353 1758 qui
374 1685 548 1757 diphthongo
563 1701 584 1738 a
601 1693 728 1745 utunmr.
753 1691 783 1738 ut
807 1692 871 1740 siant
891 1685 1012 1749 Pratum,
1067 1683 1184 1752 sessoris.
1202 1681 1306 1739 Caetera
1323 1681 1447 1735 mitiusue
1461 1685 1535 1744 suut,
1553 1683 1583 1732 ut
1603 1677 1641 1747 Tp
1659 1680 1855 1733 urttnatsttcrtr·

211 1756 516 1826 Heriuien.,llosweyil.
538 1764 564 1810 et
575 1755 675 1810 hlolan¹
688 1756 770 1811 Solus
780 1757 934 1811 Toruaeeu.
949 1757 1012 1827 tegit
1066 1755 1149 1821 rium,
1166 1754 1272 1818 Marcii,
1290 1752 1404 1815 Aurelii,
1420 1751 1581 1817 solariete,
1595 1760 1645 1821 pro
1656 1746 1793 1815 Grltrr'ttt,
1807 1748 1857 1802 Ar·-

210 1831 326 1905 fratrem
338 1840 424 1895 saum,
436 1837 486 1908 pro
496 1825 609 1896 fratrem
620 1827 686 1896 ejus.
700 1828 772 1883 ldem
785 1832 888 1899 posuit,
914 1829 949 1883 nd
960 1846 1013 1883 ere·
1066 1826 1213 1898 presidenti,
1229 1824 1392 1896 Prupmocii,
1408 1828 1461 1879 etc.

211 1902 324 1959 moen
338 1902 368 1955 t'u
384 1900 506 1963 chettim
520 1898 669 1956 Greteuet
682 1900 796 1967 Melan,
807 1901 843 1955 ed
857 1901 1013 1955 moenem

888 2014 1191 2075 oussuvnrtortus

1752 714 1879 777 Diem

250 2117 363 2176 Caecilio
376 2115 564 2173 uenerandum
577 2117 605 2172 in
617 2117 757 2180 uniuersa,
774 2124 832 2172 tum
848 2115 1011 2174 Graecarum

211 2189 320 2259 Latina,
346 2188 469 2246 Ecclesia
497 2202 609 2256 nonten,
634 2189 661 2244 in
677 2188 1013 2245 omnihusecelesiestieis

210 2263 351 2335 sacrisque
380 2261 481 2316 tahulis
505 2269 531 2315 et
556 2261 741 2315 mouitmentis
765 2261 1012 2317 celebratissimum

211 2343 261 2391 est.
280 2333 410 2389 memoria
423 2331 481 2403 ejus
497 2333 523 2387 in
536 2330 761 2387 Sacraiueutariis
776 2331 930 2396 Gelasimo,
947 2331 1012 2388 Gre-

248 2407 336 2470 riauo‚
348 2400 508 2461 Gothicoju
521 2402 693 2460 kalendariis
705 2404 798 2460 attam
813 2413 840 2460 et
854 2405 1011 2471 Frontonis,

223 2490 241 2533 n
271 2477 399 2543 Liternus,
420 2477 446 2529 in
466 2476 523 2545 ipso
548 2475 637 2532 uiissae
653 2477 765 2531 Carnime
783 2476 914 2547 peculiari
932 2476 1010 2531 citltu

211 2557 379 2607 enumerata.
392 2545 545 2602 Audiamus
556 2545 602 2603 hie
623 2545 818 2618 Martytologia
829 2558 933 2603 nostra.
951 2547 1012 2602 llie·

211 2619 377 2690 ronytitiana
392 2617 421 2673 in
438 2618 535 2689 primis
548 2618 588 2674 sie
605 2620 715 2682 lesum:
734 2620 830 2686 domo,
846 2622 941 2674 seuche
952 2617 1012 2675 Coe·

213 2692 281 2747 eilde
299 2691 417 2760 turpioris,
435 2690 480 2744 ubi
492 2698 518 2745 et
533 2691 599 2744 socii
619 2691 660 2745 illi
678 2689 856 2771 adjacenter,
874 2708 943 2762 quos
963 2706 1012 2746 arv

212 2759 318 2836 Aprilis
339 2775 374 2817 ex
392 2759 489 2817 iisdem
516 2759 659 2816 codicibus
680 2758 835 2818 rettulimus.
858 2759 1012 2818 boetianum

212 2842 329 2908 partium
344 2830 460 2888 totidem
477 2829 534 2888 iere
547 2833 638 2888 verbis
649 2852 654 2886 z
667 2831 764 2899 hoino,
775 2833 887 2887 Cueilioe
902 2831 1013 2901 cirpiru's

212 2904 373 2976 elmortpris
405 2901 434 2959 ln
450 2899 523 2958 Beda
536 2900 620 2958 breve
633 2904 752 2974 elogium
769 2904 913 2970 attexitur,
929 2905 1012 2960 alia—

1067 2123 1230 2173 aeeerseret:
1249 2113 1351 2186 quippe
1369 2122 1431 2169 oum
1451 2111 1582 2183 antiquus
1597 2112 1682 2180 poebb
1704 2108 1752 2164 itta
1763 2114 1861 2164 moal:

1129 2191 1173 2235 tlte
1183 2188 1259 2234 itinm
1273 2188 1359 2233 bii-tuta
1377 2187 1480 2239 iurantia-t,
1501 2188 1577 2229 raeti-u
1589 2194 1618 2227 ni
1637 2181 1773 2229 Trieelutn.

1101 2257 1243 2314 Paradene
1253 2248 1547 2340 multlaaequeacmihi
1557 2251 1862 2324 videbiturhujusmodi

1066 2330 1204 2388 sententia
1219 2345 1333 2385 :verium
1349 2325 1415 2400 qutd
1436 2326 1524 2399 agas?
1543 2324 1775 2383 Comtuuniorem
1787 2325 1863 2380 allant

1066 2410 1197 2476 premunt
1212 2401 1341 2472 perplexa
1358 2399 1445 2454 iruulta
1461 2414 1520 2470 quae
1536 2398 1569 2453 ad
1585 2402 1690 2454 enaclae
1706 2396 1819 2452 critices
1830 2406 1864 2451 ro

1085 2477 1144 2529 ulos
1159 2488 1322 2544 coinpouere
1358 2479 1494 2542 roirtptum
1513 2486 1567 2524 uon
1583 2477 1636 2536 est,
1662 2469 1755 2524 hettilo
1781 2470 1865 2523 mittut

1067 2492 1150 2616 injus
1166 2545 1229 2600 loci.
1246 2541 1303 2599 lain
1320 2489 1354 2598 ad
1366 2544 1464 2599 citatos
1478 2543 1605 2612 superius
1618 2540 1681 2596 dies
1696 2546 1749 2596 aab
1768 2540 1865 2612 Aprilis

1067 2627 1094 2674 et
1105 2634 1162 2673 xxv
1178 2617 1253 2683 hleii,
1272 2632 1313 2669 me
1325 2615 1437 2687 praecoci
1452 2613 1555 2669 'udicio
1567 2612 1638 2667 nihil
1654 2608 1776 2668 dederim
1791 2610 1864 2678 telle,

1067 2698 1160 2746 sancte
1176 2688 1313 2759 professus
1327 2702 1399 2751 sum,
1413 2691 1441 2741 et
1457 2686 1495 2741 tic
1509 2693 1604 2740 rursus
1620 2685 1764 2756 profiteor.
1782 2681 1865 2741 Cete-

1067 2778 1128 2817 rum
1147 2760 1239 2832 paucis
1254 2759 1430 2831 opinamenta
1449 2756 1526 2812 saria
1543 2756 1646 2812 referre
1668 2755 1787 2828 placuit,
1811 2762 1865 2828 que

1066 2834 1150 2890 sociis
1164 2832 1208 2888 vel
1220 2829 1424 2887 successorihus
1434 2829 1673 2896 uostris,mensem
1686 2825 1862 2882 Nouembrem

1066 2903 1199 2961 Actorum
1219 2900 1469 2966 supermundanus
1486 2910 1583 2972 putitiu
1600 2898 1710 2970 negotii
1725 2898 1860 2955 lacemant.

212 2971 285 3034 bano
298 2975 480 3057 descriptum,
493 2973 527 3029 ab
543 2972 639 3029 Adane
656 2971 780 3045 pluribus
791 2981 914 3041 auctum,
928 2987 943 3030 a
959 2973 1011 3030 No·
1027 2977 1049 3036 C
1065 2977 1125 3032 Non
1142 2983 1248 3030 tentiam
1266 2973 1397 3028 rniilestiae
1411 2971 1544 3029 curabunt
1560 2971 1742 3027 incentiones
1751 2969 1862 3039 coepturis

213 3058 271 3106 stro
285 3048 318 3103 ad
345 3063 461 3118 prumam
491 3061 573 3117 prope
598 3046 714 3101 iorniam
732 3045 888 3115 reductum,
904 3045 1011 3115 adjecta

212 3118 359 3179 Adouiena
374 3114 506 3190 temporis
521 3125 596 3183 nota,
611 3115 645 3173 de
661 3115 748 3176 Murci
768 3117 873 3173 Aurelii
896 3122 920 3172 el
936 3114 1011 3174 Ceru-

211 3191 285 3248 mcde‘
298 3191 489 3262 imperatorem
500 3189 658 3261 temporibus
669 3208 676 3253 ;
691 3206 723 3245 ea
735 3189 794 3262 ipsa
810 3188 942 3245 nituirum
951 3203 1013 3263 quae

213 3265 294 3338 plane
309 3262 479 3334 repudianda
493 3268 544 3324 est,
569 3262 591 3316 si
609 3262 805 3317 illustrissime
827 3269 929 3318 sanctas
945 3265 1013 3318 heta

212 3331 350 3394 substent.
360 3334 433 3390 sicut
448 3346 483 3388 ex
494 3329 676 3405 metaphraste
693 3345 709 3389 a
725 3326 876 3405 Lipomauo
889 3341 916 3388 et
931 3330 1013 3389 Surio

213 3402 298 3473 edita,
308 3403 343 3461 ab
354 3402 476 3462 Antonio
488 3401 568 3461 lloslo
576 3402 779 3462 studiosissime
790 3405 927 3463 illustrata
937 3413 1013 3472 siant,

211 3478 314 3552 passim
338 3488 372 3532 ue
386 3486 495 3547 recepte
509 3492 567 3530 esse
583 3473 725 3541 nouimus,
746 3474 880 3547 majorum
900 3487 1014 3533 nostro-

213 3560 274 3606 rum
291 3492 430 3616 suffireqiis
444 3556 618 3617 surrimopere
635 3542 744 3602 laudata
759 3555 807 3602 atu
826 3547 940 3618 aprilis,
955 3558 1014 3602 xxv

212 3612 289 3682 hlaii¹
306 3623 333 3673 et
348 3612 380 3671 ad
407 3617 478 3671 haue
501 3614 575 3670 dieis
601 3618 632 3671 iu
652 3615 885 3688 Ephemeridibus
899 3614 1015 3672 Graeco-

213 3683 324 3745 blosois.
351 3680 539 3757 llepudianda.
560 3683 683 3758 inquam,
706 3688 746 3741 est
770 3685 915 3742 Ailonlaue
938 3695 1013 3755 unte,

214 3765 311 3829 utpote
334 3770 395 3813 euin
417 3756 447 3811 in
472 3753 590 3811 laudatis
606 3754 682 3811 Actis
701 3754 820 3812 Caeliis
835 3765 862 3813 et
875 3755 1013 3814 sociorum

217 3828 382 3900 martyrium
398 3839 460 3883 cum
473 3822 583 3883 Urbano
600 3826 915 3898 papa,atqueadeocunt
932 3829 968 3885 im
989 3842 1016 3885 e-

216 3909 307 3956 ratore
318 3898 486 3963 Alexandro,
503 3893 685 3952 disertissime
699 3898 893 3969 conjuupratur.
912 3845 1015 3957 l’rossis

215 3986 278 4029 euin
300 3966 429 4036 heronio,
454 3966 626 4024 Flemid'uio
652 3968 769 4040 aliisque
789 3979 894 4028 certant
912 3972 1013 4028 laniati

216 4040 373 4113 scriptores,
399 4046 485 4097 certat
508 4038 593 4096 tritius
618 4041 693 4096 urhis
710 4037 840 4098 catholici
875 4045 1016 4127 ernulpata

217 4114 322 4187 opinio.
344 4112 442 4178 Graeci,
458 4111 540 4167 aliitm
568 4113 641 4166 tiam
657 4112 783 4185 ingressi,
800 4114 833 4170 ad
849 4061 1014 4173 diocletiani

215 4189 340 4255 tempora
366 4179 504 4243 Caeciliam
522 4196 662 4240 remouere
686 4186 802 4253 trielunt,
828 4188 872 4243 scil
895 4186 944 4243 hos
959 4205 1015 4244 uon

217 4272 368 4312 moremur.
384 4252 534 4324 Praecipua,
552 4269 612 4328 quas
627 4270 643 4311 a
659 4254 859 4314 recentioribus
872 4256 1013 4331 objicitur,

1065 3046 1100 3104 de
1112 3045 1215 3119 quihus
1226 3043 1290 3100 vide
1304 3040 1454 3100 Baronium
1465 3043 1498 3099 ad
1508 3054 1611 3099 sunum
1626 3042 1742 3099 BHM
1762 3043 1860 3112 tolgan

1066 3115 1136 3247 21⁰2ss
1138 3115 1250 3245 “glomite
1268 3110 1483 3172 iliandelbertus
1505 3123 1563 3170 nou
1588 3114 1744 3187 increpanti
1759 3113 1859 3170 metrico

1127 3264 1231 3319 Coetus
1244 3261 1357 3316 lirinum
1368 3265 1468 3316 cenem
1488 3274 1546 3317 mos
1559 3268 1650 3316 msera
1667 3264 1763 3327 strom,

1130 3329 1259 3388 Perpetuo
1271 3331 1349 3380 elaris
1360 3340 1465 3391 semper
1481 3329 1611 3389 vulpaiida
1625 3332 1744 3389 troanie,

1130 3395 1208 3456 Virgo
1222 3398 1281 3442 hrttc
1291 3405 1410 3453 cognatio,
1423 3408 1565 3456 sarttctoque
1580 3399 1641 3441 liano
1654 3394 1723 3441 rutae
1740 3392 1836 3441 merito.

1104 3473 1168 3532 lieri
1182 3470 1308 3533 Maurum
1323 3475 1352 3530 in
1371 3473 1547 3541 lstria,hodle
1562 3468 1656 3531 some
1670 3472 1791 3530 celebrat
1803 3461 1857 3529 lios·

1068 3548 1120 3611 ter,
1136 3562 1169 3602 ao
1188 3554 1267 3619 pecto
1291 3541 1325 3601 ab
1348 3546 1408 3617 ipso
1432 3542 1614 3618 geminatum.
1640 3540 1683 3601 lle
1700 3544 1828 3611 istriensi,
1841 3542 1858 3595 ai

1069 3615 1140 3673 forte
1154 3616 1188 3672 ab
1207 3613 1341 3673 tiodiemu
1356 3617 1427 3672 alius
1441 3625 1499 3672 esse
1518 3618 1616 3689 possit,
1627 3613 1702 3673 nihii
1713 3627 1743 3673 us
1762 3616 1813 3670 iam
1826 3622 1858 3668 ts·

1070 3690 1153 3763 periri
1163 3689 1207 3745 die
1220 3689 1381 3759 praecedeuti
1395 3687 1555 3745 diximusai
1570 3684 1643 3744 idem
1659 3698 1723 3744 cum
1735 3632 1857 3750 §statana

1069 3759 1158 3815 uideri
1193 3767 1264 3815 otest
1280 3760 1395 3815 citatum
1421 3760 1510 3832 pridie
1530 3752 1643 3831 longum
1674 3759 1777 3817 hahtui
1791 3771 1858 3814 enco-

1070 3775 1858 3903 unitimssreriorasinuquaehnberPetrnstoeoibieiute

1069 3912 1165 3957 rernm
1182 3904 1221 3957 ita
1240 3918 1297 3958 rem
1314 3902 1449 3976 pendunt,
1474 3899 1515 3958 uti
1540 3902 1615 3960 clare
1630 3904 1723 3976 puteal
1736 3902 1858 3963 Maurum,

1070 3970 1168 4030 airum
1194 3989 1302 4046 genere,
1334 3974 1425 4032 Rotam
1453 3980 1615 4046 praesumet
1640 3974 1735 4045 aspro
1762 3970 1860 4029 moad

1071 4045 1144 4103 littus
1157 4045 1310 4102 Parentium
1322 4047 1437 4101 ciuitatis
1451 4046 1596 4116 procherio
1609 4044 1733 4113 Hialrt'ie,
1750 4047 1822 4112 uati,
1834 4058 1860 4098 ex

1071 4119 1203 4174 meditato
1213 4116 1332 4175 Celerini
1346 4114 1475 4173 incendio
1486 4116 1768 4186 seruate,deductum
1780 4116 1860 4180 luisse,

1069 4201 1130 4262 ane
1153 4188 1248 4244 omnia
1271 4200 1304 4244 ex
1320 4188 1405 4244 variis
1420 4189 1522 4245 nostris
1536 4204 1614 4258 mss,
1640 4189 1736 4246 soluta
1752 4191 1780 4246 ei
1794 4187 1862 4258 ligatu

1070 4261 1194 4316 oratioue
1209 4256 1243 4316 de
1258 4257 1311 4316 hoc
1326 4267 1421 4316 sancto
1436 4260 1729 4333 eitiiipositismberius
1743 4276 1794 4316 sito
1807 4262 1860 4315 tem·

216 4337 301 4401 taque
312 4324 606 4400 capitatisuissleuues,
618 4322 647 4383 in
657 4345 690 4383 eo
702 4331 829 4386 consistit
840 4331 1013 4403 potissimum
1032 4342 1056 4399 Ι)
1070 4343 1135 4405 pore
1145 4337 1274 4405 poterunt
1287 4331 1466 4389 elucidari.Si
1482 4332 1549 4389 talia
1561 4334 1631 4390 Acta
1648 4332 1766 4389 vidisset
1779 4330 1862 4389 Usuer-

217 4398 336 4474 quod,ut
350 4400 415 4456 alibi
428 4398 510 4456 etiam
523 4398 829 4468 insinuavi‚nlenandri
844 4398 1016 4475 temporibus
1071 4402 1134 4472 dus,
1155 4399 1279 4459 Maurum
1297 4421 1382 4460 uuum
1400 4401 1428 4458 iu
1444 4400 1513 4460 duos
1527 4420 1582 4460 uon
1603 4402 1796 4460 distraxisaet.
1812 4401 1863 4459 Cre·

215 4475 272 4528 tam
300 4473 397 4528 acerba
421 4468 605 4544 itomanisque
630 4475 794 4544 persecutio,
807 4470 897 4546 qualis
911 4475 939 4530 in
956 4472 1017 4531 istis

215 4543 294 4601 Actis
320 4537 506 4610 describitur;
533 4549 588 4598 tam
613 4544 718 4599 atrocia
740 4544 840 4617 passim
865 4553 1014 4614 tormenta,

215 4604 384 4671 Christianis
407 4613 494 4681 illata,
511 4608 644 4685 quadrare
659 4628 770 4685 prorsus
787 4632 841 4672 non
858 4618 1013 4674 videantur.

216 4676 361 4755 Sequenda
381 4682 585 4754 martyrologia,
602 4685 727 4757 inquies;
752 4700 935 4760 nequaquam,
952 4704 1016 4743 nam

216 4764 250 4810 eo
278 4759 356 4823 pacto
385 4750 486 4810 Urbani
512 4766 587 4827 papie
615 4755 682 4812 Aere
702 4759 782 4829 plane
809 4758 1015 4815 convelluntur.

216 4820 347 4903 Aliunde¹
361 4822 413 4879 sihi
432 4834 485 4879 iton
501 4834 608 4882 eortstel
623 4822 787 4884 Viennensis
802 4823 1015 4902 hiartprologus²

216 4891 264 4953 bic
278 4892 508 4953 Caeoiliaaetatem
524 4912 587 4951 cum
604 4894 760 4955 Urbanieue
774 4911 940 4956 connectens
952 4913 1016 4957 tetti-

216 4978 282 5042 porc
296 4960 378 5023 llarcl
389 4967 491 5023 burelli
508 4964 749 5039 erdoinmodinbi
767 4984 821 5026 xxv
835 4969 1016 5039 maritimam

217 5038 350 5105 doctrino,
371 5033 417 5094 sub
444 5037 622 5110 persecutione
650 5043 812 5110 Alexandri,
836 5044 942 5113 meritos,
966 5045 1015 5114 ait,

215 5110 349 5183 martyrio
377 5108 593 5168 coronatosliee
617 5120 643 5168 et
670 5112 698 5168 id
750 5129 818 5170 entis
846 5115 900 5171 alie
927 5116 1018 5172 Tille-

216 5184 366 5250 montium‚
397 5176 564 5254 supradictis
589 5183 687 5241 diebus
714 5132 840 5269 nigratum
871 5184 1015 5258 impulere,

217 5261 249 5312 ut
262 5255 332 5313 dues
351 5252 503 5313 Fortunato
522 5253 699 5326 Pictaviensi‚
715 5270 750 5314 ex
764 5255 860 5315 Sicilie
876 5254 1017 5317 Caeciliam

1071 4474 1191 4532 tiendum
1219 4484 1259 4532 est
1274 4473 1371 4533 ducem
1399 4475 1483 4532 alium
1498 4481 1624 4534 secutum
1640 4473 1729 4533 fuisse
1743 4486 1760 4531 a
1772 4486 1825 4549 quo
1840 4470 1862 4526 in

1072 4560 1192 4603 errorem
1206 4547 1337 4604 inductus
1351 4549 1398 4604 sil.

1110 4619 1279 4675 l'suardiuus
1291 4621 1354 4675 itenr
1371 4626 1412 4675 est
1419 4618 1591 4692 Prnqmoliur
1598 4613 1865 4691 augustodunensis,

1072 4690 1118 4746 sed
1136 4708 1169 4745 ox
1186 4688 1411 4758 llieronymiauis
1427 4693 1521 4764 procul
1544 4690 1632 4746 dubio
1652 4695 1794 4762 aceeptus,
1812 4686 1867 4743 lluel

1073 4761 1221 4833 antiquarii
1231 4756 1328 4817 Gallici
1343 4762 1514 4820 catlitionem
1525 4761 1669 4818 existimet
1677 4758 1867 4822 florenlinius,

1073 4828 1101 4888 ln
1126 4830 1200 4887 hisce
1220 4830 1296 4913 justo
1320 4833 1484 4962 qitandoHne
1498 4833 1701 4904 scrupulosior.
1721 4828 1804 4890 ossis
1815 4830 1868 4900 ajin

1073 4904 1149 4957 nialla
1169 4904 1291 4969 invenio,
1311 4922 1359 4961 uec
1373 4908 1428 4961 aliu
1469 4904 1619 4978 quidquam
1637 4914 1740 4976 prater
1754 4902 1784 4960 id
1804 4897 1869 4975 quod

1073 4975 1180 5031 notavit
1205 4975 1349 5042 Barouius,
1364 4994 1445 5046 quiem
1463 4979 1526 5033 vide
1538 4982 1570 5033 ad
1587 4992 1691 5032 aunum
1704 4975 1790 5043 ibba
1801 4986 1867 5051 num.

1073 5042 1118 5109 tt,
1136 5046 1181 5101 uhi
1200 5047 1276 5102 binas
1290 5046 1349 5118 ejus
1364 5048 1580 5120 subscriptiones
1595 5054 1622 5103 et
1638 5047 1815 5120 Apollinaris
1827 5042 1868 5099 Su·

1074 5116 1152 5173 donii
1163 5118 1307 5189 epistolem
1323 5119 1460 5190 adipsum
1475 5120 1567 5176 datam
1580 5117 1663 5176 unice
1674 5114 1868 5191 deprehendes.

1073 5182 1171 5245 h’eseio
1182 5203 1232 5246 eur
1247 5190 1427 5257 castellanus,
1440 5189 1653 5249 xxNovembris
1668 5186 1868 5248 erumnarum,

1074 5256 1127 5317 hoc
1146 5261 1340 5335 dissepultum
1354 5270 1468 5320 asserat.

954 5379 1145 5438 atteratur.

237 5460 414 5541 hasmo„
434 5463 465 5520 iu
478 5471 558 5519 textu
578 5476 673 5536 purus,
689 5460 767 5522 addit
783 5462 811 5521 iu
825 5463 896 5522 litte:
921 5464 1019 5523 «Lon-

218 5526 277 5656 {rnl
289 5535 427 5603 martyris,
449 5535 495 5607 qui
513 5537 583 5590 latias
599 5532 709 5592 Domini
725 5536 843 5609 aperuit.
856 5533 944 5595 =Vide
980 5556 1019 5596 itae

239 5610 327 5680 arpeo
344 5610 404 5683 post
420 5604 572 5660 [isuardum
589 5605 762 5663 diximusne
776 5604 878 5666 hlartii.
894 5608 963 5666 Item
994 5611 1020 5666 ic

219 5659 435 5741 Hieronymmna
451 5682 478 5729 et
494 5676 658 5734 Florentinii
676 5679 853 5736 notationem.

1109 5466 1265 5540 huruuua,
1288 5466 1498 5541 llam-bonno„
1512 5468 1871 5541 bermmurosaeslar,

1073 5535 1259 5610 liberaretur..
1273 5538 1426 5600 herbestat
1440 5540 1699 5601 manandonieno
1713 5542 1790 5617 stylo
1802 5541 1873 5615 loqui

1072 5606 1217 5682 sidentur,
1230 5610 1271 5671 lia
1285 5612 1401 5686 primum
1413 5612 1655 5673 annuntiationem
1671 5610 1874 5677 insuetorum

1071 5682 1241 5741 emdeudmu
1250 5676 1363 5745 detto
1373 5682 1529 5759 perdocuit,
1539 5685 1647 5744 ardeia
1658 5686 1693 5745 td
1711 5686 1874 5761 martyrium

256 5738 288 5800 ln
301 5740 446 5799 Pousauru
458 5787 464 5799 .
475 5743 564 5816 prima
575 5757 646 5803 rectu
661 5749 786 5822 procedit.
801 5768 888 5826 usque
902 5748 1018 5812 utimar·
1067 5746 1300 5827 ‚lucil-”iillum
1314 5751 1487 5827 aleremur,
1512 5764 1574 5835 pon
1595 5754 1766 5833 mansitans
1780 5769 1874 5815 eoram

220 5813 338 5887 melecta
351 5816 398 5869 erl.
415 5811 447 5869 ln
460 5816 581 5872 secunda
594 5832 663 5888 puro
677 5818 754 5876 deest
768 5824 860 5880 tertia.

1067 5826 1117 5885 tau
1205 5818 1372 5903 mulum
1385 5820 1513 5914 purime
1525 5824 1874 5889 mtimmmmnre·
