3834 6136
128 182 199 239 1033
722 180 903 240 OPUSCULA
922 184 966 239 ET
986 185 1178 242 EPISTOLAE.

1709 194 1781 253 tuat

126 344 208 390 tenus
231 330 412 403 injunxerim,
437 339 464 387 et
485 332 590 387 litteras
609 332 632 386 ci
648 333 712 388 dare
727 335 833 402 volens,
848 351 925 390 suam
940 337 965 395 Α
979 345 1058 404 rent;
1084 339 1261 413 miserimque
1285 343 1382 398 missos
1405 360 1491 413 meos,
1511 346 1586 421 quod
1603 365 1652 421 per
1670 363 1782 423 campos

123 420 277 480 retraxerit
286 434 409 486 manum,
425 419 581 492 dixeritque
591 435 733 493 usquequo
743 439 808 478 snus
818 440 930 495 compar
978 435 1151 481 remanserat
1166 429 1295 500 recipere,
1312 431 1472 504 veneritque
1483 433 1540 504 ipse
1550 433 1635 491 Grivo
1649 453 1712 493 cum
1724 438 1783 495 suis

123 510 244 576 veniret,
261 523 317 564 uon
335 521 363 561 se
378 506 483 562 litteras
495 516 691 579 accepturum:
708 510 753 566 cui
767 518 794 566 et
809 509 928 566 dixerim
984 518 1143 587 parentibus
1164 528 1295 589 armatus,
1317 521 1545 596 contenderitque
1564 524 1617 582 hoc
1635 527 1714 584 fieri:
1735 530 1783 587 sed

124 607 157 657 ut
170 607 239 656 tunc
252 605 279 655 et
296 598 353 671 ipse
368 598 495 669 proxima
509 607 585 654 sexta
600 598 668 655 11111
687 616 746 672 quar
767 600 931 657 imminebat

123 684 155 741 in
179 686 276 743 eadem
298 684 470 742 hebdomada
488 702 551 744 curn
571 702 620 741 suo
639 702 777 759 compare,
800 688 931 745 videlicet

124 773 255 841 Beraldo,
271 773 424 829 adveniret.
439 773 491 840 Qui
507 774 550 829 his
564 773 666 831 auditis
679 791 707 830 se
717 775 751 831 ad
764 776 844 848 pedes
855 792 932 832 meos

123 873 300 939 prosternere
315 867 423 934 voluit;
440 884 521 940 quem
538 870 704 940 susceperim
722 885 756 925 ne
775 869 887 937 1111111,
905 878 932 926 11

123 956 166 1014 sic
190 957 249 1029 ipse
270 956 398 1013 intulerit
421 957 493 1028 quod
515 956 634 1014 audierit
653 974 696 1013 me
711 957 810 1013 habere
825 968 931 1015 motum

124 1045 257 1102 adversus
279 1062 307 1101 se
326 1045 461 1113 animum,
479 1053 505 1101 et
525 1046 567 1102 illi
588 1062 696 1103 necesse
719 1055 777 1102 erat
799 1054 830 1101 ut
850 1056 931 1104 ante—

125 1152 209 1209 quam
228 1137 283 1191 tale
305 1136 438 1207 inciperet
459 1137 521 1203 iter,
544 1144 713 1192 sacramsnto
732 1153 760 1191 se
778 1145 929 1206 excusaret,

124 1236 154 1283 11
167 1237 235 1283 tunc
249 1226 324 1299 quod
336 1226 461 1298 juberem
475 1229 631 1284 voluntarie
642 1245 669 1284 se
681 1229 830 1286 iacturum.
844 1231 893 1289 Cui
905 1239 932 1286 et

124 1316 267 1388 respondi,
296 1316 361 1390 quia
385 1334 440 1373 non
465 1317 586 1375 celabam
612 1319 685 1391 quod
710 1329 801 1376 motus
825 1321 932 1394 aliquid

124 1406 259 1464 adversus
273 1405 352 1461 illum
366 1405 476 1474 inerim,
491 1425 523 1463 eo
537 1407 611 1480 quod
624 1407 766 1464 audieram
783 1425 798 1463 a
812 1409 932 1481 quibus-

124 1495 191 1551 dam
207 1495 286 1551 illurn
301 1492 417 1562 dixisses
430 1495 503 1567 qued
517 1496 631 1552 Ronram
646 1497 736 1568 ipsum
751 1515 808 1553 non
818 1515 867 1571 pro
877 1498 931 1554 alia

125 1600 156 1640 re
172 1583 213 1639 ire
227 1581 366 1655 rogabam,
383 1583 437 1639 nisi
453 1592 484 1638 ut
499 1584 562 1639 inde
577 1584 653 1642 Scats
667 1586 736 1642 mihi
752 1579 839 1654 dare‘t,
859 1586 932 1659 quod

985 623 1048 665 cum
1063 610 1156 680 plures
1169 626 1203 665 ex
1219 611 1288 667 meis
1302 612 1441 669 venissent
1450 613 1622 683 hominibus,
1633 616 1734 687 quibus
1744 635 1784 672 re·

985 697 1081 753 sistere
1089 712 1144 753 non
1155 705 1270 770 poterat,
1283 716 1331 771 per
1341 700 1430 756 wadia
1439 701 1626 760 emendaverit
1636 704 1710 775 qnod
1720 706 1784 761 mis·

985 786 1089 843 factum
1112 786 1240 853 habebat,
1265 789 1490 863 mandaveritque
1514 791 1582 847 mihi
1605 807 1634 848 se
1657 792 1728 850 velle
1751 793 1786 850 ad

986 891 1074 930 meam
1101 875 1253 932 mercedem
1277 877 1382 945 venire,
1406 887 1436 944 et,
1454 880 1590 936 sustinere
1613 882 1721 953 qualem
1743 881 1785 936 illi

985 964 1219 1021 commendassem
1241 966 1447 1035 harmiscaram,
1471 968 1714 1041 responderimque
1729 970 1787 1026 illis

986 1054 1054 1109 meis
1065 1070 1115 1126 pro
1125 1070 1158 1110 10
1168 1055 1324 1126 petentibus
1335 1056 1496 1113 hominihus
1505 1058 1636 1115 videlicet
1650 1059 1784 1130 Gerardo,

986 1141 1329 1214 lladoardo,acC01sano‚
1346 1155 1378 1203 ut
1396 1147 1504 1202 veniret
1522 1147 1552 1202 in
1572 1148 1734 1218 crastinum,
1760 1158 1787 1206 11

986 1229 1104 1286 libenter
1117 1232 1140 1287 si
1157 1233 1196 1288 ita
1217 1231 1274 1306 ipse
1295 1234 1379 1291 vellet
1399 1234 1469 1290 illud
1491 1236 1708 1309 acquiescebam.
1732 1237 1787 1304 Qut

986 1322 1187 1379 transmisit-ad
1201 1341 1244 1380 me
1258 1323 1404 1397 quemdam
1419 1341 1499 1382 suum
1522 1327 1719 1400 propinquum,
1738 1329 1787 1402 qui

986 1418 1101 1466 vocatur
1115 1412 1312 1485 Magenlridns,
1323 1430 1372 1485 pro
1385 1413 1436 1471 1111
1445 1416 1504 1486 ipsa
1516 1430 1555 1484 11,
1566 1416 1612 1471 101
1623 1416 1788 1474 etsimiliter
1870 1438 1875 1446 ·

987 1500 1126 1570 respondi,
1138 1503 1185 1574 qui
1196 1503 1302 1560 venerit
1313 1503 1390 1574 quasi
1401 1502 1455 1560 hoc
1466 1511 1576 1561 acturus
1588 1505 1623 1561 ad
1633 1507 1724 1563 locum
1738 1505 1788 1562 nbi

987 1602 1071 1657 eram,
1088 1590 1137 1662 qui
1151 1591 1255 1647 dicitur
1268 1592 1462 1661 montiniacus,
1485 1599 1513 1649 et
1528 1610 1571 1649 me
1588 1593 1642 1650 hoc
1657 1594 1747 1667 ipsum
1762 1595 1786 1651 11

124 1689 176 1746 ego
191 1671 312 1728 mirabar
323 1672 346 1728 si
358 1670 470 1740 diceret,
483 1690 545 1730 cnm
564 1674 699 1747 quidquid
712 1675 830 1732 habehat
845 1675 932 1732 bene·
947 1691 969 1753 c
987 1679 1117 1735 offerente
1140 1678 1307 1748 discesserit,
1330 1681 1425 1737 dicens
1447 1698 1503 1738 non
1527 1698 1615 1739 meam
1637 1699 1665 1739 se
1688 1683 1789 1740 habere

123 1763 184 1820 ficii
204 1761 287 1834 gratis
307 1760 331 1815 ei
352 1761 488 1818 dedissem
506 1772 533 1820 et
547 1764 606 1819 sine
626 1764 684 1820 ullo
699 1765 797 1836 pretio.
816 1767 884 1822 Nam
901 1775 932 1822 ut
986 1768 1056 1823 velle
1075 1777 1183 1836 terram,
1199 1787 1250 1826 nec
1266 1785 1357 1826 meum
1372 1788 1400 1827 se
1416 1787 1474 1827 esse
1489 1771 1615 1827 futurum
1630 1773 1783 1844 hominem,

125 1850 206 1908 scitis
217 1857 414 1906 antecessorem
426 1868 517 1907 meum
527 1853 677 1908 Pardulum
687 1853 804 1920 dimisit,
816 1861 843 1910 et
852 1853 933 1909 vobis
987 1880 1074 1936 mque
1089 1882 1209 1938 unquam
1225 1882 1274 1937 pro
1288 1868 1348 1937 ipso
1362 1866 1497 1923 beneficio
1507 1883 1563 1923 non
1578 1870 1667 1925 solum
1685 1885 1740 1925 non
1754 1868 1790 1926 ad

125 1957 156 1997 se
167 1940 382 1997 commendavit.
394 1941 425 1996 ln
436 1949 558 2013 tempore
568 1949 659 1997 autem
670 1940 853 1997 ordinationis
865 1958 931 1997 meae
986 1953 1113 2017 Romam,
1128 1970 1222 2009 verum
1240 1970 1291 2010 nec
1309 1961 1418 2010 tantum
1437 1955 1632 2027 longitudinis,
1655 1966 1789 2029 quantum

125 2031 209 2087 illurn
223 2029 293 2086 milri
307 2031 531 2099 commendastis,
548 2033 594 2105 qui
611 2049 659 2104 per
672 2031 785 2105 aliquod
796 2033 867 2089 mihi
877 2048 931 2088 ser·
987 2039 1021 2095 ad
1036 2057 1112 2095 suam
1128 2042 1247 2096 restabat
1261 2043 1443 2110 mansionem,
1465 2052 1664 2114 peremturum,
1687 2043 1791 2101 Addidi

125 2121 219 2189 viens,
234 2129 396 2194 mortuoque
410 2129 486 2193 patre
501 2121 559 2192 ejus
570 2122 643 2194 quod
657 2121 755 2177 habuit
766 2122 931 2179 beneficium
987 2144 1096 2201 quoque
1111 2128 1184 2200 quod
1199 2130 1289 2200 ipsum
1304 2130 1470 2187 heneficium
1490 2131 1600 2204 penitus
1620 2133 1790 2191 destructum

127 2210 172 2266 illi
188 2210 263 2279 dedi,
277 2211 389 2284 insuper
402 2221 429 2268 et
443 2213 496 2268 alia
511 2211 657 2269 duodecim
674 2231 778 2271 mansa.
794 2215 858 2270 llaec
872 2231 932 2287 qnae
987 2217 1111 2283 haberet,
1123 2217 1195 2273 sicut
1204 2225 1232 2271 et
1242 2216 1324 2273 hebet
1335 2225 1362 2273 et
1372 2227 1494 2289 apparet,
1511 2221 1700 2293 familiamque
1709 2211 1791 2277 'mul-

126 2299 249 2372 praemisi
267 2316 310 2355 me
324 2300 368 2355 illi
384 2309 520 2357 reserante
535 2301 676 2373 negaverit
694 2302 768 2374 qnod
789 2319 931 2375 nunqnam
988 2305 1101 2360 timedis
1114 2314 1209 2361 contra
1225 2307 1311 2377 legem
1329 2315 1467 2363 vexatam.
1492 2306 1545 2373 uui
1566 2309 1677 2379 negavit
1697 2325 1790 2366 coram

126 2387 200 2444 illud
215 2388 329 2456 diceret,
347 2406 488 2462 nunquam
503 2390 646 2462 cogitaret,
667 2397 693 2445 et
709 2398 836 2462 precatus
850 2392 933 2446 fuerit
989 2412 1049 2466 rege
1063 2411 1091 2451 se
1105 2410 1159 2449 non
1171 2394 1340 2450 destruxisse
1354 2394 1430 2449 illam
1445 2396 1554 2464 silvam,
1572 2400 1717 2452 nec'suum
1732 2413 1791 2453 esse

126 2487 159 2534 ut
175 2478 270 2534 liceret
285 2479 326 2534 illi
346 2496 374 2534 se
394 2480 458 2536 inde
477 2488 647 2536 sacramento
667 2497 791 2552 purgare.
814 2480 865 2537 Cui
885 2496 933 2536 re·
988 2483 1158 2538 destructum
1175 2482 1350 2551 beneficium,
1362 2498 1412 2538 nec
1425 2483 1489 2537 itaa
1504 2499 1547 2538 me
1560 2481 1728 2552 discessisse,
1743 2485 1791 2543 sed

128 2568 290 2641 sponderim
306 2569 370 2641 quia
381 2569 451 2623 nihil
463 2569 564 2625 abhinc
574 2587 608 2625 ex
620 2569 672 2625 huc
683 2569 725 2624 illi
738 2569 931 2638 discrederem,
988 2588 1043 2627 non
1059 2572 1180 2642 potuisse
1194 2587 1287 2625 coram
1303 2587 1346 2626 me
1360 2569 1394 2625 ad
1408 2572 1494 2626 ullam
1508 2572 1603 2627 venire
1622 2570 1790 2630 reddendam

127 2676 180 2716 nec
191 2660 298 2733 aliquid
308 2660 439 2715 adversus
453 2678 515 2716 enm
530 2660 661 2716 motionis
673 2659 775 2715 abhinc
786 2659 930 2717 haberem:
989 2661 1133 2716 rationem.
1150 2661 1208 2731 Ego
1221 2666 1311 2715 autem
1329 2676 1385 2715 non
1400 2659 1533 2715 habebam
1550 2659 1614 2715 illos
1628 2655 1702 2732 quos
1715 2677 1791 2734 prae-

127 2750 202 2806 etsi
228 2749 275 2804 ille
298 2752 354 2806 Dec
379 2751 544 2822 propitiante
565 2768 647 2807 sanus
666 2751 754 2806 abiret
774 2759 800 2805 et
820 2751 952 2831 rediret„
988 2748 1096 2822 scripsi,
1125 2765 1176 2804 nec
1203 2748 1272 2804 alios
1299 2749 1346 2819 qui
1374 2764 1480 2804 mecum
1509 2755 1576 2804 tunc
1606 2749 1729 2819 luerunt,
1763 2759 1790 2808 et

127 2856 211 2895 sunm
225 2840 370 2896 servitium
387 2841 428 2896 illi
446 2843 646 2914 promeriturus
659 2859 755 2909 essem,
772 2850 798 2896 et
817 2857 880 2897 eum
899 2841 933 2897 ab
989 2839 1041 2894 hoc
1059 2838 1189 2895 similiter
1212 2837 1304 2894 sciunt
1322 2836 1387 2909 quia
1409 2837 1466 2893 illis
1488 2837 1586 2893 diebus
1608 2838 1638 2893 in
1659 2839 1791 2898 llarduici

103 2979 111 2991 .
128 2933 188 2990 illis
203 2933 350 2990 itineribus
363 2942 496 3006 quantum
511 2951 619 3006 possem
634 2934 803 3005 requiescere
818 2935 933 3006 permit·
988 2924 1188 2998 1111111111110111
1204 2924 1394 2980 1111110111)ΰῦ
1409 2940 1553 2996 11111111111
1572 2928 1697 2998 1111111111
1716 2944 1792 2999 1111)·

128 3022 303 3078 teremPost
314 3021 541 3094 haecprosecntus
551 3023 698 3095 sumquod
708 3022 844 3079 audierim
854 3021 933 3078 illum
949 3042 974 3102 D
989 3023 1081 3071 taxata
1107 3015 1182 3070 solus
1212 3024 1335 3071 moratus
1362 3014 1531 3070 exstiteram.
1566 3016 1642 3073 Tunc
1673 3017 1792 3074 domnus

129 3110 231 3166 silvam
246 3127 327 3184 quam
343 3128 408 3167 suus
423 3112 559 3184 nutrierat
573 3119 650 3183 pater
668 3111 817 3179 destruere,
838 3118 866 3165 et
885 3110 934 3166 in·
989 3122 1039 3161 rex
1056 3103 1138 3172 dixit,
1155 3103 1256 3175 quiesi
1272 3103 1320 3157 ille
1335 3103 1421 3174 ipsam
1436 3103 1546 3170 silvam,
1563 3112 1593 3158 ut
1606 3103 1724 3173 dicebat,
1739 3123 1792 3162 nu·

132 3196 237 3254 terdixi
251 3199 419 3256 omnimodis
433 3201 457 3255 11
473 3208 503 3255 ut
516 3207 626 3257 caveret
640 3217 673 3257 ne
691 3200 771 3269 illud,
790 3200 813 3256 si
829 3199 933 3256 factum
989 3195 1094 3260 trierat,
1119 3207 1199 3263 quam
1223 3199 1300 3261 pater
1321 3207 1387 3247 111111
1410 3191 1528 3247 1111111111
1551 3201 1683 3264 1111111111
1708 3202 1735 3250 11
1757 3210 1792 3250 ⁰1

130 3296 200 3355 erat,
227 3288 256 3343 in
276 3289 413 3361 reliquum
434 3289 529 3345 tieret:
549 3289 743 3361 responditque
759 3288 933 3344 mendacium
989 3300 1020 3340 10
1047 3280 1144 3337 amicis
1170 3281 1227 3336 suis
1255 3296 1310 3336 non
1342 3279 1520 3348 destruendo,
1551 3280 1599 3336 sed
1630 3298 1694 3337 curn
1728 3298 1792 3337 ma-

130 3377 206 3449 quorl
219 3377 360 3433 audieram
375 3393 442 3441 esse,
458 3378 505 3433 sed
519 3377 586 3432 dnm
604 3377 692 3448 Aquis
711 3375 806 3447 palatii
826 3391 933 3431 mecum
989 3379 1069 3427 nacta
1096 3369 1225 3436 dedisset,
1250 3377 1297 3424 ant
1325 3368 1347 3423 si
1372 3367 1408 3422 ad
1434 3384 1512 3423 suam
1539 3370 1729 3425 necessitatem
1756 3387 1791 3426 ex

131 3464 204 3521 10111
216 3466 290 3531 (nam
306 3467 340 3521 ab
355 3467 403 3521 1110
418 3467 477 3518 1010
491 3463 608 3519 domnus
618 3479 667 3518 rex
680 3462 750 3517 mihi
761 3462 870 3518 dixerat
879 3465 934 3518 An·
989 3477 1020 3517 ea
1040 3475 1103 3515 cnm
1128 3473 1255 3513 mensura
1275 3457 1432 3528 accepisset,
1449 3472 1499 3528 pro
1514 3457 1566 3513 hoe
1581 3473 1637 3513 non
1652 3457 1793 3517 debuisset

130 3553 246 3624 sigisum
257 3554 435 3609 essellomam
447 3566 496 3604 suo
507 3550 646 3606 missatico
655 3551 934 3624 proiecturum),qni·
990 3548 1060 3605 illud
1075 3547 1240 3603 lroncsrcium
1255 3548 1391 3602 amittere.
1406 3546 1486 3612 Quod
1501 3546 1595 3602 nultus
1611 3554 1651 3602 est
1670 3548 1717 3621 qui
1738 3565 1792 3605 ne-

128 3643 195 3700 dsnr
210 3643 252 3698 sni
270 3639 356 3695 vicini
367 3638 471 3710 aliquid
483 3655 516 3694 ex
528 3638 667 3710 ipsasilva
679 3638 876 3710 devastassent,
888 3642 935 3699 sed
991 3654 1051 3710 gare
1076 3637 1161 3710 possit
1185 3637 1206 3693 si
1230 3636 1279 3693 ille
1301 3637 1340 3691 ila
1362 3637 1489 3694 fecisset:
1511 3636 1557 3692 scd
1574 3635 1632 3709 ipse
1646 3637 1718 3694 sicul
1732 3637 1792 3694 dixi
1809 3686 1812 3691 ,

128 3732 190 3807 ipse
206 3729 357 3786 revadiare
371 3744 417 3783 eos
431 3737 501 3784 esset
517 3729 651 3800 facturus,
668 3732 762 3804 sicque
782 3733 934 3801 recesserit,
991 3726 1065 3794 lecit,
1083 3723 1157 3798 quod
1172 3733 1263 3781 tamen
1279 3733 1310 3781 ut
1330 3725 1451 3797 praemisi
1473 3741 1564 3782 coram
1587 3742 1650 3799 rege
1671 3726 1791 3799 negavit.

128 3819 235 3880 reverti
246 3817 340 3888 jussus
353 3832 369 3871 a
383 3833 435 3884 me,
453 3825 483 3871 ut
502 3816 629 3890 predixi,
654 3820 682 3874 in
710 3821 806 3876 eidem
826 3821 936 3878 hebdo-
990 3818 1070 3874 Dixit
1084 3824 1177 3873 antem
1194 3833 1252 3885 rex,
1276 3817 1348 3890 qnod
1374 3817 1443 3874 illud
1466 3817 1539 3889 quod
1561 3816 1681 3882 dicebat,
1706 3833 1794 3891 neque

129 3909 213 3968 made
238 3907 307 3962 11111
330 3915 417 3962 sexta.
439 3906 491 3962 Sed
511 3924 576 3963 rnox
592 3918 623 3964 ut
637 3909 751 3965 densum
768 3911 934 3982 pervenerit,
988 3910 1139 3983 judicando
1147 3910 1261 3979 diceret,
1272 3911 1344 3983 quod
1356 3918 1448 3967 tamen
1456 3910 1530 3982 juste
1541 3917 1568 3966 et
1578 3911 1792 3980 rationabiliter,

130 4002 262 4062 omnibus
276 4000 377 4057 vicinis
392 4000 449 4055 suis
464 3999 622 4056 denuntiari
640 4001 745 4069 1101111,
769 4010 800 4057 ut
814 4003 937 4075 quicnn-
991 4001 1062 4055 sicut
1079 3999 1150 4066 dixi,
1167 4000 1217 4054 iste
1232 4001 1313 4056 aliter
1332 4017 1387 4056 non
1409 4001 1528 4068 lecisset,
1553 4000 1609 4057 dici
1629 4009 1656 4056 ct
1674 3999 1794 4072 judicari

131 4109 187 4166 que
200 4108 235 4148 ex
249 4090 342 4146 eadem
359 4089 429 4144 silva
443 4088 565 4160 accipere
579 4087 701 4156 volebat,
717 4105 802 4162 usque
818 4091 847 4145 in
863 4108 937 4163 prae-
992 4095 1091 4160 posset.
1111 4087 1153 4141 hle
1172 4095 1262 4143 autem
1283 4095 1350 4144 tunc
1367 4090 1538 4158 persistente,
1561 4090 1636 4161 quod
1658 4091 1725 4146 satis
1747 4090 1794 4145 ha·

133 4183 224 4237 latum
248 4179 320 4234 diem
342 4176 488 4248 acciperet,
509 4176 574 4249 quia
589 4176 646 4248 ipse
662 4176 781 4248 amplius
796 4194 851 4234 non
867 4178 937 4236 illud
991 4174 1055 4228 here
1070 4189 1175 4244 possem
1191 4173 1224 4228 de
1239 4173 1308 4228 meis
1322 4175 1368 4245 qui
1384 4190 1415 4229 ea
1430 4192 1490 4245 quae
1503 4174 1629 4230 dicebam
1642 4177 1794 4233 veridicare

132 4267 299 4326 beneficium
316 4273 429 4323 teneret.
445 4265 633 4337 venerintque
650 4282 746 4322 omnes
758 4275 814 4325 tarn
830 4284 865 4323 ex
878 4268 937 4341 ipso
992 4262 1125 4328 valerent,
1144 4261 1262 4317 domnus
1276 4277 1326 4316 rex
1339 4261 1438 4318 videns
1454 4260 1493 4315 ibi
1508 4276 1617 4316 causam
1640 4278 1696 4317 non
1716 4278 1794 4333 posse

132 4357 280 4423 comitatu,
297 4371 378 4427 quam
398 4363 426 4409 et
443 4353 476 4409 de
496 4352 611 4425 reliquis
628 4355 808 4412 circumcirca
829 4357 936 4428 positis,
992 4351 1078 4419 finiri,
1091 4350 1201 4406 distulit
1215 4365 1273 4404 eam
1289 4365 1376 4421 usque
1389 4348 1456 4405 dum
1470 4348 1662 4405 aSilvanectis
1676 4355 1793 4404 reverte·

133 4444 351 4517 depopulatique
366 4442 491 4499 eamdem
506 4441 610 4497 1011101
622 4442 732 4511 silvam,
743 4444 802 4515 ipso
817 4445 939 4501 Grivorm
993 4447 1069 4496 retur
1084 4440 1113 4494 iu
1129 4437 1253 4510 sequenti
1269 4436 1441 4493 hebdomada
1456 4436 1524 4492 feria
1538 4445 1649 4508 quarta3
1666 4454 1730 4492 nam
1745 4436 1795 4493 illa

133 4540 278 4607 presente,
290 4548 321 4587 ac
336 4529 501 4603 quibusdam
516 4529 628 4585 villanis
643 4546 701 4586 eam
717 4531 863 4600 vendente,
875 4534 938 4606 qui·
994 4528 1052 4583 dies
1068 4543 1123 4599 quo
1133 4526 1192 4582 haec
1205 4532 1265 4580 acta
1279 4533 1343 4580 sunt
1355 4518 1414 4579 dies
1429 4522 1590 4579 Dominicus
1602 4532 1660 4581 erat
1672 4543 1678 4580 :
1692 4523 1794 4596 jussit-

134 4620 251 4678 busdam
267 4619 647 4692 perdonante‚audiermrqne
662 4619 730 4686 haec,
747 4622 940 4693 utputasieut
994 4636 1047 4693 que
1069 4627 1099 4675 ut
1122 4617 1248 4673 homines
1272 4631 1347 4671 ineos
1370 4614 1454 4688 hujus
1474 4616 1514 4673 rei
1538 4616 1664 4673 conscios
1686 4631 1795 4672 mecum

135 4712 171 4767 de
186 4718 242 4765 tam
259 4710 395 4781 vulganda
408 4726 448 4777 re,
464 4709 698 4783 sustinuerimque
719 4727 804 4784 usque
823 4711 858 4768 ad
877 4711 941 4782 pla·
994 4707 1168 4774 adducerem,
1195 4713 1222 4760 et
1245 4704 1285 4761 sic
1309 4720 1389 4760 causa
1414 4703 1552 4773 finiretur,
1577 4705 1651 4777 quod
1678 4711 1706 4761 et
1730 4703 1794 4773 leci,
1857 4716 1862 4724 ·

136 4803 226 4859 citum
240 4798 313 4872 quod
326 4799 351 4855 ei
363 4800 580 4872 designaveram.
600 4800 654 4868 Qui
669 4801 736 4857 dum
750 4818 806 4858 non
821 4801 939 4871 venerit,
995 4799 1093 4873 dieque
1108 4808 1212 4857 statuta
1228 4798 1315 4868 adfui,
1332 4798 1378 4856 sed
1397 4814 1448 4856 nec
1469 4798 1632 4866 Actardum,
1653 4814 1704 4856 nec
1726 4797 1795 4856 1111-

136 4906 190 4946 011
206 4888 321 4944 rnissum
341 4904 396 4943 suae
416 4888 602 4946 excusationis
624 4890 658 4946 ad
682 4906 724 4945 me
744 4891 939 4960 transmiserit,
995 4889 1130 4959 nelmum,
1156 4905 1207 4945 nec
1232 4888 1364 4945 loannem
1388 4888 1540 4962 episcopos,
1568 4887 1616 4961 qui
1641 4887 1795 4958 cognitores

132 4978 193 5051 jam
205 4976 317 5033 tandem
328 4976 451 5033 miserim
462 4978 563 5034 rescire
575 4978 599 5033 si
615 4995 679 5035 vera
692 4987 782 5034 essent
794 4996 854 5052 qna·
869 4976 940 5036 dice·
995 4984 1064 5039 mihi
1089 5002 1102 5040 a
1124 4983 1204 5039 vobis
1224 4981 1281 5038 dati
1303 4982 1422 5051 fueraut,
1447 4990 1474 5038 et
1494 4982 1549 5037 nisi
1569 4980 1675 5050 judicio
1700 4992 1795 5034 eorum

135 5067 254 5135 bantur;
265 5067 477 5139 invenerintque
488 5066 565 5121 missi
576 5067 630 5121 mei
642 5066 764 5122 eamdem
775 5067 875 5123 silvam
882 5068 941 5124 sine
996 5070 1240 5127 contradicendum
1252 5079 1388 5142 putarem,
1401 5070 1436 5125 ad
1452 5067 1643 5141 synodumque
1658 5080 1797 5138 provoca-

135 5171 255 5212 numero
267 5155 387 5211 villanos
396 5155 579 5224 destruentes,
595 5170 626 5211 ac
640 5170 757 5227 quercus
771 5155 942 5212 semiincisas
996 5176 1054 5215 rem
1066 5158 1175 5229 judices
1188 5158 1247 5215 1011
1262 5159 1427 5231 potuissent,
1439 5157 1499 5213 sine
1513 5156 1614 5229 quibus
1625 5169 1707 5211 causa
1721 5152 1798 5209 liniri

136 5245 168 5300 in
192 5231 331 5316 reliquum
349 5243 540 5313 destruendas,
553 5260 655 5318 perque
669 5244 850 5302 circumcirca
863 5260 943 5302 cam·
997 5266 1052 5305 non
1068 5254 1186 5320 poterat,
1201 5248 1240 5304 ihi
1256 5248 1361 5305 inveni.
1376 5249 1450 5319 Ergo
1469 5245 1542 5321 quod
1561 5245 1653 5301 dicitis
1671 5260 1714 5300 me
1726 5250 1797 5326 41011

136 5348 190 5406 pos
209 5332 332 5390 densiter
353 5350 413 5407 quaa
434 5333 546 5407 perduci
567 5333 601 5391 ad
623 5334 721 5391 domus
742 5334 942 5392 destruentium
997 5335 1192 5394 diffinitionem
1205 5343 1303 5392 contra
1315 5351 1407 5392 sacros
1420 5350 1539 5391 canones
1552 5333 1611 5389 sine
1628 5333 1686 5390 ulla
1699 5346 1798 5388 neces-

137 5438 196 5479 non
210 5430 338 5495 poterant
352 5422 485 5494 jacentes,
502 5432 530 5481 et
544 5424 584 5480 sie
596 5423 735 5495 jusserim,
756 5431 787 5479 ut
806 5439 841 5479 ex
859 5423 943 5480 verho
998 5427 1078 5482 sitate
1092 5425 1134 5480 vel
1152 5423 1257 5480 ratione
1272 5423 1336 5495 luga
1353 5422 1471 5494 lapsum,
1487 5429 1514 5477 et
1529 5421 1681 5494 regularem
1696 5418 1798 5476 diffini·

138 5535 202 5575 meo
216 5518 346 5577 omibus
360 5518 529 5592 prohiberet,
545 5535 579 5574 ne
598 5517 717 5589 amplius
737 5532 796 5572 eam
816 5515 945 5574 destrue·
998 5516 1103 5572 tionem
1127 5502 1284 5585 exspectare
1307 5511 1514 5585 contempsisse,
1543 5526 1605 5570 1101
1628 5517 1701 5664 0313111
1724 5506 1798 5584 quod

286 5617 406 5676 Parnon.
426 5615 555 5676 CXXIV.
