3834 6136
134 204 170 265 43
797 204 950 262 usuanul
969 204 1128 262 uoxaitttt
1754 205 1790 260 lt

135 338 287 397 Gemmula
314 336 492 405 monasterio,
524 335 611 393 beatae
634 335 775 393 memoriae
799 334 931 393 Beatricis
945 343 971 403 Α
985 337 1016 393 in
1030 336 1543 418 majoritemploconditumvisitatnr.
1558 337 1791 411 lnSicilia‚apud

134 410 298 478 Athestina,
313 423 374 480 qum
396 422 483 464 annos
497 415 561 463 nata
579 422 630 474 xx,
645 406 716 464 obiit
730 422 803 463 anuo
818 406 931 463 Domini

133 495 267 540 uccxxix.
293 477 378 537 Cu'us
394 479 480 535 vitam
503 494 536 535 eo
556 486 680 551 tempore
702 478 865 551 conscripsit
885 479 932 534 Al·

133 552 227 609 bertus
238 550 315 606 Prior
328 495 430 607 ilontis
440 550 601 607 Vinearum.
618 575 627 598 ·
645 550 854 608 lneditionibus
870 549 933 605 aliis

133 621 222 680 textui
239 621 400 678 inseruntur
424 621 522 679 litteris
544 621 657 687 Italicis,
677 622 711 678 de
725 622 789 678 lob:
812 623 842 678 lu
861 628 933 677 terro

131 695 199 760 Ilus,
214 692 351 764 depositio.
368 695 408 750 De
424 692 564 750 Gordiano
590 702 617 750 et
638 693 782 765 Simplicio
797 694 933 749 nonnulla

132 781 167 821 ex
183 763 289 820 Adonis
304 765 401 837 elogiis
414 765 532 822 admista
543 773 618 834 sunt.
631 767 660 821 ln
676 764 741 820 tine.
766 790 775 812 ι
790 767 857 820 lieni
872 780 932 818 sau·

132 842 183 893 cta
196 834 345 892 christinae
360 835 479 909 virginis
493 845 520 893 et
531 837 672 910 martyris,
687 836 767 909 cujus
776 836 932 908 corpusPa·

131 907 223 964 uormi
238 907 268 964 in
282 906 387 977 Sicilia,
404 909 686 982 magnareneratione
701 918 782 983 atque
796 923 932 967 concursu

987 409 1146 475 Leontinos,
1157 416 1315 464 sanctorum
1327 410 1362 466 Al
1383 409 1434 478 hii,
1446 409 1708 482 Philadelphii,atC
1732 408 1791 466 rini

987 479 1103 536 fratrum
1120 488 1285 552 martyrum,
1299 480 1351 536 suli
1364 426 1474 538 iaiciuio
1489 482 1654 553 imperatore
1667 498 1699 538 ac
1711 426 1788 537 ier-

987 552 1058 606 tullo
1070 552 1194 622 preside.
1212 577 1220 600 ·
1241 553 1280 608 De
1291 552 1424 620 Palladio,
1441 561 1577 625 utsupra.
1601 579 1610 601 ι
1625 552 1788 621 Mediolani,

987 624 1131 679 translatio
1153 624 1276 694 corporis
1294 622 1365 679 beati
1382 624 1489 680 Nauarii
1507 624 1541 680 ad
1556 624 1696 681 basilicam
1715 627 1790 696 alpo-

986 695 1132 750 stolorum.
1149 720 1157 741 ·
1185 697 1223 751 lie
1244 694 1343 752 Cosam
1356 703 1383 751 et
1398 697 1532 752 llamiano
1556 695 1602 752 liic
1617 706 1699 753 recte.
1716 695 1791 750 'l'nm

986 774 1122 821 caractere
1139 766 1254 821 minori:
1285 767 1412 823 «Eodem
1436 767 1491 836 die,
1508 767 1644 840 depositio
1661 768 1792 823 Venera-

987 836 1051 962 liliis
1074 837 1154 918 Medae
1182 838 1346 911 presbyteri.
1376 839 1537 908 Gemmntm,
1573 839 1643 896 obiit
1675 837 1792 894 beatrix

986 916 1023 962 .t
1044 919 1167 965 astina·

130 1055 157 1117 V
170 1057 246 1115 Idne.

1665 1059 1789 1117 Diell.

166 1148 259 1207 Romae
272 1147 319 1205 iiia
332 1147 445 1218 Salaria,
461 1148 561 1206 natalis
575 1148 647 1206 beati
664 1148 790 1206 Anthimi
808 1150 963 1221 presbiteri,
977 1149 1024 1223 qni
1037 1156 1098 1223 post
1112 1147 1251 1206 virtutum
1267 1156 1295 1205 et
1316 1147 1521 1221 predicationis
1536 1148 1666 1220 iusignia,
1684 1151 1712 1204 in
1726 1149 1792 1221 Ty-

104 1242 109 1251 '
129 1240 217 1298 herim
234 1238 422 1312 precipitatus
442 1250 469 1296 et
485 1241 520 1296 ab
534 1242 632 1311 angelo
646 1239 747 1297 exinde
761 1249 881 1312 ereptus,
901 1239 1022 1295 oratorio
1046 1238 1190 1295 restitutus
1213 1246 1255 1294 est
1284 1239 1407 1311 proprio,
1431 1238 1533 1295 dehinc
1556 1238 1644 1310 capite
1660 1239 1791 1311 punitus,

129 1335 219 1391 victor
233 1333 363 1405 migravit
376 1332 411 1388 ad
425 1336 519 1390 coelos.
536 1333 662 1401 Vienna,
678 1334 765 1390 sancti
780 1334 906 1390 Mamerti
922 1332 1043 1406 episcopi
1059 1336 1085 1385 at
1101 1328 1263 1396 confessori,
1280 1329 1327 1402 qni
1341 1328 1376 1385 ob
1391 1328 1583 1387 imminentem
1598 1327 1715 1396 cladem,
1745 1344 1791 1384 so·

129 1423 234 1481 lemnes
247 1429 310 1480 ante
324 1422 522 1480 absconsionem
536 1423 650 1481 Domini
665 1422 791 1480 Letanias
807 1421 942 1480 instituit.

896 1548 1014 1606 NOTAE.
1032 1568 1035 1574 ⁴

163 1654 267 1713 Textus
279 1654 401 1715 sumitur
414 1670 449 1713 ex
463 1654 613 1724 Hermian,
633 1656 789 1724 Torporem,
806 1656 964 1722 Pulsaueu„
979 1651 1132 1725 Rormcgd„
1146 1649 1379 1723 uulnera-Mai,
1395 1651 1506 1708 Greoeu.
1523 1657 1550 1706 et
1564 1650 1672 1709 Melon.

739 1780 942 1840 vaniaurus
961 1778 1166 1838 LECTIONES.

164 1878 312 1937 Pulsanen.
328 1896 378 1952 pro
392 1895 441 1936 sna
458 1879 621 1936 auctoritate
636 1880 797 1952 interponit,
812 1881 858 1936 iia
872 1880 926 1936 Sa·
980 1877 1047 1945 timi,
1075 1875 1199 1942 Tiberim,
1220 1876 1297 1944 celer,
1318 1891 1350 1931 oc
1369 1890 1419 1946 pro
1441 1873 1487 1942 cd,
1509 1874 1640 1939 Vibarna,
1656 1872 1785 1929 orrentia·

129 1950 198 2008 laria
212 1956 302 2007 veteri.
317 1952 348 2007 lii
357 1952 503 2034 llosweyd.
517 1952 632 2020 librarii,
645 1953 753 2024 opinor,
765 1953 926 2017 oscitantia,
980 1966 1048 2014 uria,
1066 1949 1235 2029 sollempnes,
1246 1953 1299 2002 etc.
1312 1945 1414 2018 Scripsi
1424 1946 1544 2014 Lemnia,
1555 1945 1620 2019 quia
1630 1944 1670 2003 sic
1685 1947 1785 2018 legunt

128 2031 190 2095 pust
204 2023 390 2093 immiuentem‚
407 2024 501 2080 omisit
523 2024 726 2081 substantivum
743 2027 854 2081 cedern.
871 2025 926 2082 Ca·
982 2019 1082 2094 optimi
1096 2019 1216 2088 codices,
1232 2026 1264 2075 ut
1277 2034 1360 2092 supra
1372 2034 1442 2075 xxii.
1460 2020 1513 2090 Ap.

127 2101 187 2153 tera
212 2095 299 2152 ferme
319 2095 464 2169 scriptoria
486 2097 639 2169 sphalmata
661 2103 735 2154 suut.
751 2098 859 2164 atoue,
875 2096 928 2152 Aa·

802 2219 1104 2281 OBSERVATIONES.

162 2321 319 2377 dullianum
333 2320 362 2374 in
384 2319 618 2391 Hieronymianis,
639 2320 668 2376 in
684 2323 807 2377 Romano
830 2326 961 2392 parumn
983 2334 1044 2374 rum
1061 2318 1137 2372 Actis
1157 2331 1212 2371 non
1228 2315 1374 2371 dissimilia
1388 2314 1417 2370 in
1439 2314 1567 2370 texendis
1590 2315 1686 2386 elogiis
1702 2332 1788 2372 usur-

128 2391 157 2449 iu
173 2393 279 2458 Adone,
292 2393 320 2447 iu
335 2391 456 2447 Noitero
471 2391 604 2448 invenies.
620 2393 651 2447 ln
669 2394 807 2464 prioribus
817 2409 926 2464 apogra-

147 2462 202 2529 his,
213 2480 269 2519 non
284 2462 378 2518 codem
396 2462 498 2588 uliiihue
513 2463 595 2519 modo
605 2465 788 2522 annuntiatur
803 2484 808 2521 :
822 2481 884 2520 nain
901 2465 929 2522 in

127 2480 323 2607 Epternacensi
339 2550 436 2605 agmen
474 2550 567 2601 ucens,
583 2535 672 2591 socios
692 2536 856 2605 conjunctos
876 2537 930 2592 ha-

126 2605 184 2675 het,
200 2607 247 2678 qui
267 2607 296 2661 in
318 2605 395 2661 Actis
414 2605 501 2660 notati
517 2614 591 2662 sunt.
616 2607 647 2662 ln
662 2607 725 2664 aliis
739 2608 790 2663 sub
804 2608 886 2663 finem
903 2619 930 2666 et

127 2677 202 2733 soliis
227 2676 351 2747 ponitur,
380 2676 429 2732 Via
454 2676 574 2744 Salaria,
593 2678 724 2733 milliario
748 2679 869 2750 inpesimo
892 2698 929 2737 re·

126 2747 222 2811 raudo,
237 2763 297 2818 quae
307 2745 390 2801 verba
402 2746 436 2801 ab
451 2746 547 2803 udone
561 2754 588 2802 e't
602 2747 722 2805 Notkero
731 2759 839 2806 servata
852 2761 926 2809 suut.

126 2818 281 2875 Montanum
308 2833 423 2889 parvum
452 2817 613 2874 distantiam
637 2820 713 2875 illam
734 2821 855 2890 reticuit,
878 2841 929 2881 nec

127 2889 264 2960 expressit
279 2888 430 2957 Usnardus,
446 2890 494 2961 qui
516 2897 607 2945 tamen
624 2892 735 2963 proprio
758 2903 845 2950 marte
859 2895 929 2952 Acta

127 2967 277 3028 scrutatus,
293 2959 410 3031 elogium
427 2960 528 3029 texuit,
542 2962 623 3034 quale
638 2963 666 3017 in
683 2965 815 3020 laterculo
832 2983 927 3039 propo·

127 3032 244 3087 suimus.
255 3033 294 3087 lle
305 3031 427 3104 praelatis
441 3033 518 3088 Actis
533 3043 605 3089 recte
619 3033 648 3089 in
664 3034 870 3093 Commentario
878 3057 928 3095 suo

127 3103 236 3159 censuit
253 3103 453 3171 Henschenius,
471 3120 522 3160 nec
534 3103 568 3159 ab
582 3103 641 3176 ejus
657 3108 795 3163 sententia
810 3112 928 3166 inultum

126 3174 231 3231 recedit
252 3173 455 3241 Tillemoritius,
481 3175 547 3231 dum
569 3175 603 3231 de
626 3177 737 3234 Lucinae
765 3180 845 3237 relius
873 3182 929 3253 agit

126 3251 183 3300 torn
199 3244 248 3314 IV,
263 3260 279 3300 a
290 3261 354 3373 pag.
370 3245 432 3302 554.
444 3246 640 3327 ‘Difficultates
654 3265 714 3321 quae
729 3249 795 3306 hinc
809 3252 873 3308 inde
884 3271 928 3310 oc·

126 3325 252 3385 currunt,
269 3326 295 3372 ta
310 3334 338 3372 es
352 3333 408 3372 non
423 3317 566 3387 indentur,
591 3329 622 3376 ut
635 3321 716 3377 facile
736 3321 852 3379 dissolvi
874 3341 928 3381 ne-

125 3397 237 3459 queant.
256 3388 353 3444 b'trum
368 3389 515 3444 Mamertus
529 3390 562 3445 ad
577 3391 686 3448 codices
696 3392 797 3449 Hieron
822 3396 928 3453 mianos

124 3411 929 3584 pertineat,dubitasseFlorentiniiim,ostenditciaracler

140 3530 250 3595 talicus,
263 3544 318 3600 quo
326 3545 387 3584 cuni
399 3530 518 3585 Martiae
526 3531 631 3603 aliquo,
641 3534 675 3588 de
683 3550 738 3604 qno
747 3535 776 3590 in
787 3537 927 3595 Auctariis

125 3614 217 3656 sermo
236 3606 371 3666 recurret,
385 3599 562 3671 exprimitur.
585 3601 775 3660 llenschenius
789 3608 869 3678 plane
883 3627 926 3665 as-

985 2396 1059 2461 pcut.
1075 2387 1331 2444 Probabilissimum
1354 2394 1395 2443 est
1411 2387 1516 2442 Adonis
1531 2386 1617 2457 ipsius
1632 2387 1784 2457 genuinam

985 2459 1106 2532 phrasim
1136 2475 1203 2526 esse,
1234 2475 1315 2532 quam
1345 2459 1373 2514 in
1401 2466 1481 2514 textu
1515 2458 1787 2529 representavimus,

985 2547 1122 2604 quamque
1137 2547 1172 2586 ex
1187 2531 1246 2602 ipso
1258 2531 1356 2586 Noster
1366 2529 1399 2585 ad
1410 2530 1515 2612 apicem
1532 2530 1687 2602 descripsit.
1705 2529 1789 2586 Plura

984 2603 1049 2668 alia,
1065 2601 1166 2676 quaeab
1182 2602 1278 2657 Adone
1289 2601 1318 2657 in
1336 2601 1484 2669 Cluanmo,
1497 2601 1672 2658 deMamerto
1683 2601 1788 2657 tradita

984 2681 1059 2742 snut,
1084 2673 1215 2744 expendit
1240 2672 1439 2740 Henschenius,
1455 2681 1552 2729 catara
1575 2690 1635 2744 quae
1650 2673 1710 2743 ejus
1724 2680 1788 2728 aeta·

983 2753 1050 2812 tem,
1077 2751 1151 2816 gesta
1174 2751 1201 2798 et
1222 2746 1322 2814 scripta
1346 2751 1481 2814 spectant,
1506 2752 1631 2799 accurate
1652 2744 1680 2797 in
1708 2743 1789 2801 Com-

983 2817 1120 2871 mentario
1140 2814 1302 2870 discutiens.
1318 2814 1425 2873 Cursim
1442 2814 1582 2887 aliquado
1598 2817 1732 2870 Mamerto
1748 2822 1789 2871 at·

983 2887 1270 2959 tingitTilleiiiontius
1285 2893 1360 2942 tomo
1376 2885 1437 2942 XV.
1458 2887 1550 2943 Vitam
1567 2886 1702 2958 integram
1719 2885 1787 2942 dare

984 2966 1124 3031 poterunt,
1136 2957 1183 3030 qui
1199 2957 1499 3030 praedictiTillemontii
1510 2958 1787 3028 operumeditionein

983 3039 1196 3103 prosequuntur.
1214 3030 1288 3084 l'lori
1299 3046 1408 3086 sensum
1421 3029 1546 3087 uersibus
1560 3030 1617 3086 suis
1631 3028 1789 3086 reddidisse

985 3101 1094 3157 videtur
1109 3100 1341 3159 wandalbertus:

1030 3231 1127 3292 Quina
1137 3233 1231 3282 eximio
1243 3235 1352 3283 antistes
1369 3233 1505 3295 splendore
1516 3234 1657 3285 Mauiertus

1028 3295 1150 3357 insignit,
1162 3298 1276 3344 solemne
1288 3297 1343 3345 Deo
1355 3299 1399 3361 qni
1416 3299 1481 3346 ferre
1498 3300 1602 3347 litamen

1029 3356 1128 3420 Jejunii
1144 3358 1254 3407 instiiuit
1266 3363 1346 3408 ternis
1358 3362 1406 3409 siili
1419 3362 1475 3410 lnce
1488 3361 1549 3410 dici.

1017 3473 1048 3528 ln
1063 3472 1157 3530 codice
1176 3475 1299 3532 Pratensi
1316 3492 1457 3549 perperam
1473 3475 1501 3532 in
1517 3476 1571 3532 iiae
1587 3475 1785 3533 subnectitur:

981 3545 1081 3600 Eudemi
1106 3546 1157 3613 ilie,
1172 3548 1311 3628 ¹depositio
1337 3548 1546 3628 domniuMaioli
1569 3548 1681 3603 obbatis.
1707 3548 1789 3605 Hanc

981 3631 1047 3671 vero
1062 3625 1302 3673 annuntiationem
1327 3619 1508 3675 Usnardinain
1533 3635 1589 3674 non
1604 3635 1673 3686 esse,
1696 3619 1747 3674 sed
1772 3634 1788 3675 a

126 3670 203 3751 serit,
218 3667 278 3740 ejus
302 3670 463 3726 memoriam
479 3670 688 3754 aliliquissiinis·
704 3673 763 3729 illis
783 3677 872 3757 ¹Fastis
888 3682 928 3736 in·
943 3684 965 3745 C
982 3686 1127 3742 recentiori
1152 3688 1245 3760 aliquo
1259 3689 1423 3757 subnexam,
1440 3698 1469 3745 iit
1483 3706 1518 3745 ex
1531 3689 1677 3746 codicibus
1691 3691 1786 3745 omni-

125 3747 268 3812 scriptam,
296 3741 437 3813 celatoque
468 3742 587 3799 subinde
616 3744 689 3800 Flori
720 3748 820 3818 elogio,
849 3760 927 3823 putat
980 3756 1032 3813 hus
1046 3773 1095 3828 pro
1109 3766 1188 3814 tcxtn
1202 3759 1293 3816 citatis
1308 3761 1416 3818 abunde
1430 3762 1544 3836 liqueat,
1564 3770 1620 3816 tain
1636 3768 1678 3815 est
1692 3761 1787 3817 aliun·

125 3810 293 3878 Usuaidnm,
310 3812 432 3867 Adonem
460 3822 487 3869 et
504 3813 573 3869 alias
588 3814 730 3872 laudatum
751 3819 862 3877 Florum
879 3841 928 3882 se-

126 3889 215 3964 cutos,
230 3890 261 3938 ut
275 3899 346 3965 saepe
361 3882 427 3939 alibi
442 3885 582 3956 supponit.
597 3886 658 3943 Non
673 3890 820 3949 assentior:
838 3910 927 3968 neque

125 3969 200 4009 enim
215 3952 323 4009 adverti
336 3953 479 4024 hactenus,
492 3957 617 4014 Adonem
632 3959 706 4014 Flori
718 3962 801 4018 rerba
811 3981 927 4038 usquam

1 4003 3 4016 ’
125 4041 182 4098 prae
196 4024 285 4083 oculis
300 4025 439 4097 habuisse,
460 4028 525 4084 licet
539 4044 748 4103 nonnumquam
763 4049 797 4090 ex
821 4047 927 4095 sancto·

980 3827 1015 3883 dc
1043 3837 1148 3884 certum
1174 3845 1256 3903 quam
1283 3833 1457 3914 perspicuum
1482 3841 1534 3901 cst,
1564 3832 1695 3888 Maiolum
1724 3841 1787 3901 toto

982 3901 1093 3980 sarculo,
1112 3901 1235 3958 Usuardo
1255 3913 1434 3975 posteriorem
1454 3922 1512 3962 osse
1535 3911 1616 3977 atque
1640 3905 1707 3959 adeo
1726 3920 1787 3959 ina·

982 3970 1126 4040 niiestum,
1140 3972 1294 4045 simplicem
1310 3984 1441 4046 etpuram
1457 3976 1574 4033 Usnardi
1590 3975 1788 4033 seiitcutiaina

982 4042 1062 4099 nobis
1077 4044 1106 4099 in
1120 4044 1252 4102 laterculo
1266 4046 1430 4104 exhibitam.

849 4164 1043 4227 auertitis.

160 4248 202 4304 Dic
217 4247 341 4305 Pharan
354 4247 411 4319 jam
426 4250 493 4306 salis
502 4249 607 4308 dictum
624 4262 674 4311 est.

161 4322 317 4385 durusne..
332 4321 512 4378 Max-Lunae.
528 4332 555 4379 et
567 4325 736 4384 Uuuauciiri.
749 4329 848 4389 'l'extui
874 4351 925 4391 uro

123 4388 298 4519 abjungunt
324 4409 330 4447 :
367 4393 502 4450 «Eodem
527 4396 582 4465 dic,
603 4399 691 4454 sancti
713 4400 807 4458 Maioli
835 4350 924 4463 aiba-

979 4265 1053 4338 scopi
1064 4274 1091 4322 et
1103 4268 1278 4328 confessoris.
1290 4270 1421 4330 Coeuobio
1436 4272 1567 4342 Silviaco,
1580 4274 1668 4329 sancti
1683 4274 1784 4332 Maioli

979 4337 1298 4398 Cluniacensisabbatis.
1314 4367 1323 4389 ι

1015 4409 1194 4467 Buuxucunu.
1223 4413 1263 4470 sic
1287 4414 1410 4486 incipit:
1439 4440 1448 4462 ‹
1472 4417 1522 4471 Per
1541 4416 1786 4487 anticipationem,

978 4482 1071 4538 Roniae
1087 4483 1132 4538 via
1147 4486 1269 4549 Aurelia,
1280 4487 1551 4553 milliariosecunilo,
1563 4489 1699 4545 Pancratii
1711 4507 1786 4547 inar-

146 4534 322 4614 Muusiiia„
339 4534 366 4590 in
382 4535 456 4616 Mne:
480 4538 658 4622 ‹ltamuaptud
671 4541 849 4624 Silinancinni
861 4547 924 4623 [Sil-
978 4552 1058 4624 tyris.
1074 4555 1121 4626 qui
1144 4571 1206 4610 cum
1228 4566 1298 4613 esset
1320 4574 1455 4613 annornm
1481 4559 1700 4630 quatuordecim,
1729 4563 1786 4619 sub

125 4606 279 4677 viniacum]
295 4605 431 4676 depositio
445 4607 516 4665 beati
532 4612 624 4667 Maioli
640 4613 758 4684 abbatis,
770 4621 924 4689 inagniiicm
977 4624 1149 4680 Diocletiano
1171 4628 1332 4699 martyrium
1348 4629 1445 4701 capitis
1455 4629 1646 4686 detrunctionc
1661 4633 1787 4703 coinple·

125 4674 281 4755 sanctitatis
295 4675 360 4743 viri,
374 4677 454 4748 cujus
468 4682 524 4735 rita
539 4682 681 4754 religionis
694 4688 787 4742 studio
801 4686 828 4744 ei
844 4692 924 4748 mira·

124 4745 195 4826 culis
210 4746 329 4824 gloriosa
343 4748 446 4803 mundo
461 4750 578 4806 refulsit.
595 4754 647 4820 Qui
660 4771 676 4809 a
691 4758 846 4825 cunabulis,
860 4765 926 4818 cul-

124 4816 201 4872 tibus
217 4817 347 4897 litteralis
361 4819 466 4889 peritiae
478 4820 606 4890 traditus,
617 4825 700 4880 etiam
713 4828 826 4886 lastlbu-
836 4835 925 4890 archi·

125 4887 235 4944 diaconi
250 4887 381 4944 Ecclesiae
399 4889 574 4958 sublimatus,
590 4903 679 4952 tractu
701 4897 798 4956 divino
814 4917 925 4975 repente

125 4966 258 5026 mutatus,
267 4960 456 5015 monachicam
468 4974 599 5032 expetens
613 4969 708 5037 vitani,
726 4974 922 5033 monachorum

124 5039 216 5102 pater,
229 5041 256 5087 et
272 5032 421 5087 multorum
438 5033 567 5091 lundalor
581 5039 770 5098 coenobiorum
790 5048 922 5117 existens,
938 5016 962 5074 D

123 5103 236 5157 tandem
251 5103 339 5159 astutis
351 5102 429 5159 senio
446 5105 543 5174 lessus,
560 5107 666 5165 divinis
680 5115 809 5184 operibus
824 5119 924 5192 llagita·

125 5177 185 5252 tum
203 5174 259 5229 Deo
275 5175 390 5231 reddens
409 5176 549 5248 spiritum,
568 5179 597 5234 in
621 5197 687 5252 pace
702 5186 843 5257 quieuit.»
865 5192 921 5248 Alii

126 5240 159 5298 de
178 5258 238 5313 ipso
254 5244 365 5304 breuius
378 5256 473 5321 agunt.

161 5312 381 5374 Mau-durusne
396 5364 403 5388 ,
417 5322 597 5387 Uareniana,
611 5324 722 5382 Lernan
737 5371 743 5395 ,
756 5329 899 5387 Lovauinu
913 5374 920 5399 ,

124 5383 404 5453 Acnnaoeu.‚Diuic.
421 5394 807 5458 adornabimus-Birta:
829 5403 922 5475 «Apud

978 4695 1030 4749 uit.
1047 4696 1114 4751 lieni
1138 4697 1230 4753 llouiae
1245 4700 1289 4753 iia
1307 4700 1421 4769 Salaiia,
1442 4701 1574 4756 milliario
1591 4703 1726 4773 vigesimo
1741 4721 1785 4761 se·

978 4766 1081 4845 cundo,
1097 4771 1186 4822 natale
1205 4768 1276 4824 beati
1299 4771 1436 4838 Authiini,
1452 4780 1530 4830 etc.»
1553 4775 1619 4830 satis
1639 4791 1717 4846 pure.
1735 4777 1784 4832 Se·

997 4847 1095 4893 uitur:
1120 4840 1175 4919 [Et
1188 4839 1358 4907 Martencias,
1373 4859 1420 4898 sen
1436 4845 1507 4914 apud
1523 4845 1670 4917 Lingones,
1687 4850 1785 4905 sancti

979 4908 1145 4980 nengutptu,
1161 4912 1262 4983 egregii
1276 4915 1415 4986 martyris,
1428 4917 1506 4987 louge
1516 4918 1621 4987 lateque
1633 4917 1776 4988 gloriosi.»

979 4980 1009 5035 ln
1031 4979 1163 5062 Mamerto
1180 4983 1234 5038 lere
1254 5001 1337 5054 purus
1351 4994 1401 5041 est.
1417 4987 1505 5043 l'nni:
1539 4989 1596 5044 «Et
1611 4989 1698 5044 sancti
1716 4991 1784 5045 Mu-

977 5059 1123 5107 ruerunt.-
1150 5053 1255 5125 Opinoi
1278 5057 1425 5112 Martinam
1450 5057 1577 5126 iudicari,
1603 5061 1650 5132 qui
1670 5061 1704 5116 ab
1729 5063 1781 5119 ali-

997 5123 1080 5179 uilius
1093 5124 1226 5181 Mamerto
1240 5127 1426 5198 conjungitur.
1442 5130 1511 5186 Vide
1526 5131 1554 5185 in
1570 5131 1780 5191 l‘raiterniissis

977 5193 1118 5276 landem:
1142 5197 1326 5264 «Siliiiiiaco,
1344 5200 1576 5271 depositiosancti
1589 5202 1694 5270 Maioli,
1712 5203 1780 5260 Clu-

976 5280 1113 5322 niacensis
1131 5267 1247 5335 abbatis,
1263 5286 1344 5339 quem
1365 5271 1461 5328 beatus
1477 5274 1631 5329 Adoiiiarus
1647 5275 1709 5329 loco
1732 5277 1778 5332 sni

976 5337 1100 5392 abbatem
1116 5340 1304 5395 constituerat.
1322 5366 1330 5387 .

1012 5409 1191 5466 Hicauaiaii.
1212 5413 1301 5468 textui
1325 5412 1390 5470 satis
1412 5432 1490 5487 puro,
1508 5415 1567 5473 haic
1591 5417 1775 5486 superaddit:

125 5454 273 5537 Lingones,
289 5461 546 5551 ¹sanclifleiigulphi
561 5470 797 5554 martyriaionge
812 5474 921 5554 lateque
983 5480 1155 5548 «Ravennae,
1172 5485 1259 5540 sancti
1275 5483 1399 5558 Gangolli
1416 5490 1554 5559 martyris.
1572 5513 1580 5533 ·
1603 5490 1646 5543 Ex
1664 5506 1720 5545 nno
1747 5493 1776 5547 ni

125 5527 236 5598 gloriosi
259 5531 410 5586 miraculis.
426 5535 529 5593 bodam
547 5539 602 5608 die,
623 5551 711 5599 sancti
726 5543 819 5600 Maioli
838 5545 920 5603 ahba-
975 5550 1067 5617 fallar,
1083 5554 1206 5624 geminos
1222 5556 1297 5625 iacit,
1310 5561 1422 5614 mutatis
1436 5558 1543 5615 duabus
1558 5560 1668 5627 litteris,
1679 5534 1778 5619 errius

125 5598 193 5653 tis·
214 5595 318 5654 Caetera
331 5600 397 5658 satis
412 5605 473 5673 puri
488 5619 562 5667 sunt.

160 5668 319 5728 Cauruunu.
337 5688 343 5727 :
376 5695 386 5718 ι
402 5675 494 5733 Romae
510 5681 555 5736 via
571 5682 685 5755 Salaria,
701 5686 789 5744 sancti
811 5689 919 5747 Antimi

974 5621 1004 5677 in
1034 5638 1100 5704 ioca
1132 5624 1277 5696 Varianos,
1307 5645 1388 5702 quam
1423 5630 1524 5685 alicubi
1549 5631 1698 5688 inuenerit.
1730 5635 1777 5692 Sic

974 5702 1165 5766 prosequitur:
1193 5699 1284 5755 «ltein
1305 5701 1378 5774 apud
1405 5700 1550 5772 Lingones,
1575 5704 1665 5774 passio
1684 5707 1774 5762 sancti

123 5739 276 5836 presbyteri
287 5751 314 5799 et
329 5745 469 5818 martyris.
484 5748 611 5820 Vienna,
624 5759 711 5816 sancti
724 5760 849 5818 Mamerti
863 5762 918 5835 epi·
974 5762 1130 5839 Geugnlphi
1139 5771 1367 5844 martyriatonge
1377 5771 1485 5846 lateque
1497 5773 1639 5834 miraculis
1648 5776 1773 5848 gloriosi.
