3834 6136
141 232 195 294 879

664 230 794 295 canoni
813 230 921 292 clivi
940 229 1156 292 FlldNCOIlUbl
1176 233 1280 292 llEtilS

139 387 216 454 bant,
230 400 312 458 mam
326 383 402 440 intus
416 389 604 455 permaneant,
618 395 682 438 cum
698 380 829 437 adversus
841 382 934 440 Eccle-
948 384 974 445 Α
988 388 1065 456 ptum
1085 389 1125 440 est
1140 381 1222 438 etiam
1246 379 1337 448 nobis,
1353 378 1459 436 misisse
1472 393 1524 436 noa
1549 376 1631 435 robis
1648 374 1794 450 epistolam

139 475 208 533 siam
222 474 382 530 nullatenus
395 471 548 545 eriguntur,
561 470 609 527 sed
619 468 648 527 hi
658 470 747 527 solida
761 470 879 526 unitatis
893 486 937 543 pe·

138 573 180 621 ira
194 563 346 620 fortissimo
361 561 505 619 charitatis
519 560 617 618 robore
635 559 804 618 radicantur.
819 559 862 616 iii
883 557 938 616 hoc

137 653 212 710 euim
236 651 355 725 pertinet
370 651 444 725 quod
458 651 488 707 in
513 651 563 707 illo
584 649 703 707 Abrabae
720 649 855 707 sacrificio
869 648 936 707 dici-

138 749 183 797 tur
198 759 204 798 ε
219 743 289 797 Aves
302 748 389 797 autern
405 757 459 795 noe
471 739 563 794 diuisit
577 740 654 812 (Gen.
670 740 732 810 xv).
747 736 866 794 Proinde
880 752 936 793 non

137 839 176 887 est
197 829 376 894 credendum,
392 837 422 885 ut
443 828 502 885 haec
525 828 653 884 mandata
667 845 701 885 ex
718 826 869 899 apostolico
884 842 938 883 rc-

136 931 193 976 stro
210 936 256 976 ore
272 919 454 992 processerint
468 937 474 987 ;
490 919 619 991 quoniam
630 917 676 990 qui
691 918 730 973 ita
744 917 865 990 scripsit,
880 932 936 972 non

135 1010 204 1066 bene
226 1009 354 1077 attendit,
380 1008 457 1081 quasi
479 1008 598 1081 quilibet
618 1007 686 1063 mihi
702 1008 731 1063 in
753 1005 891 1063 catholica
911 1013 938 1062 et

135 1098 286 1169 apostolica
308 1098 503 1153 communione
527 1097 697 1170 permanenti
719 1113 796 1153 suam
816 1111 938 1152 commu·

135 1193 247 1248 nionem
270 1192 449 1263 subtraxerit,
465 1210 521 1250 non
539 1211 592 1262 me,
608 1192 656 1250 sed
671 1211 698 1249 se
719 1192 887 1249 acatholica
910 1198 937 1245 et

134 1284 286 1359 apostolica
300 1287 495 1344 communione
510 1295 672 1360 sequestrat.
689 1287 761 1343 llinc
780 1285 855 1342 enim
875 1284 937 1340 bea·

134 1384 179 1433 tus
194 1375 341 1448 Gregorius
356 1377 439 1432 etiarn
452 1376 485 1434 de
500 1376 631 1433 Ecclesia
645 1383 751 1433 rectore
764 1375 848 1433 dicit:
863 1374 937 1445 Saepe

134 1464 164 1521 in
188 1462 339 1532 solvendis,
364 1481 395 1522 ac
415 1463 532 1537 ligandis
551 1463 681 1533 subditis,
704 1481 760 1520 suas
784 1460 937 1519 voluntatis

135 1561 236 1622 motus,
253 1553 301 1627 qui
312 1554 442 1610 Ecclesiae
457 1553 561 1612 Christi
575 1553 738 1626 praepositus
751 1559 802 1619 est,
815 1567 871 1607 non
892 1566 937 1605 au.

134 1650 190 1698 tem
207 1659 351 1700 causarum
364 1643 463 1699 merita
476 1643 612 1716 sequitur.
623 1641 701 1698 Unde
716 1640 748 1697 sit
764 1648 794 1696 ut
814 1640 873 1712 ipsa
886 1638 937 1694 hac

993 469 1027 527 de
1046 470 1196 528 Hincmaro
1214 468 1402 528 accusationes
1421 465 1555 524 nefandas
1581 464 1794 536 continentem,

993 561 1067 632 quod
1080 559 1164 618 scribi
1180 575 1236 615 non
1254 559 1392 627 decuerat,
1413 557 1477 631 quia
1496 555 1632 614 nefandas
1647 554 1794 612 accusatio

993 665 1041 705 nes
1055 648 1089 705 de
1104 649 1153 705 illo
1168 647 1247 705 vohis
1261 663 1317 705 non
1331 645 1493 720 scripsimus
1505 665 1512 714 3
1531 645 1579 704 sed
1595 659 1659 719 quie
1675 642 1758 701 mulli
1770 652 1795 700 et

993 736 1123 810 episcopi,
1140 737 1229 795 etalii
1244 736 1299 793 viri
1312 735 1503 804 ecclesiastici,
1524 742 1552 791 et
1568 733 1709 808 primores
1722 733 1795 806 regui

993 828 1090 897 nostri,
1106 838 1132 886 el
1142 827 1259 896 nobiles,
1276 835 1303 884 et
1316 827 1477 895 mediocres,
1498 834 1526 882 et
1549 824 1692 898 ignobiles
1704 821 1739 880 de
1750 822 1795 880 illo

994 927 1059 977 tunc
1072 918 1237 986 fatebantur,
1252 928 1280 975 et
1289 918 1380 975 adbuc
1394 917 1526 984 latentur,
1544 915 1627 972 uobis
1637 912 1794 986 scripsimus

992 1016 1174 1081 suggerentes,
1199 1014 1229 1062 ui
1244 1008 1310 1081 quia
1329 1023 1393 1063 cum
1416 1005 1555 1078 corrigere
1570 1001 1746 1070 volebamus,
1765 1018 1794 1058 ne

992 1098 1025 1154 ad
1042 1098 1095 1154 hoc
1108 1098 1266 1167 perveniret
1280 1096 1314 1153 ad
1329 1094 1405 1169 quod
1423 1112 1451 1152 se
1466 1094 1524 1167 ipse
1539 1093 1669 1166 impegit,
1685 1100 1718 1148 ut
1732 1107 1794 1149 rue-

992 1194 1043 1255 ret,
1060 1185 1140 1242 vobis
1154 1185 1270 1259 quisque
1285 1186 1445 1257 surriperet,
1457 1190 1608 1256 antequam
1620 1180 1686 1239 inde
1700 1179 1794 1238 verita·

992 1282 1048 1331 tem
1070 1274 1218 1331 resciretis.
1235 1274 1287 1330 Sed
1307 1274 1371 1347 quia
1393 1271 1589 1344 multipliciter
1607 1276 1638 1327 et
1660 1269 1793 1328 multoties

993 1363 1072 1420 illum
1081 1362 1326 1436 corripuimus,sed
1334 1363 1471 1434 corrigere
1479 1376 1537 1418 non
1549 1358 1792 1428 valuimus,adboc

993 1469 1079 1525 usque
1101 1452 1237 1524 pervenit,
1254 1452 1326 1509 sicut
1343 1451 1372 1507 in
1395 1451 1478 1523 gestis
1502 1448 1691 1523 synodalibus
1705 1456 1792 1506 vestre

993 1542 1151 1601 auctoritati
1166 1542 1277 1599 directis
1292 1541 1451 1598 invenietis.
1470 1540 1549 1597 Unde
1560 1539 1670 1596 obnixe
1683 1546 1792 1597 smitam

993 1639 1184 1696 anctoritatem
1199 1637 1381 1710 deposcimus,
1399 1641 1429 1689 ut
1444 1633 1518 1690 sicut
1541 1631 1632 1689 vestri
1649 1631 1792 1688 decessores

133 1731 238 1803 ligandi
252 1740 280 1789 et
294 1732 420 1788 soluendi
435 1739 570 1804 potestate
583 1747 611 1787 se
626 1731 727 1803 privet,
742 1729 790 1801 qui
806 1728 877 1784 lianc
888 1744 936 1799 pro
952 1745 976 1805 Β
992 1744 1023 1784 ac
1046 1727 1274 1800 predecessores,
1302 1723 1461 1781 dessoribus
1491 1737 1524 1778 ac
1552 1720 1790 1794 predecessoribus

132 1820 190 1876 suis
203 1819 404 1888 voluntatibus,
421 1827 449 1875 et
467 1835 524 1875 non
538 1833 587 1890 pro
609 1817 795 1889 subjectorum
814 1815 937 1872 moribus

132 1917 250 1966 exercet.
271 1909 308 1965 Et
321 1925 384 1964 cum
405 1907 463 1964 haeo
481 1909 521 1963 ita
535 1924 563 1963 se
578 1908 708 1976 habeant,
723 1908 830 1980 egimus
844 1913 936 1961 tamen

130 1996 165 2053 de
180 1996 295 2054 Celsano
310 1997 359 2070 qui
376 1994 547 2051 mendaciter
570 2012 613 2051 me
627 2011 663 2051 ex
687 1994 827 2052 mendacis
846 1993 937 2051 ilinc-

130 2085 200 2143 mari
216 2093 303 2158 parte,
314 2083 395 2157 cujus
404 2085 535 2142 Ecclesia
545 2084 600 2141 duo
614 2085 726 2142 circiter
738 2084 828 2140 millia
843 2099 937 2139 mansa

131 2175 289 2249 plusquam
304 2181 428 2246 tempore
443 2181 646 2230 antecessorum
662 2180 820 2229 nostrorum
834 2172 936 2228 babue-

131 2264 178 2332 rit,
194 2261 369 2330 adauximus,
386 2270 412 2318 ei
434 2262 517 2317 etiam
532 2262 620 2334 ipsius
641 2270 764 2334 tempore
778 2262 840 2335 plus
854 2277 935 2334 quam

131 2357 261 2406 sexcenta
283 2350 481 2419 succrevimus,
501 2350 702 2407 distrahentem
719 2349 936 2408 ecclesiasticum

131 2446 235 2495 statum
254 2439 327 2511 apud
348 2439 528 2498 Sanctitatem
548 2447 668 2496 uestram
688 2438 936 2513 apostolicaesedis

131 2529 290 2601 pontificem
305 2528 453 2584 accusauit.
463 2527 517 2584 Sed
531 2535 558 2584 et
577 2528 611 2584 de
626 2529 759 2585 Walcone
774 2535 801 2583 et
811 2528 936 2585 Bernone

130 2615 259 2687 perjuris,
275 2622 303 2670 et
317 2616 391 2687 regia
402 2623 497 2671 nostra
510 2615 675 2673 infidelitate
691 2617 804 2686 notatis,
819 2634 851 2674 ae
866 2615 936 2687 iugi·

131 2703 207 2770 tisis,
227 2702 299 2758 sicut
313 2703 393 2759 nobis
408 2719 442 2758 ex
457 2711 549 2759 vestra
560 2713 637 2777 parte
651 2706 785 2777 scriptum
801 2713 851 2773 est,
873 2704 934 2760 obe-

130 2794 265 2861 divimus,
280 2809 337 2848 non
359 2793 534 2849 attendentes
549 2795 661 2851 illorum
686 2796 838 2864 mendacia,
855 2802 882 2851 et
905 2795 934 2850 in

129 2896 180 2939 nos
195 2880 284 2938 dictas
294 2880 458 2948 calumnias,
478 2879 525 2937 sed
543 2882 784 2952 apostolicaesedis
796 2882 933 2940 honorem

992 1816 1103 1886 nostris,
1122 1824 1150 1872 et
1170 1813 1441 1888 archiepiscoporum
1455 1827 1487 1867 ao
1502 1810 1705 1883 episcoporum
1725 1810 1789 1881 regni

992 1905 1078 1961 nostri
1093 1904 1186 1960 debita
1201 1912 1227 1961 et
1242 1901 1426 1961 ecclesiastica
1443 1899 1605 1974 privilegia,
1621 1899 1790 1973 dignitatum·

992 2009 1043 2066 que
1064 1992 1266 2062 distinctiones,
1287 2009 1302 2048 a
1322 1992 1407 2049 sacris
1426 1990 1536 2047 decreta
1563 1995 1653 2063 atquc
1672 1989 1789 2047 dntincta

990 2081 1143 2141 canonibus
1157 2099 1193 2139 ex
1206 2084 1321 2155 antiqua
1344 2078 1548 2140 consuetudine
1563 2089 1789 2138 conservaverunt

991 2174 1080 2243 nobis,
1097 2173 1144 2230 sed
1154 2180 1181 2230 et
1196 2171 1252 2228 illis
1267 2172 1349 2228 etiam
1366 2171 1394 2226 in
1404 2172 1456 2228 hac
1470 2185 1555 2227 causa
1569 2184 1736 2227 conservare
1743 2178 1789 2227 stu·

991 2262 1087 2333 deatis,
1111 2271 1245 2336 qnatenus
1268 2264 1340 2321 sicut
1363 2271 1476 2320 sanctus
1493 2260 1567 2319 dicit
1590 2261 1751 2335 Gregorim,
1766 2269 1789 2317 et

990 2356 1142 2430 apostolica
1153 2356 1230 2413 sedes
1253 2355 1396 2428 proprium
1411 2353 1537 2427 vigorem
1556 2353 1691 2424 retineat,
1706 2361 1787 2411 etase

991 2463 1119 2505 concessa
1140 2446 1202 2502 aliis
1225 2461 1274 2501 sua
1296 2443 1361 2517 jura
1386 2461 1442 2501 non
1471 2444 1595 2501 minuat.
1626 2445 1714 2503 blulta
1735 2451 1787 2500 sunt

990 2536 1064 2593 enim
1080 2533 1238 2608 dequibus,
1261 2532 1392 2603 cumbis,
1412 2550 1447 2590 ex
1464 2534 1570 2607 quibus
1592 2533 1735 2608 judicatus
1745 2542 1786 2602 est,

990 2625 1152 2698 regulariter
1174 2623 1356 2697 judicaretur,
1382 2623 1405 2679 si
1428 2639 1484 2679 non
1507 2622 1623 2682 diutius
1645 2623 1676 2680 in
1696 2621 1786 2697 synodo

990 2713 1109 2771 residere
1133 2713 1239 2770 liceret.
1263 2711 1317 2769 Sed
1333 2711 1399 2785 quia
1421 2728 1533 2770 necesse
1553 2712 1642 2771 nobis
1666 2712 1719 2770 fuit
1735 2726 1785 2769 cum

990 2802 1154 2878 quibusdam
1179 2802 1315 2876 episcopis
1337 2800 1371 2857 ad
1391 2800 1565 2874 colloquium
1591 2801 1691 2859 fratris
1712 2799 1786 2858 nestri
1818 2869 1824 2882 ⁸

989 2910 1039 2966 pro
1053 2892 1279 2950 reconciliatione
1294 2889 1414 2946 liliorum
1430 2887 1490 2963 ejus
1509 2890 1544 2947 ad
1561 2900 1671 2965 patrem
1686 2891 1783 2948 illorum

129 2990 161 3031 ac
183 2973 387 3042 reverentiam;
418 2972 491 3029 unde
511 2980 541 3030 ut
560 2990 699 3046 cumpace
714 2975 824 3032 elvenia
843 2983 935 3033 vestra
989 2990 1016 3038 et
1036 2983 1148 3038 fratrem
1163 2988 1299 3048 nostrum,
1316 2977 1479 3052 quantocius
1504 2978 1657 3051 festinare,
1673 2995 1707 3037 ne
1720 2994 1786 3037 oom-

129 3062 264 3131 dieamus,
280 3078 340 3135 qum
361 3063 445 3118 vestri
460 3062 608 3119 ministerii
625 3071 700 3133 suni,
720 3064 878 3136 apostolica
894 3081 933 3121 se·
951 3102 973 3163 G
989 3078 1064 3127 nrota
1078 3069 1224 3139 seditione,
1239 3069 1334 3141 etjam
1352 3069 1522 3144 propinquos
1538 3069 1619 3128 inter
1637 3087 1667 3127 se
1681 3083 1784 3143 compu-

130 3156 174 3214 dis
196 3156 336 3226 manian,
362 3156 520 3229 evangelica
534 3156 649 3215 veritate
672 3165 698 3213 n
714 3157 874 3231 apostoliea,
893 3165 933 3214 n-
990 3172 1103 3238 gnantes
1118 3163 1339 3222 Christianorum
1353 3161 1538 3235 parricidialis
1550 3160 1782 3237 sangmsenrnie

130 3263 183 3322 qne
197 3247 331 3304 canonica
353 3247 529 3316 auctoritate,
544 3249 695 3305 secundum
710 3248 850 3304 tramitem
873 3263 933 3304 san·
988 3261 1075 3324 retur,
1090 3260 1117 3309 et
1131 3252 1183 3309 hac
1202 3250 1236 3308 de
1250 3265 1332 3307 causa
1351 3248 1529 3307 ecclesiarum
1556 3251 1611 3308 Dei
1628 3267 1674 3308 res
1687 3250 1784 3309 scinde-

132 3344 240 3395 ctarum
254 3335 459 3409 Scripturarnm
477 3336 710 3411 traditionemque
730 3335 864 3410 rrraiorum
879 3337 933 3393 sui·
989 3353 1094 3414 rentur,
1119 3351 1146 3400 et
1160 3340 1331 3399 sacerdotum
1348 3357 1380 3397 ac
1402 3355 1548 3397 servorum
1576 3341 1629 3398 Dei
1654 3342 1783 3399 facultates

132 3427 203 3484 lulla
213 3428 347 3500 recipere,
359 3435 387 3484 el
397 3427 437 3483 eis
451 3425 572 3483 obedire.
585 3427 621 3483 Et
630 3429 685 3483 tale
694 3426 808 3484 honeris
822 3424 933 3499 privile·
989 3434 1185 3507 diriperentur,
1200 3437 1227 3486 et
1241 3445 1373 3503 pauperes
1388 3428 1638 3502 depopularentur.
1659 3433 1699 3490 De
1709 3429 1783 3488 omui·

132 3516 207 3586 gium
219 3515 349 3570 uolumus
361 3529 536 3580 conservare,
546 3522 574 3569 et
588 3514 761 3570 obaudiendo
775 3513 854 3571 vobis
867 3531 932 3588 pon·
989 3523 1050 3593 irus,
1074 3520 1108 3578 de
1124 3520 1224 3594 quibus
1242 3518 1430 3587 accusabatur,
1447 3515 1561 3589 judicia
1579 3527 1658 3578 certa
1674 3517 1781 3594 synodus

131 3592 201 3658 tisici
224 3600 381 3672 apostolicas
404 3600 477 3656 sedis
499 3600 652 3672 dependere
671 3601 701 3656 in
717 3601 838 3673 primatu
860 3601 931 3659 beati

131 3689 205 3744 Petri
221 3688 409 3760 apostolorum
428 3687 572 3760 principis,
588 3687 701 3744 Domini
712 3704 778 3744 uoce
794 3697 931 3762 percepto,

131 3776 216 3852 qnod,
238 3777 362 3835 Ecclesia
376 3776 569 3848 subsequente,
596 3776 685 3832 tenuit
699 3792 806 3847 semper
829 3785 856 3833 et
869 3778 933 3833 reti·

130 3875 197 3923 net:
214 3865 287 3923 sicut
304 3873 332 3921 et
355 3864 442 3921 sancti
462 3879 580 3920 canones
594 3872 620 3920 ct
635 3880 717 3920 saorae
741 3865 813 3936 leges
826 3882 841 3921 a
854 3864 932 3922 Cbri·
989 3889 1078 3930 rnores
1093 3874 1170 3947 regni
1184 3874 1284 3944 nostri,
1301 3872 1359 3946 ojus
1373 3870 1578 3944 improbabiles
1590 3872 1782 3949 sciurorum

130 3955 228 4010 stianis
244 3952 455 4026 imperatoribus
471 3954 650 4027 promulgata
665 3952 754 4009 eidem
766 3953 861 4026 primas
874 3955 933 4011 sedi
990 3960 1029 4018 les
1040 3979 1130 4020 mores
1142 3969 1169 4019 et
1181 3970 1261 4022 actus
1273 3978 1336 4019 cum
1351 3959 1443 4017 labore
1456 3960 1587 4019 maximo
1602 3963 1778 4021 sustinuimus.

130 4043 293 4113 deferentes,
318 4044 527 4112 demonstrant;
553 4050 581 4099 et
604 4042 676 4100 sicut
701 4042 878 4114 decessores,
901 4062 933 4104 ec
988 4036 1160 4128 Quapropter
1174 4057 1208 4114 dp
1223 4057 1273 4113 iiio
1288 4063 1379 4112 vestra
1399 4053 1574 4128 poniificaiir
1588 4057 1781 4126 appropiare

130 4131 342 4205 predecessores
357 4133 446 4190 nostri
461 4132 550 4191 eidem
565 4140 665 4190 sanctae
686 4132 744 4190 sedi
763 4133 931 4206 detulerunt,
988 4144 1136 4215 credimus,
1152 4145 1233 4202 faciet
1243 4143 1317 4218 quod
1332 4144 1431 4217 regule
1447 4159 1536 4203 sacrm
1559 4144 1733 4215 decernuat5
1743 4156 1780 4199 scs

130 4228 158 4277 et
181 4229 273 4277 vestra
297 4221 449 4294 paternitas
471 4221 511 4278 sic
537 4220 662 4277 debiturn
695 4220 828 4280 honorem
853 4224 933 4282 nobis
989 4233 1779 4309 tamencarrissimnmreddimni‚qniaqumdidprrriim

130 4308 283 4382 exhibeat,
311 4312 382 4368 Sicut
404 4310 446 4367 sui
468 4309 641 4379 deoeSSOl'eS‚
665 4325 696 4367 80
723 4313 932 4384 praedecessores
988 4323 1017 4380 jn
1032 4325 1109 4396 pegni
1123 4324 1257 4398 sepimine
1266 4323 1482 4392 conservaverit,
1495 4321 1777 4400 &pimpiummh-
1822 4370 1824 4389 Ι

131 4397 296 4482 Christianis
319 4400 505 4457 Romanorum
525 4400 748 4474 imperatoribus,
765 4410 792 4459 et
815 4403 931 4460 Franco·
987 4416 1154 4474 prppridprrr
1167 4417 1370 4475 Hinnmarusin
1382 4416 1775 4490 snomgiminerrenbalalie

130 4509 192 4547 rum
207 4492 327 4565 regibus,
336 4492 456 4564 itemque
467 4491 652 4548 Romanorum
667 4498 695 4547 et
705 4492 872 4549 Francorum
881 4493 930 4550 im·
984 4505 1030 4564 cdi
1052 4507 1248 4576 concepimus,
1275 4506 1403 4580 quamvis
1426 4522 1482 4564 110„
1503 4517 1662 4579 mmm,
1685 4506 1774 4584 pind

130 4582 313 4653 peratoribus,
322 4579 542 4653 progenitoribus
552 4579 654 4636 nostris
667 4579 863 4638 exhibuerunt.
873 4580 928 4639 Cre·
984 4595 1097 4669 inguim,
1112 4605 1144 4655 ur
1157 4599 1314 4671 quicunque
1333 4597 1368 4655 dg
1382 4595 1503 4667 opificis,
1516 4605 1550 4656 eg
1562 4599 1602 4658 gg
1616 4599 1723 4659 mppr,
1732 4595 1772 4670 *a

130 4673 220 4725 terum
231 4671 299 4727 tales
305 4670 422 4737 litteras,
435 4676 462 4725 et
474 4676 566 4725 vestro
576 4668 733 4724 ministerio
746 4669 928 4742 incongruae·
982 4686 1069 4760 300915
1086 4686 1276 4743 gaudimari,
1300 4702 1411 4760 pergem
1424 4686 1523 4756 piper,
1538 4687 1685 4747 gangim
1699 4686 1769 4745 qm.

130 4767 181 4826 tes,
197 4766 224 4815 et
237 4767 337 4816 nostra
352 4759 432 4832 regim
449 4757 578 4832 dignitati
592 4774 624 4815 ac
646 4758 774 4830 potestati
794 4759 927 4817 inconve·
982 4781 1033 4832 reg,
1051 4774 1242 4833 vgngrabqem
1253 4774 1372 4847 denique
1382 4773 1550 4847 perardum,
1560 4793 1650 4853 qm
1662 4778 1767 4838 dem

130 4850 247 4919 nicetes,
273 4848 345 4907 sieut
359 4848 439 4904 nobis
453 4863 488 4904 ex
509 4853 600 4903 vestro
625 4845 739 4902 nomine
760 4845 926 4920 diriguntur,
982 4862 1059 4936 preb,
1072 4863 1234 4936 mermpoqs
1247 4863 1368 4922 gedippa,
1391 4863 1567 4924 Turonensis
1589 4868 1623 4925 j„
1636 4867 1767 4927 emp.

129 4955 216 4997 nona
239 4939 318 4997 vobis
341 4954 429 5012 neque
454 4945 577 4994 asancta
601 4936 722 4992 Romana
745 4936 869 4994 Ecclesia
898 4941 927 4996 in
981 4952 1383 5025 riegirbapiirarum‚10nspm
1402 4960 1430 5010 di
1449 4955 1765 5032 nutritum,0mgr.

129 5028 260 5087 omnibus
274 5045 381 5102 semper
400 5025 596 5085 discretissima
610 5031 692 5098 atque
711 5026 869 5084 cautissima
887 5029 927 5085 di·
981 5045 1059 5117 gpiog
1082 5043 1181 5116 gradus
1206 5043 1240 5101 ad
1265 5043 1391 5101 0fdin0m
1419 5042 1602 5121 ppimpggu,
1628 5052 1762 5124 mm

128 5129 215 5183 statas
238 5124 412 5193 crediderim,
433 5122 564 5197 quoniam
581 5123 640 5196 ipsa
663 5130 756 5180 sancta
770 5122 846 5181 sedes
864 5140 926 5182 cum
981 5133 1035 5189 sihi
1058 5131 1227 5189 incardinari
1251 5131 1383 5206 deposcit,
1396 5148 1537 5210 quemque
1551 5128 1772 5212 summi,

29 5276 33 5283 ,
128 5214 307 5272 modestiaet
330 5214 495 5273 discretione
514 5228 621 5284 semper
644 5211 791 5285 corripere,
812 5214 926 5272 etsalu-
980 5231 1021 5280 ins
1042 5222 1123 5280 nobis
1137 5221 1378 5293 incardinandum,
1402 5228 1431 5278 aa
1442 5220 1503 5297 jam
1518 5225 1543 5283 pi
1559 5225 1644 5285 100„
1662 5218 1759 5283 mus

127 5294 214 5360 briter
226 5305 363 5378 corrigere
384 5303 536 5362 secundum
551 5299 769 5376 uniuscujusque
783 5317 925 5375 personam
979 5313 1010 5371 irr
1024 5313 1126 5373 nostris
1139 5313 1308 5388 regionibus,
1321 5313 1352 5372 in
1362 5315 1512 5390 metropoli
1520 5312 1757 5383 uenumdatis*

125 5402 153 5450 et
177 5393 303 5452 ordinem
322 5394 403 5451 solita
427 5391 489 5449 fnit.
510 5390 621 5448 Servate
639 5407 703 5464 ergo
721 5398 821 5448 nostrae
845 5393 926 5464 regiae
979 5404 1026 5462 prii
1051 5402 1183 5463 hirpinus
1207 5403 1351 5464 poderim
1372 5412 1521 5465 dmm
1545 5414 1669 5485 m
1692 5402 1756 5463 ω
1820 5386 1824 5442 l

124 5483 348 5556 potestatique
368 5490 462 5539 nostra
481 5489 556 5553 sunt,
572 5489 600 5537 et
614 5480 695 5539 liceat
714 5481 794 5539 nobis
818 5498 926 5539 seruare
979 5499 1056 5558 locus
1068 5499 1628 5577 oenmwhmfflgm,
1641 5491 1755 5559 ἰῇ
1817 5480 1824 5535 l

122 5578 219 5629 vestra
235 5570 388 5644 pontificali
405 5570 575 5639 auctoritati,
588 5585 648 5642 qna
659 5578 750 5625 vestra
765 5576 839 5628 sunt.
854 5568 925 5629 Scri·
979 5589 1141 5663 regulariter
1163 5588 1454 5667 {mmm
1467 5588 1527 5669 p„
1543 5596 1641 5653 m
1656 5584 1755 5661 ψ
1819 5639 1824 5661 1

127 5707 135 5731 b

989 3610 1173 3669 determinare
1187 3623 1243 3663 non
1260 3604 1360 3680 potuit.
1376 3605 1584 3665 Verumtamen
1600 3608 1633 3666 in
1647 3608 1689 3666 liis
1701 3609 1781 3682 gestis

989 3715 1048 3773 que
1063 3705 1161 3754 vestrae
1174 3693 1332 3751 auctoritati
1349 3692 1508 3763 mittuntur,
1531 3710 1701 3770 cognoscere
1715 3705 1782 3770 pete·

989 3787 1051 3844 ritis
1065 3802 1148 3859 quam
1162 3786 1272 3844 diutino
1286 3792 1419 3858 tempore,
1436 3799 1487 3840 nos
1504 3792 1537 3841 ss
1559 3786 1687 3862 episcopi
1699 3794 1727 3845 ct
1736 3785 1781 3860 pri·
