3834 6136
154 226 204 281 763

813 219 966 277 dennuni
989 217 1152 276 nonnum

1759 220 1808 279 itt

151 349 236 405 lidum
252 347 307 402 duo
321 346 404 402 etiam
419 345 559 418 areliqais
577 345 745 402 dissentiunt
764 345 790 400 in
803 346 889 428 priori
902 363 949 402 au·
963 354 988 412 Α
1003 347 1081 418 ptius,
1094 361 1204 426 sensum
1218 345 1342 411 invertit,
1355 343 1450 425 milites
1464 360 1525 397 aero
1539 343 1620 425 filios,
1641 349 1696 398 etc.
1709 344 1750 398 lm
1787 362 1808 401 r·

151 419 336 485 nuntiatione,
353 419 419 500 dum
434 435 484 499 pro
499 436 556 474 euin
573 419 745 488 inpentnoaa
757 420 949 489 attrectarunt
1004 419 1073 476 lecta
1089 425 1172 474 etiam
1196 424 1238 473 est
1254 416 1389 472 Munerati
1416 422 1573 475 contructis
1602 431 1631 470 m
1661 414 1729 482 fine,
1765 433 1806 474 um

152 508 187 547 ex
203 491 299 546 Adone
310 490 455 560 descripsit
469 489 618 558 Usuardus,
637 489 687 562 ipsi
698 489 870 548 emendatius
883 508 950 563 quo-

151 561 299 624 daminodo
315 578 414 632 ponere
429 562 586 630 voluerunt,
600 579 659 617 enin
672 562 770 633 ingenti
780 579 846 619 saec
858 563 948 631 ligato.

152 634 254 696 Holau.
270 641 374 702 antem,
390 633 521 694 omittens
535 633 699 706 particulam
717 639 740 688 et
754 633 827 691 iuter
849 651 910 692 aero
925 642 952 691 et

1003 490 1135 548 omittens
1151 490 1231 545 eiilcin
1246 489 1327 562 officia
1352 486 1399 543 auh
1419 486 1690 552 obsicianensium
1706 485 1806 551 hebet;

1004 562 1073 616 unde
1088 561 1255 625 renuntians,
1273 532 1434 630 misicasiana
1456 559 1633 630 triumphum,
1649 567 1707 638 cto,
1723 559 1806 635 Huiu-

1005 633 1066 703 eia,
1080 631 1253 700 renuncians,
1263 630 1380 703 optinere
1393 637 1420 687 et
1431 630 1460 689 id
1471 646 1558 708 genus
1568 629 1805 707 alianegligiinns.

829 754 1131 815 CESERVATIONES.

188 858 253 925 Quae
265 874 275 914 1
288 856 459 925 Decembris,
474 855 617 912 occasione
628 854 798 927 Chrysanthi
812 863 838 910 et
852 856 951 923 baria,

152 947 168 987 a
186 930 267 986 nohis
281 929 425 987 observata
439 928 561 995 fuerunt,
573 927 607 985 ad
619 927 701 985 hosce
716 935 851 999 martyres
871 927 950 983 Clau-

152 1002 235 1066 dium,
263 1001 411 1066 Hilarium,
427 1001 560 1066 Jusonein,
591 1001 716 1057 Maurum
745 1009 772 1056 et
798 1013 952 1080 anonymos

152 1073 254 1129 militas
267 1072 415 1153 pertinent,
427 1071 485 1142 qui,
503 1079 533 1127 at
548 1071 585 1126 lbi
602 1070 783 1137 ostendimus,
805 1069 833 1128 in
847 1069 950 1126 Hiera-

151 1144 292 1218 nymiams
308 1159 403 1198 omnes
414 1160 454 1199 xri
469 1142 585 1212 Augusti
601 1150 752 1213 ponuntur,
769 1157 865 1198 eorum
882 1158 949 1198 non·

153 1215 236 1270 nullis
246 1231 314 1269 xxiii
322 1213 486 1269 Novembris
497 1213 523 1269 iii
536 1213 633 1270 iisdem
641 1214 804 1294 apographis
815 1211 946 1283 repetitis.

151 1285 275 1352 Quatuor
289 1286 374 1340 nostri
406 1302 469 1340 cum
494 1285 631 1340 militibus
655 1287 711 1339 illis
725 1285 896 1365 septuaginta
909 1285 949 1344 sie

170 1358 271 1413 rimuin
283 1357 336 1413 hoo
353 1357 426 1413 diua
449 1359 571 1413 hainaco
588 1374 671 1427 pario
689 1357 842 1428 consignati
859 1363 945 1411 sunt:

150 1373 250 1495 dassia,
267 1429 376 1485 Claudii
391 1428 500 1494 tribuni,
517 1434 539 1483 st
553 1428 666 1484 Hilurica
682 1429 774 1483 uaeris
789 1428 855 1496 ejus,
866 1429 949 1483 etlu-

150 1502 221 1555 iouis
236 1507 260 1555 et
272 1500 375 1566 Mauri,
390 1506 414 1555 et
434 1517 489 1556 ixx
502 1498 618 1557 rnilitum
632 1500 679 1555 iud
693 1501 865 1556 Numeriano.
882 1498 949 1555 nit-

150 1570 239 1629 iusius
249 1582 290 1629 est
302 1571 407 1628 Adonis
416 1572 547 1641 elogium,
557 1588 593 1628 ex
606 1588 660 1644 quo
671 1579 795 1627 nostrum
809 1570 948 1628 contraxit

150 1642 300 1700 Usuardus.
329 1644 408 1700 Hisce
423 1642 530 1699 diutins
545 1660 600 1699 nori
620 1643 751 1709 iiihaereu,
773 1659 836 1697 nam
851 1650 948 1714 praeter

150 1712 268 1771 dictade
281 1712 459 1787 Chrysantho
475 1713 674 1771 atltarianihil
690 1714 893 1771 observaudnin
903 1730 947 1770 an·

149 1792 251 1856 peresi.

187 1856 333 1911 Casuunns
356 1855 518 1927 Tingitanae
534 1855 562 1910 iii
577 1855 707 1912 omnibus
722 1855 947 1927 hieronymianis

1006 853 1181 922 Viennensis,
1192 860 1221 908 at
1231 850 1293 926 quii
1303 851 1326 908 is
1336 849 1422 911 faerit
1431 848 1502 909 mihi
1516 865 1574 908 non
1585 849 1677 925 liquet
1687 869 1695 921 ;
1707 860 1806 915 winsi

1005 934 1071 1007 puto
1086 941 1149 981 eum
1162 926 1232 981 Acta
1248 940 1303 980 uon
1327 921 1441 989 vidisse,
1459 938 1522 980 cuin
1539 923 1625 996 paulo
1640 920 1765 986 'e'uniui
1776 925 1806 989 dn

1004 997 1053 1052 illo
1069 997 1109 1051 sic
1137 995 1321 1067 pronuntiet:
1358 994 1444 1063 Tingi,
1472 994 1612 1065 metropoli
1665 996 1806 1059 carituris

1008 1069 1163 1138 Tingitana,
1193 1067 1278 1123 sicali
1294 1065 1391 1126 sanctii
1404 1065 1530 1124 Cassiani
1545 1066 1674 1137 niurtpris
1689 1068 1806 1142 punias,

1004 1140 1087 1197 Plura
1102 1140 1131 1195 iu
1146 1139 1273 1195 notitiain
1288 1137 1416 1205 Usnardi,
1428 1136 1485 1194 imo
1496 1137 1565 1193 Acta
1578 1137 1637 1208 ipse
1652 1139 1806 1219 pervenisse

1004 1218 1179 1277 amessian,
1195 1208 1346 1282 exquibus
1372 1208 1535 1281 praeclarum
1552 1224 1716 1269 encomium
1739 1228 1806 1271 cum·

1004 1283 1105 1355 posuit,
1120 1282 1154 1337 de
1183 1297 1238 1354 quo
1262 1296 1347 1352 supra
1362 1280 1391 1339 iii
1412 1279 1603 1338 Variantibus.
1622 1280 1723 1343 Brevia
1734 1293 1803 1352 sunt,

1003 1354 1048 1411 sed
1065 1353 1186 1423 insignia
1211 1360 1239 1408 et
1263 1351 1393 1422 genuina,
1413 1350 1544 1424 diemque
1568 1353 1706 1423 passionis
1734 1355 1805 1415 cinis

1003 1426 1163 1496 exprimunt
1194 1421 1304 1478 laudata
1330 1424 1409 1490 Acta,
1448 1438 1508 1494 quae
1536 1422 1611 1477 iuter
1639 1422 1749 1484 Sincera
1776 1434 1804 1485 et

1002 1498 1102 1554 selecta
1121 1495 1220 1564 edidit,
1243 1510 1275 1553 ac
1291 1495 1393 1566 pieria
1415 1493 1608 1553 adiuouitione
1629 1495 1805 1570 uotisqnail-

1003 1567 1132 1626 lustravit
1160 1566 1319 1627 Ruinartius
1340 1581 1356 1623 a
1378 1581 1395 1637 p
1433 1609 1439 1621 .
1462 1563 1523 1624 tib.
1542 1564 1587 1623 td
1609 1581 1671 1624 axx
1685 1566 1806 1631 Octobris

1001 1657 1064 1696 cum
1075 1632 1200 1697 Usaardo
1223 1637 1382 1718 censuimus
1397 1582 1560 1698 &asianum
1577 1645 1719 1718 nostrum,
1735 1655 1805 1699 ceca·

1001 1711 1079 1768 sione
1090 1710 1193 1791 iniqua
1207 1716 1362 1776 mutantia,
1388 1709 1417 1768 iu
1432 1708 1594 1767 Marcellum
1621 1707 1746 1779 dionae,
1760 1727 1804 1771 en

1001 1783 1068 1839 litus
1081 1782 1258 1852 inspiratum,
1280 1790 1400 1853 tuncque
1419 1780 1454 1838 ad
1470 1779 1553 1837 tidem
1565 1778 1676 1861 Christi
1690 1781 1804 1854 primam

1000 1870 1176 1922 conversum,
1197 1853 1307 1909 tament
1322 1851 1430 1911 dubitet
1453 1851 1654 1912 tillemontius
1677 1853 1802 1922 tomolV,

149 1925 251 1981 diserte
266 1928 390 1997 ponitur,
411 1926 546 1998 quidquid
571 1926 699 1983 noiiuihil
716 1928 842 1983 luxatum
858 1934 884 1982 at
898 1925 946 1983 ds·
963 1937 986 1996 Β
1001 1941 1061 1996 pag.
1078 1925 1141 1983 577.
1154 1924 1374 1986 Notissimasest
1384 1922 1529 1984 Prudentii
1544 1922 1580 1982 de
1593 1921 1738 1999 Cassiano,
1752 1940 1804 1983 ier·

149 2005 293 2067 pravatuui
309 1998 347 2053 sit
371 2013 482 2064 nomen,
505 2005 565 2052 tum
591 1998 689 2064 sancti,
705 2005 763 2054 tum
779 1997 833 2054 loci
847 1997 876 2055 iii
890 2014 945 2070 quo
1001 1996 1126 2054 siculus:

149 2083 244 2139 passus
259 2075 309 2123 est.
330 2067 546 2125 Distinctissime
570 2069 636 2149 legit
664 2069 805 2138 exemplar
823 2068 946 2126 Lucense

148 2153 197 2192 seii
211 2140 298 2196 saneti
314 2139 511 2221 wandregisili
525 2159 530 2196 :
548 2141 584 2196 lit
596 2157 626 2195 in
640 2141 715 2210 linui
727 2141 858 2197 Cerauni.
876 2141 947 2199 Hinc

149 2211 243 2281 procul
261 2210 346 2265 dubio
360 2220 466 2283 acecpit
483 2211 619 2280 Rabanus,
632 2213 679 2267 sed
695 2212 728 2267 de
744 2228 793 2267 suo
805 2228 947 2285 perperain

148 2279 250 2351 adjecit
263 2283 375 2337 titulum
399 2283 552 2353 presbyteri.
570 2283 600 2338 ln
618 2286 739 2341 {lornano
757 2300 852 2354 pario,
874 2284 948 2341 Roda

148 2352 283 2407 antFloro
295 2353 340 2408 hie
352 2352 498 2409 Cassianus
513 2361 594 2410 uatus
605 2371 660 2410 nou
672 2363 722 2410 est.
736 2357 850 2413 Fontem
861 2356 948 2415 aliuitt

1182 2093 1287 2156 lugeret
1303 2092 1396 2154 Tingis
1418 2107 1464 2141 sus
1475 2093 1641 2143 Cassianum.

1037 2193 1255 2252 wandalbertus
1278 2197 1312 2255 ad
1328 2196 1432 2254 Veram
1456 2203 1482 2253 et
1503 2193 1653 2265 Securum,
1669 2192 1801 2256 hesternos

1001 2266 1149 2323 Africanos
1166 2274 1311 2342 martyres,
1326 2268 1467 2336 alludens,
1482 2269 1523 2328 sic
1533 2266 1593 2330 illis
1606 2265 1693 2329 hodie
1707 2266 1800 2332 essu

1003 2355 1070 2395 num
1086 2338 1232 2413 subjungit
1248 2357 1253 2396 :

148 2436 230 2495 quam
243 2423 460 2496 hieronymiana
474 2424 602 2486 habuisse
622 2425 731 2482 videtur
746 2429 950 2500 martyrologis
1001 2436 1180 2500 Cassiaucqus
1201 2435 1292 2488 ecdem
1315 2436 1429 2500 (tinent
1444 2435 1507 2491 libii
1528 2438 1579 2494 iu'i
1592 2445 1707 2501 martyra
1718 2437 1796 2492 urin.

877 2554 1068 2617 AUC'l'AlllA.

183 2650 317 2719 Tainia,
339 2651 368 2705 in
381 2653 470 2724 prima
484 2653 695 2709 annuntiatione
709 2655 790 2725 plane
802 2669 897 2730 purus,
915 2654 944 2708 in

147 2721 265 2780 secundi
281 2732 383 2779 resecat
394 2731 483 2778 totuin
499 2724 621 2781 Cassiani
635 2725 764 2796 elogium.

183 2795 428 2863 Aurunca-blas,
445 2794 473 2849 in
502 2804 580 2851 textu
605 2812 660 2850 nou
684 2796 751 2851 satis
775 2796 942 2868 castigatus3

146 2864 223 2920 addlt
236 2865 269 2923 ad
281 2865 384 2920 calcem
398 2884 403 2922 i
428 2867 515 2922 «Item
528 2867 665 2938 depositio
676 2867 763 2923 saneti
778 2867 865 2922 Biriiii
880 2885 943 2924 eon·

144 2934 265 2991 sessoris.
284 2962 292 2983 ι
316 2937 392 2991 Patet
410 2947 588 3005 anguiculum
601 2939 759 3009 Anglioum,
775 2939 803 2993 iu
817 2940 943 3010 sequenti

144 3008 239 3064 codice
251 3008 336 3082 magis
355 3024 397 3063 ain
422 3007 565 3064 lidcatum.

179 3080 347 3136 Rosciana:
368 3104 377 3126 ‹
408 3090 508 3136 eritana
526 3081 649 3150 civitate,
659 3080 878 3137 Occidentalium
890 3081 944 3137 Sa-

143 3165 248 3208 xonum
267 3159 354 3207 iiietro
375 3152 424 3220 oli,
446 3153 532 3207 sancti
551 3153 637 3208 llirini
666 3153 797 3226 episcopi,
813 3153 860 3224 qui
880 3154 943 3224 pri-

142 3236 204 3276 mus
228 3222 265 3278 ibi
293 3168 453 3297 predicavit
470 3224 572 3280 Christi
597 3226 811 3296 Evangelium.=
833 3225 864 3279 lu
884 3233 942 3282 toto

141 3298 220 3352 textu
238 3294 391 3353 Usuardino
412 3312 497 3369 purus
509 3305 559 3351 est.

177 3364 330 3422 Persicas.
356 3367 450 3422 ambas
472 3369 699 3427 annuntiationes
723 3368 890 3440 transponit,
914 3374 942 3423 et

1000 2653 1076 2709 siano
1087 2668 1172 2724 purus
1191 2659 1232 2706 cst
1247 2650 1344 2708 codex.
1357 2652 1388 2708 ln
1404 2651 1459 2710 iius
1473 2650 1586 2712 denium
1601 2651 1740 2713 adamat:
1757 2653 1798 2712 «lt

999 2729 1042 2780 Au
1063 2725 1110 2791 lin,
1126 2723 1213 2780 saneti
1230 2723 1317 2779 llirini
1329 2724 1452 2795 episcopi
1466 2733 1493 2780 et
1508 2724 1690 2784 centenarii.
1709 2749 1719 2777 i

1034 2741 1179 2853 litorariis.
1196 2803 1223 2850 et
1238 2797 1306 2852 Rau.
1322 2795 1404 2851 Suae.
1425 2812 1491 2851 num
1509 2795 1578 2854 iat:
1603 2820 1612 2849 ι
1627 2796 1698 2856 inm
1710 2795 1797 2857 natalis

999 2875 1099 2923 sanctae
1114 2867 1248 2938 Crispinus
1261 2865 1378 2938 virginis
1395 2874 1421 2922 et
1438 2865 1573 2938 praetiosae
1593 2867 1738 2938 martyrii,
1756 2866 1797 2927 ul

998 2939 1171 2994 Diocletiano
1194 2938 1391 3010 imperatore.»
1420 2940 1451 2994 lii
1479 2938 1712 3010 hieronymianis
1727 2938 1797 2998 hedit

998 3011 1033 3064 ali
1056 3026 1091 3064 na
1109 3011 1170 3065 Cris
1191 3011 1237 3064 ina
1257 3019 1308 3076 est,
1330 3009 1378 3066 scd
1391 3009 1456 3067 vide
1471 3009 1575 3081 ipsa,v
1596 3009 1797 3077 henacensi

998 3025 1093 3137 eodem
1105 3081 1149 3137 die
1170 3028 1336 3137 iisuardum.

1032 3153 1490 3210 Marma-Caurus.-Ucrnirscn:
1524 3152 1662 3211 «Claudii
1689 3152 1794 3218 tribuni.

996 3239 1060 3280 cum
1083 3223 1166 3279 sociis
1189 3239 1244 3279 ixx
1267 3224 1402 3280 militis.»
1424 3224 1523 3280 Mallus
1545 3224 1649 3294 legeret
1665 3225 1794 3284 iiiititiliii.

997 3296 1094 3350 Nescio
1119 3311 1169 3351 our
1203 3311 1274 3350 uxor
1306 3303 1333 3350 et
1358 3295 1409 3350 lilii
1436 3295 1613 3354 omittantur.
1644 3295 1793 3367 Sequitur:

997 3366 1109 3435 Eloquii
1124 3367 1235 3422 abbatis.
1251 3366 1322 3422 Vide
1336 3366 1533 3424 Castellauuin.

138 3435 173 3490 ab
185 3443 300 3511 utraque
315 3439 403 3521 elogia
419 3439 561 3495 rescindit.
764 3497 766 3500 ,
1033 3438 1168 3493 Variana.
1184 3438 1235 3493 sub
1250 3455 1326 3493 nuni.
1341 3439 1411 3495 59i9
1422 3438 1533 3516 adjicit:
1558 3462 1567 3489 ι
1584 3437 1682 3497 Natnle
1697 3446 1794 3499 noth·

175 3507 279 3567 torris.
296 3508 429 3566 deficitin
445 3512 533 3582 elogio
554 3511 672 3567 Claudii.
955 3511 1054 3570 Crum
1069 3508 1180 3572 Cratini,
1195 3510 1311 3581 Septimi
1336 3518 1363 3566 et
1384 3509 1522 3575 Qnineeli,
1550 3509 1581 3566 iii
1604 3509 1631 3567 S.
1659 3510 1695 3567 So
1715 3510 1788 3569 bit.-

174 3577 332 3635 Cauruiau.
347 3597 352 3633 ε
371 3581 492 3654 ‹'lyngi,
505 3584 649 3662 metropoli
662 3581 833 3637 Mauritaniae
842 3579 937 3649 Tingi·
1028 3581 1183 3636 Luxovium
1198 3599 1203 3636 :
1223 3581 1384 3652 ‹Depositio
1399 3582 1487 3637 sancti
1500 3581 1619 3639 Firmlni
1639 3581 1676 3638 V'
1712 3596 1790 3639 nuan-

138 3654 220 3714 tanae,
247 3648 346 3728 natalis
366 3651 453 3709 sancti
482 3651 615 3715 Cassiani,
640 3653 687 3728 qui
703 3651 840 3706 exactoris
854 3667 936 3718 sper·
991 3649 1028 3705 sis
1043 3652 1200 3743 episcopi.»
1223 3653 1272 3707 Est
1287 3652 1425 3725 Septimus
1447 3651 1545 3708 ordine
1559 3651 1635 3724 apud
1654 3652 1793 3709 Summar-

138 3732 206 3772 nens
238 3717 380 3785 officium,
414 3736 463 3793 pro
505 3722 676 3777 conlcssione
713 3721 816 3778 Christi
851 3721 937 3777 subiit
991 3721 1100 3778 thanus.
1126 3724 1298 3780 Castellanus
1320 3740 1383 3778 eum
1411 3723 1483 3779 intur
1506 3723 1793 3791 concussionis

139 3787 314 3861 martyrium.
345 3791 447 3852 ilomae,
472 3800 629 3847 sauctorum
658 3799 809 3861 martyrum
826 3791 936 3847 Claudii
990 3792 1035 3847 die
1049 3802 1183 3862 carentes,
1197 3795 1320 3864 reposuit
1336 3811 1396 3866 pag.
1413 3794 1475 3852 783.

137 3858 618 3931 tribuni,etuxorisejnshilnriae,
642 3861 804 3919 etsiliorum
827 3862 935 3919 tasonis
1025 3863 1119 3920 Editio
1144 3865 1332 3922 Lucano-Coi.
1361 3866 1490 3942 incipit:
1534 3891 1543 3919 s
1573 3867 1705 3926 Reversis
1727 3867 1792 3926 beati

136 3937 163 3982 et
179 3930 263 3984 Mauri
279 3939 306 3984 et
321 3931 442 3985 militum
455 3932 635 4003 septuaginta,
671 3933 699 3987 ui
713 3932 848 3988 ornnesad
868 3950 934 4005 prae·
988 3934 1122 3991 iohannis
1148 3938 1265 4007 apostoli
1285 3938 1318 3993 ab
1341 3937 1427 3998 axilio
1451 3937 1596 4003 Puthmos,
1622 3949 1685 4010 post
1706 3954 1792 3996 neceni

136 3998 394 4082 dicatioiiemlbeati
412 4001 549 4082 Chrisaiiti
576 3949 752 4062 crediderunt
772 4004 934 4073 Christo‚et
987 4006 1143 4062 Domieiani
1168 4009 1352 4078 imperatoris.
1381 4035 1391 4058 s
1421 4010 1451 4066 ln
1477 4011 1650 4081 martyribus
1665 4011 1790 4072 Romanii

137 4071 188 4125 suli
201 4072 369 4127 Numeriano
380 4089 451 4143 passi
464 4083 557 4129 sunt·
987 4079 1116 4134 nonnihil
1133 4079 1297 4151 interpolata
1316 4086 1368 4143 ost,
1392 4096 1459 4151 pura
1478 4081 1506 4136 iii
1522 4080 1666 4138 Cmsisno.
1691 4082 1790 4140 Addit:

171 4142 352 4222 Basienisa.
370 4145 469 4215 incipit
486 4163 491 4199 :
512 4147 620 4227 Agnetis
635 4147 763 4201 scoiindui.
784 4147 854 4204 Vide
872 4147 932 4203 Hie·
994 4150 1119 4205 ·Eodem
1133 4150 1187 4216 die,
1201 4151 1287 4205 saneti
1304 4152 1409 4216 Birgiui
1419 4152 1539 4223 episcopi
1554 4161 1583 4211 et
1592 4154 1786 4210 confessoris·

135 4230 297 4284 rouymiana
320 4215 365 4271 die
381 4217 554 4286 precedenti,
577 4218 623 4271 ulii
646 4221 770 4288 Apnetein
787 4229 813 4274 et
830 4220 932 4275 Secun-
987 4219 1058 4276 Vide
1080 4238 1162 4301 supra
1184 4222 1411 4277 duranum-Mai.
1429 4232 1456 4277 et
1483 4225 1633 4280 nors-sia.
1656 4226 1788 4287 neuun:

134 4284 194 4343 duni
208 4301 255 4345 seii
271 4288 428 4353 Secundum,
445 4289 507 4343 aliis
529 4289 632 4346 iiiirnist
643 4307 664 4343 is
679 4290 813 4346 inieuies.
830 4290 932 4362 Sequi·
993 4293 1028 4346 «Ι
1049 4309 1079 4346 so
1095 4293 1150 4359 die,
1167 4292 1254 4348 sancti
1269 4293 1403 4348 Osmundi
1420 4294 1540 4366 episcopi
1555 4295 1785 4353 etooniessoris.·

133 4362 178 4437 tur
193 4357 225 4411 de
241 4358 381 4427 Cassiano,
393 4368 533 4442 utcunque
544 4377 619 4432 pure.
632 4361 719 4441 Vsum:
741 4363 931 4440 ‹lnNyoumo
985 4308 1056 4417 vide
1073 4365 1224 4420 llomsuum
1236 4364 1280 4419 die
1295 4365 1433 4437 sequenti.

133 4426 187 4494 dia,
213 4437 369 4509 narratorum
397 4432 511 4499 Merobi,
543 4432 651 4491 Claudii
680 4440 707 4488 et
731 4434 867 4493 Felicia·
899 4434 929 4489 ln
1020 4434 1168 4493 Cassian:
1191 4436 1790 4500 ‹Reversiodeexiliobeatiioanniatvttt·

133 4496 248 4559 Claudio
266 4510 293 4559 st
305 4502 463 4562 sociissatis
484 4521 569 4577 purus
583 4511 633 4564 est.
648 4505 734 4565 Dein:
759 4506 813 4565 «ln
826 4505 929 4573 Africa,
985 4506 1098 4576 galisto,
1116 4514 1178 4581 post
1196 4523 1289 4565 necem
1312 4507 1477 4567 comiciam.
1503 4509 1533 4568 ln
1551 4507 1790 4581 cristanheidi

132 4578 291 4652 sanctarum
306 4574 420 4647 Magnae,
436 4575 580 4641 Jobauiiis,
603 4575 746 4655 Stephani,
767 4576 888 4631 Victoris
903 4583 930 4633 et
983 4583 1010 4631 ct
1027 4576 1210 4634 Waudellridi
1227 4585 1389 4650 martyrum.
1407 4581 1437 4639 ln
1461 4578 1593 4650 Aphrloa‚
1610 4581 1712 4637 natalis
1724 4595 1790 4636 san-

131 4640 252 4701 Martini.
264 4644 349 4719 'Apud
371 4646 532 4714 Bononiam,
562 4646 678 4702 elevatio
702 4647 789 4702 sancti
805 4647 928 4718 Agricoli
983 4654 1090 4704 ctoruui
1105 4648 1236 4720 Crispini,
1258 4650 1371 4721 linguis,
1389 4650 1512 4716 ioannis,
1530 4651 1677 4723 Stephani,
1691 4651 1790 4708 Victo-

132 4712 295 4791 mnrtyris.·
318 4714 402 4768 Totus
418 4716 567 4771 laterculus
587 4718 811 4789 hieronymianis
826 4718 928 4774 innotis
982 4719 1031 4785 ris,
1056 4719 1178 4776 Martini.
1208 4721 1239 4776 In
1263 4721 1398 4787 Bononia,
1423 4728 1584 4781 sauctorum
1603 4722 1741 4795 Agricola
1762 4729 1789 4782 el

131 4789 297 4836 intertextus
307 4793 357 4838 est.
373 4785 441 4840 Tum
455 4803 518 4841 vero
532 4806 537 4842 :
562 4788 779 4855 «lnBlandinio,
792 4789 927 4845 adrentus
981 4791 1115 4848 Cassiani.
1132 4791 1162 4846 lii
1187 4792 1295 4861 striglia,
1320 4792 1410 4853 Birin'i
1427 4793 1548 4865 episcopi
1563 4793 1755 4857 barcinonis.
1773 4816 1781 4847 r

130 4869 277 4934 corporum
305 4862 462 4936 sanctorum
491 4858 635 4937 bertulphi
651 4867 677 4913 et
693 4859 821 4915 Cuiluali.
841 4861 1051 4930 CujiisDVide
1067 4861 1139 4915 inira
1166 4862 1302 4918 editiones
1331 4865 1441 4919 Monuni
1467 4866 1645 4936 posteriores.
1679 4889 1689 4915 ι
1716 4863 1787 4921 Petri

129 4925 571 4984 sanctiCudualiscriniumcum
588 4945 616 4982 iii
637 4930 845 5001 Cauilavopost
866 4949 925 5003 pro·
980 4932 1191 5003 archiepiscopi.
1215 4934 1245 4988 lii
1274 4935 1427 5003 Britannia,
1456 4936 1543 4991 sancti
1561 4936 1642 4992 Lucii
1670 4935 1741 5008 regis
1763 4942 1787 4990 et

129 4996 280 5056 cessionem
296 4997 454 5065 referretur,
490 5001 682 5071 niagocrucis,
698 5002 926 5062 inclinaicvultu
981 5003 1156 5072 contessoris,
1182 5005 1370 5078 quitempore
1386 5006 1540 5069 liientberii
1575 5023 1645 5085 apae,
1663 5014 1695 5071 ut
1718 5005 1787 5071 Beda

129 5082 190 5122 eum
209 5076 337 5150 venerata
351 5016 506 5150 iiiimobdis
521 5071 631 5140 inuasit,
655 5089 743 5145 neque
758 5090 786 5128 se
806 5072 922 5135 relleiiit.
980 5075 1049 5133 dicit
1062 5073 1131 5130 libro
1146 5075 1245 5147 primo,
1262 5077 1344 5136 fidem
1356 5077 1460 5135 Christi
1475 5025 1592 5150 recepii.
1608 5079 1679 5142 item
1689 5079 1720 5135 in
1734 5081 1785 5141 An·

128 5138 195 5195 Item
208 5140 296 5195 Biriiii
313 5158 445 5213 episcopi.
465 5167 474 5189 ι
980 5147 1045 5219 glia,
1062 5149 1149 5202 sancti
1177 5147 1313 5204 Osmuudl
1332 5148 1454 5220 eplseopl
1481 5156 1508 5206 et
1535 5148 1716 5217 coiiiessorls,
1731 5147 1784 5203 vita

129 5280 135 5290 ι
164 5211 354 5292 Hsiiusoiaii,
368 5213 398 5292 iii
412 5214 500 5285 prima
515 5215 685 5285 satispiirin‚
700 5214 811 5272 subdit:
832 5217 925 5273 «ilem
979 5227 1006 5275 et
1030 5217 1225 5275 miraculorum
1245 5219 1331 5291 gloria
1356 5219 1483 5276 illustris.
1509 5220 1630 5276 Firmini
1654 5221 1746 5305 episoo
1764 5219 1781 5274 i.

127 5295 249 5362 incuria
273 5284 410 5352 Curiensi,
436 5286 520 5367 natali
548 5286 635 5345 sancti
652 5287 728 5343 Lucii
747 5287 922 5359 aurifossoris,
979 5290 1049 5346 Sola
1060 5290 1214 5362 presbyteri
1228 5299 1255 5347 ei
1270 5290 1385 5346 abbatis.
1399 5291 1514 5367 Calgani
1528 5291 1710 5352 cantamus.
1725 5235 1781 5355 liin·

127 5353 249 5435 eiu'sdem
273 5357 401 5437 apostoli,
427 5373 474 5429 qui
492 5365 603 5430 propter
617 5356 757 5414 Christum
773 5376 822 5417 siia
843 5376 925 5431 regna
978 5361 1036 5488 ἳιιίἰ
1052 5360 1168 5419 abbatis.
1184 5363 1215 5418 ln
1229 5362 1391 5444 Argentini,
1417 5370 1518 5425 sanotae
1532 5362 1634 5425 Attaiae
1658 5362 1780 5437 virginis.

128 5422 275 5493 reliquit.»
299 5428 368 5486 Vide
388 5430 551 5488 Romanum.
575 5430 850 5500 «isembrunum,
867 5448 923 5486 mo-
992 5442 1057 5501 tem,
1083 5431 1168 5489 beatae
1182 5434 1321 5505 Emerita,
1341 5433 1444 5491 sororis
1458 5433 1546 5493 mni
1575 5433 1776 5509 nouimus·

127 5493 276 5574 naslerium
296 5499 383 5554 saiicti
399 5500 541 5572 Stephani,
559 5510 660 5557 sancta
682 5502 792 5559 Achelm
808 5502 924 5573 virginis
1013 5505 1112 5561 blossu
1139 5502 1464 5579 iiiierisltsttelsiaxiai,
1525 5504 1778 5589 lmdn'pmt'fl,

125 5561 247 5632 spusduu
265 5571 421 5625 monisterii
438 5571 591 5627 abbatissae.
608 5597 616 5617 ι
633 5573 692 5628 Nori
704 5574 769 5629 satis
782 5574 922 5643 distinguo
978 5591 1012 5631 ex
1027 5576 1125 5632 Adane
1139 5576 1257 5635 inserit:
1278 5576 1465 5639 «anisium
1487 5574 1779 5641 almaniscarum

124 5646 160 5691 au
179 5632 248 5705 legat
264 5640 382 5703 Adule,
400 5642 571 5698 Castellanus
582 5643 690 5698 Aulam
710 5651 798 5700 vocat
821 5645 923 5718 Sequi·
977 5654 1051 5714 snut,
1067 5647 1214 5705 cuniculus
1235 5646 1385 5724 nunquan
1403 5644 1690 5729 band-spicati&
1702 5654 1779 5717 naen

124 5708 188 5761 tur:
212 5705 305 5763 ‹InE
326 5712 446 5767 stoneusi
461 5712 587 5784 dyocesi,
605 5714 693 5771 sancti
712 5716 768 5773 Soli
785 5716 921 5773 consesso-
976 5716 1128 5778 christiani
1152 5719 1236 5781 simul
1258 5719 1289 5777 iu
1303 5728 1392 5789 mun
1411 5716 1646 5772 uffliffl
1771 5732 1774 5737 ·

124 5774 171 5832 ris.
189 5799 199 5822 ›
221 5775 292 5833 Vide
305 5724 503 5849 desulturam,
518 5783 566 5838 abi
586 5785 663 5840 Solae
678 5784 790 5842 dieitur.
805 5789 839 5844 ln
851 5786 922 5844 Cas-
976 5796 1043 5846 runt
1066 5789 1113 5847 ils
1131 5761 1248 5849 bama.
1261 5786 1356 5860 iiam
1660 5787 1690 5853 lli
