3834 6136
843 252 995 312 USUARDI
1014 252 1173 312 Mantum
1789 251 1845 310 tta

189 387 392 459 impleverunt:
416 381 446 438 in
470 396 525 455 qno
563 386 627 436 uteo
645 394 804 452 superesse
829 387 981 451 rrienyrum
996 399 1022 458 Α
1036 380 1222 444 mulachrum,
1246 379 1342 435 relicto
1365 378 1458 435 seculo
1478 392 1541 435 curn
1556 376 1620 433 aliis
1639 393 1688 433 sex
1711 377 1841 460 ejusdem

188 465 299 515 sanctm
325 453 493 510 Athanasius
517 397 723 507 AKexandrinus
746 451 899 524 episcopus,
933 467 981 507 sex
1055 450 1168 523 ropesiti
1184 450 1253 530 viris
1269 449 1401 522 (terrifico
1416 448 1465 504 illo
1480 447 1631 530 casu'apud
1645 448 1766 506 Parisios
1784 449 1841 507 ds-

188 527 267 585 annis
280 526 437 597 incognitus
452 523 582 591 latitavit,
599 523 628 578 in
642 539 697 595 quo
709 522 769 578 loco
784 523 981 578 monasterium
1035 467 1124 578 functi
1147 520 1300 593 ouyusdam,
1323 537 1351 576 se
1375 528 1530 577 accusatum
1548 519 1716 591 judicatum,
1736 519 1841 578 deinde

188 598 274 655 sancti
290 596 436 652 Maximini
450 595 605 651 dedicatum
621 602 672 661 est,
695 593 724 648 in
738 592 818 664 cujus
833 602 930 665 crypta
952 593 981 648 in
1035 594 1119 649 etiam
1143 592 1303 648 damnatum
1327 592 1482 660 clamantis,
1511 590 1658 647 salubriter
1687 593 1844 661 exterritis,

186 670 281 726 eodem
298 675 380 740 puteo
392 667 640 740 corporaipsorum
660 672 824 736 martyrum,
848 672 913 732 etc,
934 681 982 720 re·
1033 662 1145 736 jamque
1159 663 1256 718 divino
1270 679 1363 719 amore
1374 661 1548 730 ardentibus)
1564 661 1708 718 heremum
1724 661 1846 720 Carthn·

187 740 367 814 quiescunt.»
397 737 726 818 lnCapnanispuraest.
755 735 850 791 Fidem
875 752 980 807 passam
1035 734 1093 802 siae,
1114 733 1161 790 ubi
1182 750 1231 806 per
1244 733 1272 789 id
1287 743 1396 805 tempus
1410 741 1521 790 sanctus
1536 733 1616 804 liugo
1628 732 1846 806 Gratianopoli-

186 811 235 879 ait,
246 812 293 866 sub
309 810 427 867 Deciano
439 809 552 881 praeside
566 807 769 878 Hispaniarum.
787 807 855 861 Tum
869 825 874 862 :
893 808 981 862 «ltem
1036 814 1116 862 tanus
1131 805 1274 877 episcopus
1287 807 1375 860 Derim
1390 805 1498 861 viderat
1511 803 1666 876 dignationi
1683 822 1742 861 suae
1756 805 1847 863 habi-

186 882 258 955 apud
272 884 429 953 Agendum,
447 880 586 936 civitatem
602 879 707 946 Gallia,
729 878 818 951 passio
832 880 919 933 sancti
933 878 982 934 lla·
1035 878 1157 933 taculum
1177 884 1391 944 construentem,
1415 877 1562 948 stellasque
1580 884 1684 948 septam
1710 875 1844 934 ducatum

186 953 270 1025 prasii
287 953 427 1025 martyris,
452 951 498 1025 qui
514 952 641 1021 exemplo
657 951 741 1005 beatae
763 949 839 1005 Fidis
863 948 981 1021 virginis
1035 947 1088 1003 sibi
1102 947 1210 1003 itineris
1225 956 1383 1019 praestantes
1399 949 1490 1020 (erant
1504 948 1606 1019 quippe
1628 955 1656 1004 et
1674 946 1704 1003 hi
1723 964 1845 1006 numero

205 1024 334 1092 raedictae,
348 1023 382 1080 ad
396 1022 518 1095 Agonem
535 1021 661 1093 martyrii
675 1021 813 1076 animatus
827 1028 877 1076 est.
894 1044 903 1067 ›
920 1021 980 1075 lam
1034 1022 1150 1090 septem)
1166 1019 1314 1091 ingressus,
1331 1019 1488 1075 monastica
1502 1018 1724 1075 conversationis
1762 1036 1795 1076 ro
1834 1052 1843 1062 ·

187 259 240 319 att

217 1096 310 1151 ximus
325 1095 378 1151 coli
394 1112 429 1149 xx
445 1093 582 1149 Octobris.
600 1092 631 1147 ln
645 1091 738 1173 Sagari
751 1093 817 1147 satis
838 1107 906 1162 pura
928 1099 979 1146 est.
1036 1089 1120 1146 situm
1142 1090 1208 1146 satis
1227 1089 1355 1158 arduum,
1382 1089 1544 1161 religionem
1569 1088 1701 1146 videlicet
1747 1099 1793 1147 art
1816 1109 1845 1148 u·

186 1165 334 1239 Sequitur:
371 1188 381 1211 ι
402 1164 505 1220 Eodem
521 1163 577 1230 die,
605 1172 693 1220 sancta
718 1163 815 1234 Rogati
838 1162 979 1234 martyris.
1035 1160 1168 1217 siensium
1182 1161 1304 1217 instituit
1318 1177 1391 1217 anno
1404 1161 1516 1218 Domini
1526 1176 1667 1217 mcxxxiv.
1686 1160 1794 1219 Verum
1809 1163 1845 1220 ab

186 1235 377 1305 Antisiodoro,
396 1234 483 1291 sancti
499 1234 614 1292 Romani
629 1233 749 1306 episcopi
764 1242 791 1289 et
805 1233 979 1288 contessoris.
1035 1231 1146 1288 Urbano
1162 1247 1230 1303 papa
1245 1232 1279 1298 ll,
1295 1231 1374 1303 cujus
1389 1232 1455 1288 olim
1471 1241 1621 1303 praeceptor
1631 1233 1731 1302 iuerat,
1745 1249 1844 1292 evoca-

185 1308 218 1364 ln
235 1307 336 1378 Anglia
346 1307 414 1361 villa
428 1306 579 1372 Lincolme,
592 1305 734 1360 translatio
743 1304 831 1360 sancti
847 1304 979 1376 Hugonis,
1035 1309 1091 1370 tus,
1116 1303 1229 1358 Romam
1245 1302 1320 1358 adire
1334 1310 1360 1358 et
1375 1319 1484 1359 summo
1500 1303 1628 1360 Pontifici
1653 1305 1684 1360 in
1706 1307 1844 1363 ecclesia-

186 1377 306 1459 episcopi
326 1384 354 1433 et
367 1377 541 1445 contessoris,
566 1376 679 1434 Ordinis
690 1374 883 1433 cartusiensis.
912 1376 981 1431 Item
1036 1373 1113 1430 sticis
1122 1373 1242 1445 negociis
1252 1374 1378 1431 assistere
1387 1375 1503 1445 cogitur.
1513 1375 1566 1431 Sed
1575 1374 1667 1432 Curia
1677 1392 1735 1432 non
1750 1376 1844 1434 terens

185 1449 246 1522 ipso
259 1450 316 1517 dre,
331 1449 464 1505 memoris
478 1456 634 1504 sanctornm
650 1444 866 1518 patriarcharum
888 1444 982 1501 Abra·
1035 1444 1176 1516 strepitus,
1191 1452 1282 1516 spreto
1296 1444 1532 1518 archiepiscopatu
1542 1446 1700 1518 Reginensi,
1711 1447 1748 1506 ad
1760 1465 1843 1522 quem

185 1519 262 1586 ham,
289 1521 364 1577 Isaac
386 1527 413 1575 et
437 1519 529 1576 Jacob.
557 1520 589 1575 ln
609 1517 774 1574 monasterio
799 1515 980 1588 schonaugia,
1035 1516 1140 1572 electus
1164 1515 1261 1584 iuerat,
1287 1515 1389 1573 relicta
1409 1516 1570 1573 solitudinis
1584 1525 1611 1574 et
1626 1518 1728 1592 quietis
1747 1535 1843 1577 amore

184 1591 330 1649 translatio
343 1598 501 1648 sanctorum
516 1589 619 1647 Cesarii
637 1597 664 1645 et
676 1589 790 1645 Merena
811 1587 927 1661 virginis
955 1594 982 1644 et
1035 1585 1163 1659 flagrans,
1181 1586 1209 1642 in
1225 1587 1358 1645 Calabria
1372 1586 1512 1645 heremum
1534 1589 1663 1657 secessit;
1680 1588 1729 1645 ubi
1745 1592 1843 1648 multis

184 1663 303 1720 aliorum
325 1663 461 1720 sociorum
483 1679 578 1718 eorum
602 1668 765 1733 martyrum,
795 1659 829 1716 de
852 1658 981 1715 societate
1035 1657 1166 1714 iratribus
1180 1657 1317 1727 adunatis,
1334 1659 1362 1714 in
1380 1659 1500 1715 maxima
1514 1661 1660 1717 sanctitate
1675 1668 1702 1716 et
1716 1663 1842 1719 austeri-

184 1735 314 1792 undecim
329 1734 448 1791 millium
464 1733 614 1804 virginum.
629 1757 638 1780 ·

994 1763 1017 1822 B
1033 1737 1090 1811 tate
1104 1728 1215 1800 degens,
1231 1730 1313 1801 primi
1326 1746 1435 1804 quoque
1446 1730 1615 1799 monasterii,
1632 1731 1660 1787 id
1671 1742 1712 1789 ast
1722 1731 1841 1790 Cartha·

220 1805 317 1861 Brum.
327 1805 356 1887 in
372 1807 461 1886 prima
472 1805 593 1860 editione
608 1802 664 1859 inci
685 1802 723 1858 it:
746 1802 869 1869 «Romae,
880 1810 980 1858 sancta
1034 1817 1081 1856 sne
1096 1800 1212 1868 heremi,
1229 1801 1447 1858 sollicitudinem
1462 1818 1569 1873 gerens,
1585 1803 1644 1859 vita
1655 1810 1683 1860 et
1697 1804 1841 1861 miraculis

184 1875 307 1932 Belbina
317 1892 455 1947 vrrgmrs.»
473 1876 504 1930 In
514 1874 633 1931 secunda
643 1819 872 1945 eiflinemadjicit
883 1890 889 1927 :
899 1873 978 1928 ‹ltem

184 1947 272 2002 senen
287 1946 384 2017 Rogati
400 1945 530 2017 episcopi.
546 1971 555 1993 ·
584 1945 688 2001 Caetera
702 1952 796 2000 textus
809 1959 905 2016 purus,
931 1942 980 1999 sed

184 2015 214 2072 in
229 2016 378 2088 scriptione
392 2016 540 2071 mendosus
554 2022 604 2071 est.

219 2086 367 2143 Gnnvnrv.:
399 2111 408 2134 «
423 2088 525 2143 Octava
539 2084 628 2143 sancti
643 2084 786 2142 Michaelis
805 2095 832 2142 et
851 2085 977 2142 omnium

183 2155 327 2213 beatorum
351 2158 535 2231 spirituum·
572 2158 611 2214 De
639 2157 814 2229 patriarchis,
834 2165 865 2213 ut
892 2156 978 2212 editio

184 2228 387 2287 Leaen-Com:
419 2227 587 2300 ‹Raphaelis
600 2227 757 2299 archangeli
777 2228 849 2309 apud
871 2228 979 2300 aliquos

182 2298 231 2358 hic
244 2308 369 2356 servatur
382 2301 523 2356 memoria.
548 2301 579 2356 ln
594 2298 709 2367 Swecia,
735 2299 836 2355 Eslnlli
856 2299 978 2380 episcopi

182 2379 210 2428 et
224 2371 364 2444 martyris.
381 2395 390 2419 ·
422 2373 461 2428 lle
475 2369 689 2428 Treverensibus
704 2371 786 2441 paulo
810 2370 979 2426 succinctius

182 2457 265 2516 quam
278 2459 370 2571 angra.
398 2444 489 2500 ‹ltem
504 2449 661 2499 sanctorum
681 2441 768 2497 Primi
787 2448 814 2496 et
833 2440 976 2522 Felicisni,

182 2514 303 2586 quicum
332 2514 469 2570 eataFide
483 2513 555 2585 passi
569 2514 755 2569 referuntur.»
770 2511 841 2569 Vide
850 2512 975 2568 mlunn.

189 2584 356 2640 Secundum
366 2584 480 2642 Cathalo
519 2601 545 2639 m
557 2583 613 2652 hic,
625 2583 714 2656 passio
725 2584 813 2639 sancti
821 2583 977 2655 Gangnlphi

182 2654 324 2726 martyris,
333 2655 380 2726 qui
391 2671 473 2736 supra
502 2654 600 2711 abetur
608 2671 639 2710 rrr
649 2653 691 2710 ld.
702 2654 777 2710 Maii.
787 2654 976 2723 Autisiodoro,

181 2724 318 2796 depositio
344 2733 431 2781 sancti
460 2725 575 2782 Romani
607 2724 728 2815 episcopi
755 2731 783 2779 et
801 2725 975 2781 confessoris.

182 2796 317 2864 Dulcidii,
328 2795 449 2867 episcopi
459 2796 640 2868 Agennensis.
652 2797 683 2851 ln
694 2795 829 2863 talabria,
841 2796 977 2868 depositio

180 2867 269 2923 sancti
284 2866 423 2923 Brunonis
437 2867 611 2923 confessoris.
634 2867 686 2934 Qui
702 2882 737 2922 ex
751 2865 866 2923 Colonia
880 2867 976 2939 Agrip·

181 2937 289 3012 pinensi
304 2938 386 2994 claris
399 2945 476 2994 ortns
491 2937 640 3005 natalibus,
667 2935 766 2993 litteris
790 2944 846 2993 mm
867 2939 977 2994 secula-

80 3042 96 3060 .
181 3008 269 3077 ribus,
294 3026 377 3083 quam
397 3009 502 3065 divinis
524 3009 648 3090 apprime
669 3007 804 3077 eruditus,
826 3008 976 3083 doctorque

179 3079 313 3152 famosus,
327 3081 443 3138 ecclesia
456 3083 599 3138 Remensrs
612 3079 772 3147 canonicus,
789 3079 940 3137 honestatis
950 3089 977 3136 et

180 3152 334 3226 gravitatis,
357 3168 389 3210 ac
403 3153 489 3210 totius
503 3151 671 3210 maturitatis
686 3151 764 3225 quasi
778 3152 916 3226 quoddam
929 3152 979 3217 ‚si-

1034 1872 1136 1939 clsrus‚
1152 1871 1258 1945 quievit
1272 1873 1302 1928 in
1320 1889 1384 1945 pace
1398 1889 1471 1929 anno
1488 1872 1591 1932 Christi
1606 1890 1666 1940 uer,
1682 1876 1710 1930 in
1728 1875 1775 1932 die
1788 1877 1840 1933 Do·

1035 1943 1159 1999 minias.»
1180 1945 1219 2023 De
1233 1942 1514 2026 schonaugiensihus,
1530 1952 1557 2001 et
1571 1946 1755 2003 translatione
1773 1963 1842 2004 san-

1033 2013 1073 2071 cti
1097 2014 1220 2085 Magonis
1246 2014 1459 2082 Lincolmensis,
1489 2025 1521 2073 ut
1549 2033 1632 2089 supra
1658 2017 1687 2073 in
1714 2017 1840 2075 editione

1034 2084 1223 2142 busaeo-Con.
1240 2087 1272 2141 ln
1288 2085 1352 2154 fine,
1368 2087 1483 2143 batille
1496 2088 1623 2159 virginis.

1069 2156 1177 2212 Morari.
1190 2172 1215 2210 :‹
1233 2157 1336 2226 Roma,
1351 2167 1451 2215 sanctae
1463 2158 1585 2216 llalbinae
1597 2159 1642 2215 vir
1662 2160 1727 2219 inis.
1741 2163 1839 2234 Depo-

1033 2226 1097 2283 sitio
1119 2227 1234 2309 bomani
1249 2227 1487 2309 Antisiodorensis
1503 2176 1732 2304 episcoptiiem,
1750 2224 1837 2291 iencti

1032 2299 1129 2369 Rogati
1144 2314 1275 2371 episcopi.
1298 2300 1330 2356 ln
1345 2298 1480 2369 Calabria,
1499 2301 1634 2373 depositio
1654 2302 1744 2361 sancti
1763 2304 1838 2360 Bru-

1033 2368 1115 2451 nonis
1128 2370 1303 2439 contessoris,
1318 2371 1401 2453 primi
1421 2372 1590 2430 institutoris
1606 2373 1720 2431 Ordinis
1736 2375 1840 2433 Certu-

1032 2456 1141 2497 srensrs.
1164 2466 1173 2490 ι
1196 2441 1267 2497 Tum
1291 2442 1446 2499 munoribus
1469 2443 1563 2517 typis:
1591 2446 1706 2513 «Quem
1733 2447 1790 2504 heo
1813 2447 1838 2502 X

1031 2519 1190 2568 sanctorum
1205 2512 1335 2596 Catalogo
1349 2513 1485 2587 ascripsit.
1508 2540 1517 2564 ·
1538 2517 1578 2573 De
1593 2516 1703 2573 Eskillo
1717 2526 1745 2574 et
1760 2532 1839 2575 mar-

1032 2582 1142 2665 tyribus
1155 2583 1365 2642 Trevirensrbus
1380 2586 1538 2645 Gauvnramr
1551 2586 1709 2662 descripsit.
1725 2590 1757 2645 ln
1772 2589 1837 2646 edi-

1033 2653 1156 2711 trombus
1178 2655 1250 2724 aliis,
1277 2656 1435 2715 Brnnonem
1460 2658 1550 2732 primo
1567 2659 1629 2718 loco
1652 2659 1715 2717 aliis
1739 2660 1838 2718 litteris

1032 2725 1157 2783 collocat.
1183 2727 1215 2782 ln
1235 2726 1289 2783 srne
1311 2727 1345 2785 de
1369 2730 1493 2787 Romano
1507 2738 1534 2788 et
1547 2731 1673 2800 Belbina,
1698 2739 1730 2788 ut
1743 2749 1776 2790 su
1797 2750 1837 2791 ra.

1032 2794 1119 2852 Tum:
1144 2821 1162 2879 g
1177 2799 1208 2854 ln
1228 2798 1337 2879 Galliis,
1362 2809 1463 2858 sancte
1487 2804 1593 2860 Emmae
1614 2803 1744 2876 virginis,
1773 2749 1837 2860 Eg,

1032 2865 1163 2924 Clcdover
1179 2884 1261 2942 regis,
1274 2871 1384 2929 eximias
1397 2873 1582 2931 sanctitatis·
1605 2876 1650 2931 An
1665 2890 1722 2931 non
1737 2876 1836 2932 melius

1031 2946 1145 3022 vocetur
1157 2940 1277 3010 Enimia,
1292 2941 1356 2999 vide
1375 2944 1603 3027 Martyrologinm
1619 2945 1837 3004 castellanam

1031 3010 1199 3091 martyribus
1210 3011 1419 3073 trevirensibus
1427 3015 1532 3075 dictum
1542 3026 1583 3075 est
1592 3017 1671 3088 satis,
1683 3017 1731 3077 hic
1740 3034 1834 3076 eornm

995 3119 1017 3180 G
1037 3081 1156 3154 elogium
1171 3084 1355 3142 contrahitur.

178 3329 275 3389 Nonis.

1744 3331 1834 3392 nst.

214 3428 226 3459 ⁸
241 3422 334 3478 Roma
348 3421 395 3476 via
408 3419 508 3494 Appia,
524 3418 660 3493 depositio
674 3419 748 3477 beati
761 3417 844 3477 Marci
860 3434 946 3492 papa.
961 3413 1044 3491 Apud
1056 3416 1240 3491 provinciam,
1258 3436 1318 3496 qua
1335 3429 1512 3495 nuncupatur
1525 3423 1650 3496 Augusta
1669 3424 1834 3495 Eufratesia,

179 3516 336 3566 sanctornm
358 3516 511 3580 martyrum
526 3508 613 3581 Sergii
633 3516 660 3565 et
674 3508 769 3578 bachi,
787 3507 839 3566 sub
854 3506 1024 3564 Maximiano
1038 3507 1220 3582 imperatore;
1239 3528 1357 3586 quornm
1371 3511 1481 3570 Baobus
1494 3521 1550 3571 tam
1565 3514 1615 3570 din
1630 3514 1727 3572 nervis
1740 3515 1836 3573 crudis

178 3606 220 3654 est
242 3615 339 3667 cesus,
358 3598 536 3670 quoadusque
553 3606 628 3655 totus
646 3614 760 3670 corpore
779 3599 920 3665 discissus,
940 3598 969 3652 in
989 3598 1162 3657 confessione
1185 3601 1291 3660 Christi
1310 3603 1448 3661 emitteret
1470 3602 1616 3676 spiritum:
1636 3605 1748 3679 Sergius
1771 3623 1836 3663 vero

178 3686 293 3743 clavatis
307 3685 431 3742 coturnis
443 3685 559 3757 pedihus
572 3687 696 3754 indutus,
713 3703 775 3742 cum
791 3687 820 3741 in
835 3686 889 3742 fide
901 3685 975 3743 fixus
989 3698 1122 3759 maneret,
1137 3691 1200 3747 data
1214 3692 1360 3761 sententia,
1369 3692 1463 3765 jussus
1475 3693 1667 3753 estdecollari.
1679 3697 1749 3753 Item
1762 3696 1835 3770 apud

178 3771 301 3828 eamdem
326 3772 510 3845 provinciam,
534 3781 635 3830 sancte
649 3772 729 3829 iuliae
743 3772 870 3846 virginis,
887 3789 947 3846 quae
961 3775 1014 3832 sub
1027 3778 1166 3839 Marciano
1181 3782 1296 3854 praeside
1318 3785 1483 3857 martyrium
1502 3787 1718 3844 consummavit.
1729 3786 1836 3844 Eodem

178 3861 233 3931 dle,
256 3869 413 3920 sanctorum
437 3871 591 3935 martyrum
615 3864 737 3921 Marcelli
761 3871 787 3920 et
812 3864 923 3938 Apulei,
938 3865 987 3938 qui
1010 3882 1059 3938 per
1082 3871 1245 3944 Apostolum
1265 3873 1387 3942 Petrum,
1409 3874 1506 3931 relicto
1529 3874 1651 3944 Simone,
1675 3875 1837 3949 apostolicas

177 3950 310 4009 doctrina
325 3969 353 4009 se
367 3952 551 4022 tradiderunt,
568 3970 600 4013 ac
615 3954 790 4029 postmodum
804 3954 854 4012 sub
872 3953 1024 4013 Aureliano
1033 3960 1183 4030 consulari,
1193 3961 1319 4035 martyrii
1331 3972 1655 4038 coronamreportarunt,
1665 3966 1768 4039 sepulti
1778 3981 1835 4022 non

178 4048 258 4120 longe
272 4048 306 4106 ab
320 4047 388 4106 urba
402 4049 501 4107 Roma.

941 4155 1060 4218 NOTAE.

213 4264 254 4323 Ex
267 4263 390 4336 Praten.,
405 4259 553 4335 Meridies,
574 4261 798 4339 sermm-Mai,
810 4269 958 4341 ilosaoeyd,
974 4269 1104 4339 Antuerp.
1118 4274 1145 4322 et
1158 4267 1355 4338 Menedemo,
1370 4271 1505 4330 Munerat.
1521 4277 1548 4327 et
1561 4272 1666 4331 Molas.

211 4401 329 4457 ·Purus
352 4400 639 4457 hicarticulustotus.
670 4399 754 4456 Totus
779 4399 968 4468 Usuardinus3
1026 4397 1169 4472 relinquit.
1182 4399 1347 4458 Affectatum
1362 4402 1434 4459 illud
1449 4402 1560 4460 Sollerii
1578 4402 1723 4461 silentium
1739 4413 1835 4463 nostra

173 4488 224 4529 nec
237 4472 370 4545 syllabam
391 4487 419 4527 re
439 4471 517 4528 ndiat
530 4472 673 4540 Sollerius,
693 4487 744 4529 nec
759 4471 865 4543 apicem
882 4471 969 4527 addit.
1026 4471 1145 4527 maxime
1156 4471 1269 4528 interest
1284 4473 1384 4545 saepius
1398 4473 1538 4532 indicare:
1552 4474 1626 4557 qnod
1636 4475 1836 4533 hincmaxime

174 4544 291 4600 Tantum
305 4551 413 4600 sanctos
454 4544 584 4600 arcellam
598 4551 625 4598 et
640 4545 776 4615 Apuleum
790 4543 822 4598 ad
840 4543 968 4598 ultimum
985 4565 1009 4623 D
1025 4549 1083 4597 tota
1106 4541 1165 4614 ejus
1191 4543 1371 4601 labefactatur
1389 4560 1513 4602 censura.
1535 4545 1563 4602 Sr
1583 4547 1659 4602 enirn
1676 4547 1833 4604 Usuardum

174 4616 264 4671 locum
288 4613 388 4685 rejicit,
404 4614 451 4686 qui
465 4613 586 4670 secundo
600 4613 709 4669 inerant
722 4613 757 4668 ab
771 4613 893 4670 Usuardo
906 4614 969 4670 col·
1025 4629 1101 4685 aeque
1121 4613 1244 4669 referunt
1267 4615 1368 4683 litura,
1384 4632 1416 4673 ac
1431 4617 1491 4674 loca
1515 4617 1632 4689 integra,
1653 4634 1717 4690 pers
1738 4620 1833 4676 icuum

172 4685 265 4741 locati.
290 4685 374 4740 Totus
399 4694 487 4739 tamen
511 4701 527 4740 a
549 4685 617 4739 beati
630 4686 715 4741 Marci
729 4687 812 4754 Papae
829 4684 863 4740 ad
885 4685 969 4740 tinem
1023 4693 1064 4739 est
1080 4683 1175 4740 lituras
1190 4701 1246 4741 non
1261 4702 1338 4757 posse
1352 4703 1400 4759 pro
1415 4689 1509 4760 regule
1522 4703 1580 4744 esse
1595 4635 1740 4760 rejiciendi
1755 4689 1835 4747 codi-

173 4754 344 4812 obliteratus.
359 4757 411 4809 Det
425 4755 533 4809 veniam
549 4754 644 4820 lector,
660 4755 683 4810 si
697 4755 796 4827 saepius
811 4756 904 4810 eadem
920 4756 970 4811 in·
1022 4754 1072 4812 cis.
1088 4754 1170 4810 Nulla
1184 4757 1258 4812 enim
1273 4768 1314 4814 est
1329 4759 1423 4832 regula
1434 4775 1495 4832 quae
1508 4759 1566 4814 veri
1578 4759 1697 4832 falsique
1706 4776 1836 4818 eommu-

171 4827 322 4893 sulcamus,
344 4825 508 4906 culpamque
531 4825 560 4880 in
584 4824 731 4881 Sollerinm
758 4826 891 4893 conferat,
921 4826 969 4898 qni
1023 4825 1066 4882 nis
1081 4833 1132 4881 est.
1156 4827 1311 4900 Proprium,
1325 4837 1357 4885 ut
1378 4830 1500 4887 sciscunt
1517 4830 1612 4903 logici,
1635 4829 1666 4887 in
1687 4835 1834 4890 communi

173 4898 280 4954 tametsi
295 4905 351 4952 tam
367 4911 437 4967 saepe
450 4896 542 4952 lituris
553 4895 654 4952 abusus
664 4896 758 4965 luerit,
773 4897 968 4953 utPratensem
1022 4896 1101 4970 signo
1118 4899 1208 4954 notari
1222 4915 1278 4956 non
1293 4908 1395 4973 potest.
1410 4902 1583 4958 Bourumnr.

169 4969 294 5031 codicem
312 4967 478 5038 traduceret,
492 4975 534 5025 tot
548 4966 644 5024 lituras
665 4976 756 5025 tamen
779 4967 969 5025 inobservatas

785 5094 988 5154 VAHIANTES
1006 5095 1214 5157 LECTIONES.

206 5196 312 5254 Praten.
332 5211 397 5254 curn
415 5193 505 5250 solitis
523 5193 632 5251 dnobus
645 5193 794 5251 comitibus
812 5188 968 5267 Antuerp.-
1021 5195 1144 5253 Marcelli
1157 5197 1248 5268 posuit
1265 5197 1362 5268 Marci,
1378 5197 1452 5271 quod
1468 5200 1498 5257 in
1513 5201 1714 5272 posterioribus
1731 5202 1832 5262 editio·

170 5266 233 5338 Maj.
250 5276 277 5323 et
291 5266 436 5338 Rosweyd.
452 5264 545 5321 diliert
564 5281 580 5320 a
598 5265 712 5339 reliquis
731 5265 877 5334 omnibus;
894 5266 969 5338 quod
1022 5271 1104 5324 nibus
1125 5276 1277 5325 correctum
1297 5279 1347 5327 est.
1370 5271 1491 5341 Praten.,
1510 5275 1739 5347 Antuerp.·Maj.,
1754 5275 1832 5333 llos-

169 5339 408 5394 snnuntiationem
431 5337 552 5393 Marcelli
570 5343 598 5392 et
620 5336 720 5409 Apulei
741 5345 825 5410 ponat
847 5337 967 5394 secundo
1023 5339 1113 5410 weyd.
1142 5347 1168 5393 et
1193 5340 1327 5397 Munerat.
1356 5343 1482 5399 scribunt
1512 5344 1633 5415 Symose.
1666 5345 1831 5419 ilosvreyd„

169 5407 240 5464 loco.
255 5409 380 5466 Molanus
390 5424 439 5481 pro
450 5409 517 5464 beuti
526 5406 610 5464 Marci
621 5407 702 5464 hahet
713 5409 806 5465 sancti.
818 5409 965 5480 llosweyd.
1021 5418 1160 5481 preterea,
1173 5427 1236 5467 cum
1246 5412 1381 5486 Antuerp.
1393 5421 1420 5470 et
1435 5415 1727 5484 Max.·hnbec.,addit
1738 5419 1830 5490 Mago.

169 5478 194 5534 ei
209 5477 308 5533 tribuit
322 5480 434 5535 titulum
450 5480 587 5551 martyris.
603 5479 683 5535 Solus
702 5479 809 5535 Praten.
825 5488 889 5535 ante
903 5483 967 5535 Eu·
1021 5480 1128 5537 Antuer
1149 5481 1232 5553 .·Maj.
1249 5492 1348 5554 praeter
1361 5485 1482 5557 plurima
1496 5487 1644 5559 scriptoria
1658 5487 1818 5563 sphalmata

166 5549 313 5621 phroteaio,
329 5550 434 5630 omittit
448 5551 576 5623 Angusta.
602 5550 735 5608 Caeterum
750 5551 842 5614 scribo
856 5550 967 5619 Eufra-
1021 5557 1052 5608 ut
1069 5498 1174 5619 solit,
1195 5554 1292 5623 Buces,
1316 5555 1440 5623 discisus,
1461 5557 1635 5628 consessione,
1658 5570 1725 5630 eto,
1746 5535 1829 5634 pecus

169 5618 245 5687 usic,
259 5621 351 5701 bacha,
361 5622 487 5702 coturnis,
499 5621 607 5694 Apulei,
618 5630 682 5691 etc,
694 5638 728 5680 ex
738 5622 878 5679 communi
892 5622 966 5679 codi-
1020 5622 1086 5679 liare
1101 5623 1192 5693 hahet,
1208 5640 1259 5681 cur
1271 5625 1357 5683 ierme
1371 5644 1387 5683 s
1401 5629 1478 5701 puris
1495 5629 1606 5687 excludi
1626 5630 1745 5701 debuit;
1760 5632 1831 5706 legit

167 5705 232 5748 eum
238 5690 403 5747 enuntiandi
416 5700 531 5750 ratione.
544 5694 576 5749 ln
586 5694 720 5766 Antuerp.
734 5703 762 5749 st
774 5692 964 5751 Mam-buben
1019 5694 1094 5750 enim
1108 5711 1170 5753 cnm
1180 5696 1286 5768 Adone,
1298 5699 1447 5757 Aureliano
1453 5701 1591 5758 consulari
1598 5702 1659 5760 siro
1669 5704 1828 5761 stammas

167 5769 231 5846 ante
245 5761 420 5845 Sergiildeest
436 5769 595 5846 martyrem.
616 5764 717 5822 Melan.
735 5780 816 5822 voees
834 5772 966 5838 transpo-
1019 5763 1128 5836 farsam

178 5841 229 5905 nrt,
252 5833 359 5893 mandis
379 5839 419 5891 est
440 5848 529 5890 semaa
550 5835 749 5894 mabsam.
772 5837 878 5896 Rursus
904 5837 965 5895 loco
