3834 6136
123 190 177 259 tsi

661 194 980 260 hanulnonouutst.
1000 233 1036 247 -
1053 200 1158 261 tiens,
1179 199 1250 262 tut.

1727 208 1782 269 itte

125 342 207 384 snum
223 321 352 390 induxit,
369 331 400 378 ut
414 323 555 379 communi
570 332 636 380 voto
648 325 756 381 interae
771 335 929 398 perpetuant
945 337 968 393 Α
985 328 1129 400 diligentia
1144 346 1214 398 inea,
1231 330 1264 385 ad
1278 328 1468 387 testimoninm
1490 341 1542 388 ture
1558 335 1731 405 perditionis,
1748 338 1782 395 ad

125 395 320 468 uirginitatem
346 402 497 450 servarent.
524 396 553 450 lu
574 412 629 476 qno
649 404 721 452 statu
746 397 773 452 S.
796 399 931 456 Henricus
986 400 1198 471 demergendum
1213 411 1237 457 te
1252 402 1280 457 in
1296 403 1395 474 abysso
1407 403 1485 529 {⁰¹²³
1502 405 1702 475 sulphurantis.
1720 409 1783 466 Haec

126 467 242 528 Christo
255 464 392 533 serviens,
408 480 482 520 anno
496 466 607 521 Domini
620 484 690 522 uxxr
704 468 784 524 beato
794 469 847 524 hue
857 471 932 541 quie·

126 541 171 595 vit
180 535 326 592 miraculis
339 536 456 592 clarens.
469 562 477 583 ι
496 537 618 593 Pertinet
626 538 661 594 ad
671 537 743 594 diem
754 549 912 612 sequentem
925 561 930 598 :

127 612 157 667 in
171 611 299 666 llomano
309 606 439 663 differtur
449 608 483 664 ad
498 624 546 664 xv.
566 609 743 681 «Serapionis
756 611 932 668 contessoris.

126 682 193 739 ltem
209 686 313 736 sauctae
330 679 472 734 niemoriae
489 680 563 735 Petri
577 680 611 736 de
626 681 818 764 lutzenburgo
832 683 933 740 Cardi-

127 752 208 820 nalis,
225 749 555 823 At’iniouequiesceutis.
571 751 652 823 Apud
667 753 856 821 Antiochiam,
873 772 932 809 san-

127 832 176 881 cta
191 823 353 893 Margaretae
373 821 491 893 virginis
505 829 532 876 et
548 824 687 893 martyris.
704 824 768 891 Qua
783 843 845 881 cum
863 834 934 882 esset

129 910 265 951 annorum
287 909 335 959 xv,
350 901 413 962 post
423 893 578 965 squalorem
593 895 720 963 carceris,
737 894 829 966 llagra,
846 913 933 967 ungu·

130 968 216 1022 larum
228 963 441 1030 lacerationem,
458 964 645 1035 lampadarum
661 966 848 1033 adustionem,
859 969 933 1039 capi·

131 1038 166 1093 tis
183 1033 400 1092 obtruncatione
417 1038 581 1107 martyrium
596 1037 757 1107 complevit.
774 1039 932 1095 Secundum

131 1110 197 1165 alios
212 1123 293 1178 passa
310 1115 352 1162 est
365 1122 419 1162 xrn
438 1106 499 1162 Kal.
516 1109 642 1179 Augusti.
659 1108 795 1164 llildridae
806 1109 849 1164 vir
868 1111 931 1166 inis.

132 1179 261 1243 licentiae,
276 1177 428 1233 zorobabet
442 1176 493 1232 filii
509 1178 652 1247 Salathicl,
668 1187 695 1234 et
708 1180 773 1235 lesu
786 1180 838 1237 silii
851 1128 933 1236 iose-

132 1251 210 1319 dech,
232 1254 280 1322 qui
298 1247 487 1304 Ecclesiastici
507 1247 542 1304 to
559 1251 662 1307 sanctis
684 1251 811 1308 Patribus
825 1252 933 1309 Veteris

133 1321 303 1378 Testamenti
316 1326 562 1376 connumerantur.
579 1345 589 1368 ι

165 1393 291 1460 noim,
309 1401 369 1464 post
391 1391 523 1447 illustrati
543 1398 615 1460 sant,
646 1391 763 1449 minutis
790 1394 865 1466 typis
884 1395 934 1450 in-

132 1463 258 1520 terserit:
279 1462 354 1518 «sub
364 1462 537 1533 Elpidoioro,
554 1478 636 1535 quem
647 1464 934 1522 venerahilislluritta

133 1535 270 1591 diaconus
283 1533 317 1589 de
329 1533 409 1589 alveo
425 1534 511 1589 fontis
525 1542 680 1606 susceperat
689 1543 858 1607 generatum.
871 1537 932 1604 llic,

135 1606 252 1662 sedente
265 1621 297 1661 ac
309 1605 440 1661 tremente
454 1605 628 1676 Elpidoloro,
640 1607 716 1678 prius
726 1623 807 1679 qnam
822 1623 933 1663 exuere·

137 1685 193 1745 tur,
204 1676 354 1748 suscipiens
365 1676 423 1743 illa,
433 1676 605 1749 quibuscum
616 1677 649 1733 de
657 1677 843 1733 tontedndum
860 1687 934 1734 texe·

131 1756 185 1815 rat,
202 1747 313 1814 sabana,
330 1747 359 1802 in
374 1746 419 1803 his
433 1746 526 1803 verbis
541 1756 625 1803 totam
639 1748 675 1804 ad
689 1747 783 1804 ilatum
799 1757 826 1805 et
842 1751 937 1822 lacry-

130 1835 191 1875 mas
203 1819 391 1874 commovisse
401 1819 670 1875 diciturcivitatem:
688 1821 751 1875 llaec
765 1828 831 1876 suut
840 1822 936 1878 lintea·

131 1892 211 1946 mina
233 1889 408 1962 Elpidoloie,
434 1890 562 1946 minister
576 1891 687 1957 erroris,
705 1907 765 1972 quae
778 1902 805 1948 te
820 1909 937 1949 accusa-

127 1960 213 2030 bunt,
229 1963 298 2019 dum
313 1962 443 2033 majestas
455 1963 562 2018 venerit
578 1961 742 2034 judicantis,
762 1965 936 2021 custodiente

988 479 1013 527 te
1028 472 1236 527 immaculatum
1253 474 1398 529 cinxerant
1427 491 1441 530 c
1456 475 1531 531 lorite
1541 485 1707 546 surgentem.
1719 480 1783 536 llaec

987 550 1014 598 te
1029 543 1119 598 acrius
1134 554 1341 617 persequentur,
1354 545 1491 600 dammam
1507 545 1637 618 gehenuae
1653 565 1716 604 cuin
1731 567 1783 606 coe·

989 614 1061 686 peris
1077 615 1244 685 possidere.»
1262 616 1292 671 ln
1305 615 1371 672 hue:
1389 618 1428 672 lle
1447 617 1651 687 Bouaveutura,
1667 628 1698 676 ut
1718 621 1785 675 Fau·

987 702 1089 741 naaria
1117 704 1122 740 :
1143 687 1191 740 «ln
1204 687 1362 753 Antiochia,
1375 697 1475 744 sancte
1489 689 1645 760 Margaretae
1656 690 1783 762 virginis,

988 773 1047 828 quie
1065 774 1111 827 per
1127 758 1213 812 multa
1222 774 1321 828 genera
1335 768 1546 827 tormentorum,
1561 761 1680 816 coelestis
1691 763 1785 832 patriae

987 827 1161 898 triumphum
1172 845 1188 882 a
1202 831 1321 884 Domino
1332 832 1471 902 percipere
1483 832 1593 887 meruit.
1610 831 1691 903 Apud
1706 833 1784 888 Bam·

987 899 1077 968 berge,
1106 899 1192 954 sancti
1223 901 1334 956 ilenrici
1362 901 1536 973 imperatoris
1557 911 1584 957 et
1610 903 1785 960 contessoris.

987 971 1065 1036 lteui,
1084 979 1184 1026 sancte
1204 971 1356 1040 llildrada,
1377 973 1495 1045 virginis
1519 975 1547 1029 iu
1564 973 1670 1041 Cautio,
1683 974 1740 1046 jain
1755 976 1786 1030 iii

987 1042 1165 1096 Darentriaiu
1192 1045 1365 1099 translata.»
1392 1046 1495 1101 Rursus
1520 1045 1675 1100 minoribns
1697 1046 1785 1117 typis:

994 1112 1165 1167 ‹lloniiniea
1177 1112 1222 1168 die
1237 1123 1299 1194 post
1320 1115 1372 1170 hoc
1392 1116 1490 1171 iestuni
1506 1116 1592 1171 beate
1619 1117 1786 1184 llarqaretae.

988 1182 1137 1249 Bruxellie,
1150 1184 1256 1239 iestirit
1266 1203 1288 1240 is
1302 1185 1432 1257 Corporis
1448 1186 1551 1243 Christi
1574 1186 1714 1243 miraculis
1727 1191 1789 1243 cla-

989 1254 1102 1321 rissimi,
1119 1254 1193 1326 quod
1213 1271 1286 1310 anuo
1309 1274 1447 1313 uaccaxix
1462 1258 1549 1313 ludaei
1567 1259 1786 1326 transfoderunt,

988 1333 1070 1396 prout
1083 1325 1174 1382 adhuc
1189 1326 1270 1382 hodie
1285 1344 1395 1384 cernere
1410 1330 1507 1384 licet.»
1529 1328 1598 1385 Aliae
1613 1328 1748 1385 editiones
1759 1329 1788 1384 iu

1009 1397 1079 1451 riino
1098 1404 1245 1468 augmento
1264 1399 1345 1469 paulo
1369 1398 1510 1454 breviores
1525 1407 1600 1454 suut.
1628 1401 1660 1455 lu
1685 1400 1740 1456 sine
1755 1399 1789 1455 de

988 1413 1125 1522 idildrada
1159 1465 1251 1539 [qnam
1277 1469 1327 1524 clii
1354 1487 1420 1540 saepe
1455 1469 1624 1537 llildridam,
1653 1471 1789 1526 Castalia-

989 1555 1040 1592 nus
1068 1537 1232 1594 blittrithain
1267 1540 1456 1611 appellandum
1490 1540 1597 1613 censetj,
1627 1547 1672 1595 ut.
1688 1555 1783 1613 supra.

995 1631 1004 1655 ι
1027 1609 1078 1665 llic
1092 1608 1198 1664 decima
1219 1612 1309 1677 tertia,
1331 1611 1465 1667 memoria
1481 1610 1567 1666 sancti
1583 1610 1668 1682 patris
1687 1609 1788 1682 ioseph

951 1688 972 1746 Β
989 1680 1164 1747 contessoris,
1188 1680 1399 1737 Thessalonica.
1416 1682 1570 1737 Minoribus
1583 1682 1678 1753 typis:
1703 1707 1712 1729 ι
1729 1683 1789 1737 llo-

991 1750 1111 1831 dein'die
1123 1750 1196 1832 apud
1212 1752 1325 1831 multos,
1343 1753 1443 1808 testum
1458 1753 1544 1808 beata
1559 1753 1720 1833 Margarita.
1736 1754 1788 1809 Do·

992 1823 1094 1877 miniea
1117 1821 1162 1877 die
1182 1838 1308 1893 proxime
1331 1824 1468 1896 sequenti,
1487 1824 1635 1891 Bruxellae,
1652 1824 1790 1879 festivitas

992 1891 1121 1974 Corporis
1144 1892 1259 1962 Christi,
1284 1894 1425 1951 miraculis
1445 1894 1634 1952 clarissimi.»
1664 1894 1735 1950 Vide
1759 1894 1789 1948 iu

991 1980 1091 2037 pruna.

128 2182 226 2241 Pridie
240 2180 318 2239 ldns.

1677 2179 1728 2239 Die
1747 2177 1790 2239 ti.

168 2271 251 2345 Apud
265 2271 398 2339 Pontum,
413 2269 513 2327 natahs
526 2266 600 2326 beati
615 2269 694 2326 Pocae
707 2266 829 2342 episcopi
837 2267 961 2325 civitatis
972 2267 1094 2342 Sinopis,
1108 2269 1156 2344 qni
1170 2270 1222 2328 sub
1236 2269 1354 2344 Trojano
1365 2271 1542 2344 imperatore,
1557 2288 1706 2343 carcerem,
1722 2272 1791 2327 rin-

132 2363 208 2430 cula‚
222 2361 340 2427 terrum,
350 2362 444 2433 ignem
459 2361 541 2415 etiam
560 2376 609 2431 pro
624 2359 735 2416 Christo
749 2360 897 2431 superavit.
916 2358 1104 2425 Alexandria,
1119 2361 1206 2418 sancti
1222 2361 1359 2417 lleracleae
1373 2361 1517 2431 antistitis,
1532 2362 1568 2418 ob
1582 2361 1662 2433 cujus
1675 2361 1791 2433 opinio-

138 2467 199 2507 nem
212 2450 423 2508 celeberrimem
438 2455 571 2506 memorat
590 2464 618 2504 se
630 2448 778 2505 Africanus
792 2447 1042 2521 historiographus,
1059 2447 1093 2504 ad
1107 2466 1170 2505 eum
1184 2466 1353 2522 properasse.

898 2574 1014 2631 NOl'AE.

170 2697 211 2754 lta
223 2696 348 2763 Protea,
370 2691 521 2760 Herinien,
542 2687 768 2762 Amnem-lici,
783 2687 940 2757 Patronem,
965 2691 1113 2758 Munerat,
1128 2687 1218 2745 Betini
1233 2687 1345 2756 reditio,
1368 2691 1478 2748 meria.
1497 2701 1524 2748 et
1538 2692 1640 2750 Meton.
1662 2691 1698 2746 Et
1713 2688 1788 2764 quod
1888 2776 1894 2783 .

135 2787 309 2845 ausimum
327 2790 379 2853 eet,
394 2783 477 2840 etiarn
490 2780 662 2839 centulensis.

747 2922 949 2979 VARIANTES
968 2921 1173 2979 LECTIONES.

177 3049 275 3105 Pliocc
291 3044 394 3103 habeut
407 3054 433 3101 et
445 3052 518 3101 recte
539 3044 648 3100 Praten.
664 3049 691 3097 et
705 3042 818 3109 Melan,
841 3039 889 3096 sed
903 3055 934 3093 ex
954 3044 974 3102 G
994 3037 1102 3094 codices
1116 3039 1217 3112 reliqui
1232 3041 1473 3113 coguntscribere,
1489 3052 1520 3101 ut
1532 3050 1574 3099 est
1589 3042 1618 3098 iu
1632 3049 1730 3109 textu;
1749 3040 1794 3099 vel

138 3121 317 3202 reliquorum
332 3117 453 3184 omnium
468 3117 592 3172 unanimi
612 3129 747 3194 consensu
762 3111 937 3191 scribendum

139 3193 197 3248 fnit
208 3207 239 3247 in
255 3198 341 3258 textu,
352 3190 435 3258 Pocae,
446 3196 478 3244 ut
493 3204 575 3259 supra
587 3187 670 3243 etiam
682 3186 798 3241 lecimus
810 3202 826 3239 v
837 3183 939 3264 llartn,

141 3263 189 3319 nbi
221 3261 350 3317 Melanos
382 3276 470 3334 aque,
500 3276 532 3314 ac
567 3256 702 3330 pratensis
730 3273 792 3314 cum
825 3255 924 3378 remi·

135 3333 356 3392 concordabant.
381 3330 462 3387 Solus
480 3330 630 3389 Centulen.
656 3330 747 3401 posuit
768 3328 872 3406 Fecere:
904 3325 942 3380 lic

142 3422 204 3462 euin
219 3405 341 3461 Greren.
356 3404 496 3460 etllolan.
513 3403 579 3483 legit
594 3400 717 3525 sylwssss’
729 3406 756 3454 at
770 3398 869 3470 reliqui
885 3412 942 3476 ⁰.¹¹¹.‘

141 3492 198 3544 nes,
209 3477 277 3532 utin
289 3484 379 3531 textu.
394 3474 494 3531 Nescio
504 3473 571 3545 quid
583 3475 650 3527 ielrt
683 3471 808 3525 ulsauen.
825 3483 872 3540 per
881 3483 942 3547 rioi-

143 3549 203 3604 tatis
216 3547 314 3620 ipsias.
327 3548 357 3602 ln
367 3547 503 3603 llunerat.
515 3544 701 3614 anteferrem,
713 3540 849 3596 redundat
862 3545 943 3605 et31n

145 3619 242 3675 belino
265 3626 358 3674 autem
383 3625 446 3689 post
464 3617 558 3688 ipram,
574 3616 649 3671 deest
664 3613 750 3668 etiam.
780 3611 905 3666 llolanus
918 3616 944 3663 et

145 3689 320 3748 Centulensis
335 3690 442 3761 legunt,
458 3688 499 3744 uti
513 3694 632 3760 oportet,
644 3685 774 3751 Heracle,
791 3680 837 3738 sed
851 3695 946 3736 rursus

898 3253 941 3308 uis
968 3250 972 3258 '

994 3108 1082 3181 pejus,
1096 3112 1226 3180 Eiacteie,
1238 3115 1282 3168 vel
1292 3114 1408 3184 pessime
1418 3115 1547 3170 cumsolo
1559 3114 1668 3181 Belino,
1680 3114 1792 3170 Eradii.

994 3182 1207 3253 Antuerp.·llaj.
1232 3200 1281 3254 pro
1299 3202 1466 3264 properasse,
1494 3192 1587 3258 posuit
1597 3202 1650 3257 pro
1669 3187 1795 3254 manase,

996 3252 1069 3379 quod
1078 3252 1152 3306 idem
1170 3254 1256 3321 valet;
1270 3271 1346 3326 peius
1358 3255 1471 3311 Beliuus
1479 3274 1635 3337 properasse
1645 3202 1808 3312 dictoriam.-

1019 3324 1155 3388 entulen.,
1168 3326 1191 3379 si
1207 3342 1262 3381 nou
1278 3342 1356 3397 pure,
1371 3328 1467 3381 saltem
1489 3327 1576 3383 nitide
1592 3328 1714 3397 phrasim
1734 3325 1795 3382 red·

996 3392 1079 3461 didit,
1096 3393 1148 3451 hoc
1164 3396 1260 3452 inodo:
1278 3398 1314 3453 Ob
1332 3396 1409 3465 cujas
1424 3398 1573 3468 opinionem
1591 3397 1797 3464 celeberrimam,

997 3462 1145 3533 Africanas
1159 3466 1255 3521 nobilis
1269 3468 1498 3539 historioqrcphns
1518 3486 1544 3523 se
1563 3469 1798 3524 commemorated

999 3552 1057 3590 eum
1078 3553 1246 3607 properasse.
1273 3538 1431 3610 Spbalmata
1459 3538 1604 3611 scriptoria
1630 3539 1745 3611 colligo,
1768 3545 1800 3593 ut

998 3615 1077 3662 sunt:
1103 3609 1186 3678 Aput,
1207 3610 1350 3678 Pontiani,
1366 3611 1471 3666 ciuitate
1484 3611 1601 3682 Sinopis.
1618 3610 1699 3682 iquos,
1719 3611 1799 3666 Vste-

998 3678 1168 3750 ricqiapltns,
1181 3680 1346 3751 Apriconas,
1360 3682 1526 3752 Attrieonas,
1541 3691 1594 3739 etc.

819 3804 1121 3867 OBSERVATIONES.

186 3918 301 3976 Piorum
321 3919 512 3976 Antiochenam
536 3915 751 3973 memoravimus
774 3912 808 3968 ad
832 3912 904 3968 diem
924 3928 945 3991 ¹i'

150 3991 252 4060 llartii,
269 4008 303 4047 ex
319 3991 444 4048 Cenardo
454 3997 548 4046 nostro
559 3997 587 4044 et
596 3987 659 4043 aliis
669 3983 882 4058 antiquioribus.
897 3983 948 4039 llic

147 4066 216 4120 alter
230 4064 349 4120 recurrit
359 4074 386 4120 et
401 4063 460 4134 ipse
474 4061 547 4143 apud
558 4060 760 4139 Martyrologos
775 4055 947 4139 notissimus,

148 4134 413 4208 hieronymianaim
435 4134 515 4189 rimis
523 4132 556 4188 de
567 4147 599 4186 eo
608 4131 658 4186 bac
666 4128 711 4185 die
723 4143 882 4196 meminere,
897 4125 948 4182 sub

150 4207 260 4263 noininc
274 4206 340 4262 Feci
354 4205 399 4262 vel
410 4151 495 4271 docta,
509 4204 549 4260 uti
571 4220 621 4258 nos
636 4203 664 4257 in
680 4209 758 4257 textu
775 4199 947 4278 scripsimus.

150 4294 207 4333 cuni
230 4277 317 4333 titulo
338 4277 462 4350 episcopi.
483 4277 565 4333 Notat
590 4273 778 4331 Florentinius
801 4272 908 4326 traduci
934 4285 950 4324 a

151 4347 316 4405 Combelisio
333 4348 496 4413 Baronium,
512 4347 591 4421 quasi
606 4344 740 4402 nonsatis
755 4352 827 4400 recte
843 4341 949 4396 Phocis

151 4417 328 4488 distinxerit,
354 4419 429 4492 quod
447 4426 521 4475 certe
543 4435 594 4475 nec
611 4417 663 4490 ipsi
680 4414 845 4472 Combelisio
860 4414 949 4494 lacere

151 4491 225 4562 plane
239 4492 381 4564 integrum
396 4491 461 4546 luit.
476 4490 590 4546 interim
602 4490 756 4546 Romanum
768 4501 895 4558 parvum,
910 4499 950 4538 sic

183 4563 188 4572 '
250 4579 297 4616 ain
318 4570 345 4617 et
369 4567 513 4632 martyrem
539 4570 663 4617 nostrum
687 4559 853 4616 annuntiat:
870 4555 950 4626 Apud

152 4578 274 4701 wat,
291 4633 387 4690 Pbocc
399 4634 514 4704 episcopi
524 4633 638 4688 civitatis
654 4631 775 4703 Synopis.
788 4629 847 4697 Quo
869 4626 950 4682 niodo

154 4705 230 4760 etiam
249 4721 286 4760 ex
311 4705 373 4776 ipso
399 4703 523 4776 loquitur
540 4704 612 4772 Ado,
627 4705 832 4783 imperatorem,
848 4700 917 4772 praef
931 4730 950 4740 -

156 4784 234 4844 dum,
250 4791 352 4849 genera
368 4783 569 4832 tormentorum
585 4783 612 4832 et
626 4777 805 4857 reliquiarum
827 4773 949 4828 transla-

158 4846 265 4917 tionem,
281 4864 332 4903 seu
345 4846 545 4921 depositionem
562 4848 707 4905 Viennam
724 4848 949 4919 dotlicprosecu·

162 4923 241 4986 cutus,
264 4918 367 4975 iisdem
389 4935 473 4991 propr
490 4919 591 4987 verbis,
611 4919 713 4991 quibus
732 4919 821 4976 utitur
839 4919 912 4974 Beda
925 4925 952 4974 et

161 4998 214 5058 post
224 4989 300 5047 bunc
311 4989 450 5048 Rabanus.
465 4990 534 5048 Cum
547 4997 639 5046 autem
650 4989 786 5047 Notlierus
798 4990 951 5058 Rabanum,

162 5060 199 5114 vel
211 5061 339 5119 Adonem
355 5061 503 5131 describat,
536 5070 592 5118 atet
612 5061 711 5117 borum
734 5071 852 5136 quatuor
866 5062 954 5134 elogia

164 5130 233 5200 plane
246 5149 305 5189 esse
321 5133 491 5190 consimilia.
513 5079 611 5190 Soster
624 5134 695 5188 niliil
712 5133 744 5189 de
756 5134 894 5205 prefecto,
907 5142 954 5189 aut

165 5202 292 5276 reliquiis,
306 5219 369 5278 quae
383 5204 414 5261 in
429 5205 569 5262 Auctariis
584 5205 803 5277 supplebuntur3
815 5212 844 5261 at
857 5212 955 5261 catera

168 5275 248 5330 onnia
257 5276 438 5333 verbatimex
450 5276 600 5334 Viennensi
614 5277 728 5348 accepit.
742 5277 878 5333 Hactenus
886 5277 955 5331 llar-

169 5348 347 5420 tyroloqorum
360 5364 444 5420 prope
454 5349 578 5405 omnium
593 5358 722 5404 constans
732 5348 878 5415 sententia,
889 5364 955 5418 quo-

169 5429 216 5472 roni
227 5421 404 5487 auctoritate,
418 5428 448 5476 nt
458 5438 475 5476 v
487 5419 577 5476 blartii
592 5437 655 5476 cum
671 5418 844 5475 henschenio
858 5427 885 5474 et
895 5419 955 5475 Flo·

171 5490 277 5567 ruminio
291 5490 509 5560 insinuavimus,
524 5491 579 5547 duo
593 5492 690 5547 saltem
706 5491 799 5547 Pbocoe
810 5497 954 5562 martyres,

172 5562 428 5632 ttqueutminimum
435 5562 718 5631 conditionediversi,
729 5561 870 5618 astruendi
880 5568 954 5628 sunt,

173 5631 294 5755 quidquid
308 5633 425 5691 fortasse
435 5635 541 5706 origine
551 5635 696 5707 populares
709 5633 764 5690 dici
785 5632 899 5706 possint.
912 5631 956 5687 Au

191 5705 259 5760 iterii
269 5709 396 5763 Amaseae
403 5707 525 5779 episcopi
532 5705 566 5763 de
573 5705 957 5774 Phocaencomiummtrum-

174 5785 213 5844 qne
224 5777 395 5847 contuderit,
416 5778 576 5835 ntllaronio
589 5778 681 5834 visum
699 5785 750 5846 est,
769 5793 825 5833 non
840 5775 956 5832 omnino

1002 3909 1098 3980 liquet.
1113 3909 1291 3982 Coniecturae
1304 3930 1377 3982 suas,
1389 3930 1453 3970 cum
1464 3912 1566 3971 Asterii
1577 3912 1712 3981 oratione,
1724 3911 1801 4003 prius

1002 3997 1017 4035 a
1030 3981 1110 4036 Surio
1124 3999 1182 4038 xxn
1194 3983 1362 4065 Septembris
1375 3986 1459 4052 edita,
1471 3987 1596 4057 vulgavit
1606 3985 1707 4041 citatus
1721 3988 1800 4042 Corri-

1001 4052 1132 4120 belisius;
1148 4071 1212 4110 suas
1226 4072 1255 4110 in
1270 4057 1460 4113 admonitione
1471 4058 1573 4129 previa
1583 4056 1725 4128 proposuit
1737 4057 1801 4113 itur·

1002 4126 1109 4180 nartius
1124 4126 1197 4181 inter
1218 4129 1318 4183 selecta
1334 4144 1394 4200 pag.
1411 4129 1473 4184 627.
1490 4129 1622 4201 Pleraque
1643 4128 1802 4184 eruditissi-

1004 4213 1111 4251 morum
1126 4198 1250 4253 virorum
1261 4199 1376 4254 istorum
1391 4206 1552 4270 argumenta
1565 4215 1661 4255 rursus
1671 4197 1803 4270 expendit
1814 4250 1818 4260 ,

1003 4267 1198 4324 Tillemontius
1215 4276 1289 4325 tomo
1304 4287 1333 4336 v,
1353 4286 1441 4350 apag.
1457 4270 1520 4325 est.
1532 4270 1636 4323 Silvam
1653 4269 1733 4323 video
1748 4270 1802 4339 spi·

1004 4355 1098 4394 nosam
1120 4347 1147 4394 et
1165 4339 1326 4411 implexam,
1348 4357 1394 4396 cui
1415 4337 1610 4421 expurgandae,
1633 4353 1667 4392 an
1688 4339 1803 4392 exscin-

1003 4409 1109 4475 denda,
1120 4427 1183 4465 cum
1194 4411 1323 4477 Beronio,
1339 4412 1521 4477 Florentiuio,
1533 4409 1660 4480 aliisque,
1676 4423 1804 4487 proprius

1005 4480 1033 4534 in
1048 4480 1126 4535 Actis
1141 4481 1242 4536 nostris
1257 4482 1334 4537 locus
1348 4481 1410 4536 erit.
1438 4480 1593 4537 Subscribit
1612 4479 1804 4549 blartyrologis

1004 4551 1065 4606 aliis
1082 4550 1305 4618 wandalbertus,
1320 4551 1440 4606 Phocam
1454 4551 1538 4606 etiam
1553 4550 1683 4617 alterum,
1703 4563 1802 4619 nempe

1003 4621 1162 4693 episcopum,
1179 4621 1226 4678 hic
1236 4621 1276 4678 ita
1289 4637 1443 4678 exornans:

1068 4731 1185 4780 Antiates
1200 4729 1284 4792 pridie
1300 4738 1327 4779 et
1344 4740 1440 4794 martyr
1456 4729 1518 4794 petit
1531 4730 1745 4779 aetheraPhocae.

1040 4843 1079 4897 De
1093 4841 1209 4896 Heracle
1225 4836 1415 4895 Alexandrino
1430 4836 1585 4911 patriarcha
1598 4843 1691 4894 tacent
1703 4835 1805 4904 Marty-

1006 4913 1095 4988 rologi
1105 4929 1211 4979 omnes,
1227 4911 1351 4968 Usuardo
1366 4918 1413 4967 aut
1425 4908 1605 4981 antiquiores,
1619 4915 1667 4987 aut
1676 4905 1803 4976 aequales,

1007 4986 1093 5060 litque
1107 4985 1175 5042 adeo
1189 4984 1303 5041 evidens
1322 4982 1443 5056 primum
1457 4980 1490 5036 ab
1505 4997 1537 5036 eo
1555 4981 1645 5034 locum
1658 4982 1731 5054 inter
1744 4988 1805 5027 san-

1007 5068 1067 5115 ctos
1081 5058 1222 5113 Heraclom
1236 5056 1404 5119 obtinuisse;
1420 5052 1493 5125 quod
1508 5050 1631 5122 proiecto
1648 5042 1803 5123 mirandum

1008 5129 1038 5185 in
1057 5144 1100 5195 eo,
1120 5127 1168 5201 qui
1191 5128 1330 5182 rarissime
1353 5133 1462 5181 sanctos
1484 5127 1638 5198 extraneos,
1653 5122 1804 5196 praesertim

1008 5208 1064 5256 tarn
1078 5199 1174 5270 procul
1185 5198 1343 5263 accersitos,
1357 5192 1520 5252 ductoribus
1534 5205 1591 5268 suis
1601 5185 1804 5268 superinducit.

1009 5272 1065 5328 Nec
1078 5270 1145 5325 satis
1159 5269 1241 5325 video
1262 5285 1312 5325 cnr
1329 5269 1380 5322 hoc
1396 5281 1450 5336 prae
1470 5269 1576 5318 ceteris
1595 5258 1640 5313 die
1654 5256 1805 5339 ⁸lleraclam

1010 5341 1198 5408 collocaverit,
1216 5357 1297 5412 quoin
1313 5354 1363 5393 nos
1376 5337 1405 5391 in
1416 5334 1486 5390 serie
1500 5328 1695 5411 chronologice
1709 5328 1805 5401 proba·

1010 5413 1094 5469 bilius
1105 5429 1133 5467 iv
1142 5411 1301 5468 Decembris
1312 5408 1371 5464 vita
1381 5407 1517 5469 iunctum,
1534 5418 1563 5456 in
1578 5408 1697 5457 tractatu
1711 5409 1806 5457 nostro

1011 5484 1181 5539 ostendimus
1196 5499 1256 5554 paq.
1276 5480 1328 5547 at;
1346 5477 1393 5534 sed
1408 5475 1466 5530 haec
1482 5474 1543 5530 loco
1557 5489 1607 5528 suo
1621 5470 1807 5553 examinanda

1011 5561 1195 5611 reservantur.
1215 5551 1339 5608 Sufficiat
1362 5563 1458 5603 verum
1482 5545 1528 5601 hic
1557 5544 1674 5601 Usuardi
1698 5549 1806 5598 textum

1011 5627 1147 5692 retulisse,
1174 5625 1201 5680 in
1220 5639 1274 5696 quo
1317 5638 1358 5676 ue
1380 5619 1408 5675 iu
1430 5617 1506 5674 illius
1521 5615 1683 5699 patriarcha
1698 5613 1806 5695 laudem

1010 5697 1195 5763 adducuntur,
1210 5693 1281 5767 apud
1295 5639 1389 5750 Safini
1402 5689 1552 5753 Eusebium
1564 5702 1689 5753 invenies
1698 5684 1747 5740 lib.
1764 5697 1803 5753 vi,

1010 5785 1069 5844 cap.
1087 5768 1130 5827 23.
