3834 6136
135 282 208 341 1117

446 461 561 522 CAPUT
574 462 621 520 111.

164 561 300 621 Bellouaci
311 562 442 635 madeat
453 581 464 629 ;
484 564 532 622 SS.
548 561 732 621 Maximianus
743 567 768 619 et
780 559 905 618 Julianus

376 636 506 707 martyrio
520 641 692 692 coronantur.

167 759 196 818 9.
210 756 319 827 Quibus
333 757 371 814 ita
385 757 526 833 dispositis
549 760 580 817 B.
596 759 757 831 Dionysius,
773 758 821 833 qui
838 768 865 816 et
878 758 933 815 alio

129 847 247 905 nomine
259 846 394 904 Macarius
410 864 459 920 pro
473 849 558 906 31313
579 849 732 907 sanctitatis
747 849 879 920 religione
893 855 934 906 331

129 945 257 1005 voratas,
282 937 329 1011 qui
354 945 381 995 et
405 936 538 995 honorem
562 939 730 1013 apostolatus
755 939 880 995 tradente
900 938 931 996 B.

129 1027 273 1087 Clemente
286 1037 453 1099 susceperat,
479 1037 506 1086 et
527 1029 703 1102 privilegium
719 1027 886 1102 predicandi
904 1029 934 1085 in

129 1117 270 1191 gentibus,
287 1133 378 1175 secum
394 1117 485 1175 adhuc
499 1120 716 1177 sacratissimum
728 1119 880 1177 bacinnum
894 1136 933 1177 re·

130 1205 250 1264 tinuisse
265 1213 391 1263 noscetur
406 1225 412 1263 :
429 1206 515 1264 donec
530 1209 667 1265 Lutetiam
681 1239 692 1266 ι
706 1209 873 1268 Parisiorum
887 1226 934 1283 op·

129 1299 228 1374 pidum
256 1300 422 1372 perveniret.
445 1301 522 1358 Unde
538 1302 633 1375 paucis
653 1318 744 1360 secum
770 1304 884 1360 retentis
905 1304 932 1360 S.

131 1390 299 1459 Lucianum,
331 1407 412 1463 quem
438 1390 492 1447 sibi
518 1392 648 1448 nobilitas
674 1391 739 1449 fidei
772 1393 934 1464 sociaverat,

131 1479 256 1555 fidesque
279 1478 384 1538 Christi
409 1497 568 1554 germanum
590 1481 703 1551 iecerat,
727 1483 848 1557 probitas
870 1501 935 1542 vero

131 1590 200 1630 mox
210 1580 238 1630 et
248 1572 382 1631 instantia
395 1572 587 1646 conjunxerat,
597 1590 660 1632 cnm
672 1597 684 1634 3
696 1575 724 1632 S.
739 1574 866 1631 Mariano
877 1592 935 1648 pre.

129 1662 246 1736 sbytero
271 1672 297 1721 et
322 1664 433 1721 Juliano
463 1663 591 1734 diacona,
620 1665 825 1737 evangelizandi
850 1665 936 1740 gratia

742 280 860 339 SERMO
877 279 913 338 IN
931 279 959 337 S.
980 275 1173 336 hacteuus.

1719 274 1786 333 1118

947 427 1148 503 hcorporihus
1161 425 1324 486 decederent
1337 426 1465 484 obsessis.
1479 428 1517 483 Et
1530 426 1629 486 diebus
1644 445 1676 487 ac
1690 430 1786 489 33311-

986 518 1039 575 133
1053 517 1228 592 3331133313
1249 534 1304 574 333
1319 533 1428 575 cessata
1452 517 1644 592 perseverabat
1664 526 1786 577 astruere

987 625 1084 665 verum
1099 615 1228 665 313333
1245 607 1404 665 bominum.
1422 607 1535 680 Semper
1548 606 1623 664 euim
1639 615 1786 665 eratoccu·

987 705 1066 772 patus
1080 697 1243 753 inoratione
1259 703 1286 752 et
1300 695 1410 753 'afficio
1419 695 1528 765 divino,
1537 696 1567 752 in
1577 695 1682 770 vigiliis
1696 695 1788 769 pluri·

987 787 1051 857 mis,
1066 795 1093 843 et
1103 785 1217 860 jejuniis
1232 784 1412 858 quotidianis,
1423 785 1452 841 13
1466 785 1634 843 abstinentia
1649 784 1785 852 ciborum,

987 885 1015 934 et
1029 877 1058 933 13
1073 876 1149 934 3331
1164 874 1315 932 afflictione
1330 873 1431 943 333313,
1449 890 1503 948 qua
1517 890 1546 929 se
1560 875 1684 946 quotidie
1699 891 1785 932 mace·

988 967 1076 1036 rabat,
1088 974 1223 1040 quatenus
1234 964 1316 1036 juxta
1325 964 1489 1038 Apostolum
1500 979 1529 1018 se
1545 961 1664 1018 hostiam
1680 963 1784 1031 vivam,

987 1056 1221 1129 beneplacentem,
1230 1052 1341 1110 Christo
1351 1051 1470 1108 Domino
1482 1049 1626 1107 exhiberet
1637 1051 1725 1120 (1133.
1734 1066 1785 1134 xiv,

991 1145 1028 1217 l).
1050 1142 1307 1203 Undeassidunsei
1326 1142 1418 1198 313133
1441 1141 1535 1197 nullus
1558 1140 1630 1196 alius
1650 1145 1717 1195 crat.
1734 1138 1787 1195 313Ι

990 1236 1116 1294 33311333
1130 1235 1218 1308 panis,
1234 1249 1351 1308 esusque
1377 1231 1533 1301 herbarum,
1550 1238 1577 1287 et
1599 1246 1669 1304 aqua
1688 1229 1788 1302 frigida

989 1334 1078 1401 potus.
1112 1323 1288 1383 sustentabat
1318 1330 1409 1380 33133
1429 1338 1491 1378 333
1516 1321 1605 1377 virtus
1629 1319 1735 1388 divina,
1755 1336 1787 1377 ac
1862 1323 1865 1328 “

989 1417 1111 1473 333133
1122 1414 1225 1473 1311113
1236 1410 1340 1471 Christi
1354 1411 1440 1482 gratia
1455 1406 1599 1466 roborabat
1614 1425 1620 1463 :
1637 1407 1787 1480 sicquippe

989 1505 1135 1563 anhelabat
1149 1503 1244 1561 heatus
1259 1499 1401 1573 pervenire
1416 1498 1450 1555 ad
1465 1499 1583 1572 palmam
1603 1496 1741 1566 martyrii,
1755 1502 1786 1552 ut

987 1593 1044 1666 jam
1061 1593 1165 1651 munda
1180 1599 1303 1648 mortuus
1317 1604 1425 1646 crucem
1441 1594 1562 1660 portaret
1575 1583 1699 1658 quotidie
1725 1590 1787 1657 post

990 1683 1131 1744 Christum
1157 1682 1306 1740 Dominum
1332 1698 1337 1737 :
1364 1678 1429 1752 quia
1451 1694 1500 1751 pro
1514 1683 1590 1734 certo
1605 1683 1717 1732 noverat
1730 1673 1786 1731 133

128 1754 266 1811 Β3133333
283 1755 361 1811 arrisit
377 1772 383 1810 :
401 1771 456 1828 quo
470 1755 595 1813 custodia
613 1757 799 1813 Romanorum
814 1765 840 1814 31
852 1758 969 1857 mili-B
992 1791 1050 1830 0350
1076 1772 1204 1846 martyrii
1228 1786 1335 1844 genera,
1360 1784 1446 1824 unum
1470 1766 1605 1839 siquidem
1621 1764 1649 1821 13
1664 1765 1784 1832 occulto,

127 1843 199 1901 taris
213 1844 360 1913 exercitus,
378 1853 408 1901 ut
424 1845 550 1918 legimns,
564 1844 709 1915 residebat,
726 1847 855 1920 quoniam
867 1862 932 1915 gens

127 1932 339 1990 Belsacensium
353 1949 460 2005 semper
471 1935 601 1990 bellicosa
612 1934 696 1990 luisse
707 1943 842 1992 narratur.
856 1935 931 1992 Unde

128 2021 314 2091 solummodo,
331 2023 402 2079 sicut
413 2023 441 2078 13
452 2022 576 2079 historiis
586 2022 744 2080 continetur
756 2024 883 2097 publicis,
897 2041 932 2080 ex

127 2112 225 2170 eodem
241 2128 309 2185 pago
330 2144 341 2171 a
364 2113 504 2185 sexaginta
526 2120 554 2168 31
575 2128 608 2168 33
631 2112 931 2186 ampliusarmatornm

127 2201 220 2258 millia
232 2200 320 2258 exisse
331 2202 460 2273 leguntur
469 2202 579 2257 obviam
593 2200 627 2257 ad
644 2200 768 2274 praelium
779 2211 874 2259 333133
886 2203 930 2260 13-

127 2291 200 2350 1133
215 2291 360 2362 Cesaram,
372 2302 398 2349 et
410 2303 505 2351 333133
513 2294 697 2351 Montanorum
711 2295 863 2351 exercitum
877 2299 932 2352 una

127 2398 194 2440 333
221 2382 338 2457 reliquis
359 2382 510 2439 Galliarum
534 2383 706 2441 concivibus.
724 2385 759 2440 Et
778 2384 840 2441 1133
863 2402 931 2458 pro·
954 2406 957 2411 ·

128 2479 191 2546 pter
204 2470 377 2528 lcustodiam
388 2483 546 2529 ceterarum
560 2472 704 2530 civitatum
716 2475 855 2532 Romanus
864 2482 932 2532 tunc

127 2561 262 2634 temporis
277 2560 436 2618 versabatur
450 2563 599 2619 exercitus.

168 2651 210 2708 lli.
227 2648 328 2708 Contra
345 2667 427 2725 quam
453 2653 588 2709 leritatem
608 2660 787 2728 utrarumque
807 2654 930 2726 gentium

128 2739 298 2797 fortissimus
314 2740 417 2797 athleta
434 2741 548 2811 Christi,
565 2742 663 2799 solatio
677 2743 763 2800 133133
775 2743 933 2816 discipulo-

988 1862 1064 1919 aliud
1078 1877 1142 1918 vero
1157 1861 1185 1915 in
1202 1858 1359 1926 manifesto,
1376 1863 1402 1912 et
1415 1855 1488 1912 idem
1512 1855 1632 1927 primum
1653 1853 1726 1909 istud
1741 1851 1786 1907 13-

987 1950 1063 2007 rehat
1079 1950 1105 2004 in
1121 1947 1283 2005 abscondito
1311 1953 1478 2017 (quanquam
1494 1944 1785 2000 33331133133333133-

987 2031 1068 2089 nibus
1084 2031 1382 2101 31313331311333113),
1394 2030 1467 2086 3131
1479 2027 1549 2085 illud
1560 2027 1716 2100 perveniret
1725 2031 1786 2098 post

987 2123 1099 2178 33133
1114 2140 1130 2178 3
1144 2123 1264 2180 Domino
1278 2120 1461 2178 coronandus.
1473 2119 1527 2175 Era
1553 2118 1627 2173 enim
1639 2115 1785 2172 33311133·

986 2211 1062 2267 11333
1075 2210 1166 2267 carnis
1180 2210 1333 2277 conlectus,
1346 2208 1479 2281 patientia
1493 2208 1618 2274 decorus,
1636 2207 1705 2261 mira
1728 2203 1786 2260 hu-

987 2299 1105 2355 militate
1129 2297 1270 2365 13313133,
1304 2295 1516 2352 333333131133
1544 2295 1674 2367 repletus.
1707 2291 1785 2350 Unde

986 2395 1064 2445 tanta
1077 2388 1151 2444 circa
1162 2404 1224 2444 eum
1240 2392 1398 2443 excreverat
1411 2385 1500 2440 virtus
1510 2383 1647 2439 bonorum
1658 2398 1783 2456 operum,

987 2486 1018 2534 ut
1029 2480 1056 2535 13
1072 2477 1152 2534 terris
1167 2476 1257 2534 adhuc
1272 2476 1300 2532 in
1324 2489 1437 2547 corpore
1460 2473 1576 2546 positus,
1601 2488 1664 2529 cum
1681 2471 1785 2544 augelis

983 2567 1041 2640 jum
1055 2567 1156 2640 spiritu
1170 2565 1311 2622 videretur
1325 2564 1481 2620 conversari
1499 2562 1527 2618 13
1542 2561 1628 2618 cmlis.
1642 2560 1712 2618 11133
1727 2567 1784 2617 3331

987 2657 1060 2729 quod
1084 2672 1192 2729 semper
1220 2655 1301 2712 vultu
1324 2653 1447 2726 placidus
1471 2652 1627 2720 videbatur,
1644 2658 1671 2707 et
1694 2657 1785 2707 mente

987 2745 1163 2820 tranquilus,
1177 2745 1246 2802 mira
1256 2744 1357 2801 canitie
1368 2742 1523 2810 decoratus,
1532 2750 1563 2798 ut
1578 2749 1653 2799 13133
1662 2738 1786 2797 moribus

127 2845 203 2900 rum,
219 2846 274 2887 non
290 2839 331 2889 est
345 2832 505 2904 perterritus
527 2833 621 2889 venire
645 2833 747 2890 Christi
768 2833 932 2905 precinctus
986 2847 1013 2895 et
1026 2854 1141 2912 corpore
1156 2837 1317 2909 probaretur
1339 2834 1506 2908 conspicuus
1524 2841 1606 2906 atque
1627 2833 1783 2906 praeclarus.
1803 2858 1809 2865 ·

127 2920 223 2990 armis,
245 2937 277 2978 ac
300 2920 396 2978 divina
419 2922 506 2994 gratia
528 2924 730 2980 corroboratus.
749 2932 760 2958 ·
774 2923 841 2980 Erat
856 2924 930 2979 enim
1023 2929 1067 2986 11,
1081 2927 1134 2984 Sed
1146 2944 1209 2985 cum
1224 2925 1283 2999 ejus
1298 2924 1371 2982 lama
1386 2925 1466 2998 longe
1496 2921 1602 2997 lateque
1618 2922 1784 2996 percrebuis-

127 3010 184 3069 flde
194 3013 441 3084 0013111111111113,
453 3029 579 3070 36111011
589 3012 815 3080 facundissimus,
832 3024 859 3072 θῑ
869 3013 931 3070 vir·
986 3027 1037 3090 331,
1050 3019 1198 3075 333131331
1208 3017 1242 3074 31
1257 3033 1319 3073 333
1335 3015 1445 3089 plurimi
1456 3022 1486 3070 ut
1496 3013 1530 3070 ab
1540 3030 1572 3070 ea
1582 3013 1787 3086 baptizarentur

127 3100 236 3158 tutibus
250 3104 358 3160 cunctis
372 3103 555 3160 admirabilis.
571 3102 660 3176 Coepit
683 3103 768 3175 igitur
783 3103 930 3177 praedicare
986 3108 1015 3164 in
1033 3109 1145 3164 nominc
1160 3106 1247 3164 Patris
1262 3113 1289 3161 et
1304 3103 1368 3159 Filii
1383 3110 1409 3159 et
1422 3101 1541 3175 Spiritus
1553 3101 1649 3157 sancti.
1661 3102 1786 3157 Destrue-

128 3206 231 3247 nomen
245 3192 368 3261 Dasmini,
384 3201 531 3266 potestates
543 3193 631 3250 aerias
643 3193 790 3262 debellare,
807 3191 932 3250 Christi·
950 3174 972 3236 0
986 3198 1088 3254 133133
1102 3197 1212 3264 idola,a
1226 3193 1327 3267 quibus
1342 3193 1451 3248 inerant
1461 3189 1602 3246 fabricata.
1611 3187 1785 3247 Undehostis

128 3295 182 3353 que
196 3282 349 3339 Ecclesiam
363 3284 495 3356 plantare.
510 3283 629 3358 Spiritus
641 3299 750 3357 quoque
764 3282 851 3339 sancti
865 3299 931 3357 gra-

128 3371 169 3428 tia
184 3371 334 3442 debriatus,
351 3389 406 3430 333
424 3373 515 3429 31333
527 3372 662 3444 exemplis
677 3372 831 3428 instruebat
847 3389 931 3446 popu.

128 3460 199 3532 lum,
215 3478 297 3536 quam
312 3461 415 3517 verbis.
440 3458 594 3516 Accedebat
612 3475 730 3532 namque
744 3458 833 3516 virtus
848 3461 930 3516 mira·

127 3551 267 3620 culorum,
282 3558 310 3605 et
322 3564 418 3604 33333
433 3547 544 3604 morbos
557 3549 745 3622 pervirtutem
760 3549 871 3606 Domini
887 3549 931 3606 de·

126 3641 259 3715 pellebat.
276 3640 392 3695 Tantam
406 3637 480 3694 enim
501 3639 615 3711 gratiam
632 3638 661 3695 13
676 3638 829 3712 effugandis
850 3655 932 3698 acae-

124 3736 206 3804 perat
234 3726 416 3795 damonibus,
441 3734 472 3783 ut
493 3727 610 3800 imperio
631 3728 690 3802 ejus
708 3729 813 3800 audito,
836 3746 932 3786 3333

124 3835 191 3878 333
209 3819 271 3874 31113
286 3815 444 3873 auctoribus
460 3818 596 3874 Nicasiam
608 3818 738 3874 scriberet
753 3820 882 3888 Lovetus,
898 3818 931 3876 13

126 3889 222 3964 quali
238 3888 377 3957 Octobris)
391 3906 397 3944 :
413 3890 562 3945 Taurinam
572 3888 786 3946 Ebroicensrbus
797 3891 826 3946 ll
839 3890 880 3946 Au
924 3921 931 3933 ·

125 3962 162 4018 ati
177 3979 184 4029 ;
205 3961 339 4018 Valeriam
353 3960 475 4016 Treviris
490 3960 636 4017 29133333.
650 3978 656 4016 ;
671 3960 717 4016 sed
732 3961 807 4017 hunc
817 3962 868 4018 aS.
905 3978 931 4016 e·

126 4033 217 4089 troad
233 4049 262 4089 se
276 4032 391 4088 missum
407 4032 515 4088 Treviri
532 4032 613 4088 aiunt
628 4050 636 4100 ;
652 4032 818 4088 Mansuetiana
834 4031 932 4090 Leucis

126 4104 144 4160 3
158 4103 313 4176 Septenvbr.
332 4120 338 4159 :
356 4102 404 4159 sed
423 4102 498 4160 hunc
512 4119 621 4178 quoqne
635 4119 651 4159 a
666 4103 694 4161 S.
718 4103 799 4160 Petra
815 4103 930 4161 missum

126 4175 202 4232 1133
206 4174 351 4304 ²rzbgsiasnin
361 4171 421 4246 ejus
431 4174 496 4232 Vita
510 4174 626 4244 scribit;
643 4173 810 4233 Carnutibus
827 4175 930 4232 Caran-

126 4263 192 4303 nnm
282 4263 330 4303 33.

162 4319 239 4375 ¹lls.
255 4319 283 4375 S.
299 4318 373 4375 Max.
396 4317 474 4375 addit
493 4318 578 4375 isthic
600 4319 733 4376 mansisse
752 4317 928 4391 Dionysium,

125 4389 201 4463 quod
216 4389 255 4447 ihi
269 4392 387 4463 amplius
403 4390 505 4460 farone
521 4388 710 4447 immanitatem
724 4390 826 4447 moris
839 4406 930 4462 coque

126 4462 175 4519 ait.

163 4533 238 4589 bbis.
255 4530 283 4590 S.
309 4532 382 4592 Max.
398 4540 426 4590 et
445 4533 565 4591 Lovetus
580 4530 692 4601 habeut,
717 4548 763 4588 eos
784 4547 800 4588 a
822 4532 851 4589 S.
871 4532 931 4589 Lu·
946 4532 971 4592 D
987 4532 1062 4586 mine
1074 4537 1198 4593 vocatur,
1213 4527 1269 4594 313,
1286 4540 1333 4597 per

125 4674 289 4732 Bellovacos
301 4675 378 4734 lacit.

167 4744 281 4805 ‘Caesar
297 4747 315 4803 l.
332 4764 362 4817 11,
382 4748 413 4804 de
426 4750 494 4806 bello
510 4747 612 4806 Gallico
627 4747 724 4814 scribit
738 4754 849 4804 centum
863 4745 931 4803 mil-

126 4817 166 4875 lia
179 4834 225 4875 eas
242 4817 378 4876 conficere
393 4836 481 4892 posse,
503 4829 531 4876 at
551 4819 630 4877 3313
652 4819 797 4894 Belgarum
812 4818 931 4876 concilio

125 4897 224 4947 contra
240 4891 379 4947 Romanos
393 4892 481 4950 60010
495 4838 643 4964 padicius.

163 4960 279 5018 111111
297 4961 339 5018 113
365 4962 393 5020 S.
410 4964 483 5021 Max.
499 4969 525 5020 et
539 4963 669 5029 Lavetus,
683 4968 796 5035 propter
810 4963 930 5019 insolen-

126 5032 193 5088 tiam
212 5049 313 5103 eorum,
329 5051 374 5090 seu
387 5042 499 5117 propter
508 5034 642 5089 3331331133
662 5040 827 5100 causarum,
840 5041 893 5091 etc.

162 5112 174 5140 ·
189 5103 241 5184 1113
255 5105 376 5177 plurima
390 5104 600 5189 interjiciuntur
613 5105 643 5161 in
658 5105 707 5160 113.
723 5103 751 5161 S.
772 5104 929 5174 Maximini,

124 5174 161 5232 de
175 5190 234 5247 spus
249 5175 412 5247 virtutibus,
437 5178 588 5247 miraculis,
604 5175 732 5249 plurimis
752 5174 834 5233 3331
857 5183 930 5232 3331

125 5245 295 5304 Maximiano
315 5263 347 5304 ao
368 5248 643 5318 1311333333333313,
665 5249 693 5304 13
709 5191 786 5314 31133,
804 5245 884 5313 31313,
899 5263 931 5303 33

125 5318 222 5385 311113;
239 5325 320 5391 atque
336 5320 394 5376 haec
417 5321 489 5378 inter
510 5319 574 5390 alia,
590 5336 649 5393 quae
671 5334 707 5375 en
751 5316 860 5391 uopiam
875 5317 930 5374 alio

124 5389 178 5446 113.
193 5389 292 5471 recitat
315 5407 424 5464 quoqne
448 5393 591 5450 Lanatus:
615 5416 624 5439 ι
644 5391 675 5447 13
690 5335 790 5462 quibus
806 5388 930 5470 prolecto

125 5460 268 5518 laboribus
282 5461 434 5531 interdum,
449 5465 501 5521 etsi
515 5464 603 5520 lassum
617 5461 764 5519 videbatur
776 5476 864 5528 33313,
881 5475 929 5516 vr-

124 5533 316 5604 garamantis,
341 5542 368 5591 et
389 5534 492 5593 virtute
507 5535 626 5608 Spiritus
645 5533 731 5590 333311
755 5530 929 5589 confortaba-

124 5609 183 5671 tur,
198 5612 229 5661 ut
242 5612 333 5676 posset
348 5605 439 5664 dicere
458 5623 522 5665 cum
542 5605 667 5680 apostola
690 5622 696 5661 :
719 5603 886 5684 Fortiorem
901 5610 929 5660 31

124 5673 219 5731 omnia
229 5690 341 5748 possum
354 5676 382 5732 in
394 5694 426 5734 33
434 5677 480 5750 qui
489 5694 533 5735 me
544 5677 691 5736 coulartat.
708 5673 814 5733 11133
825 5688 928 5749 qusppe

986 3292 1117 3357 antiquus
1131 3280 1292 3338 3113333111
1303 3280 1427 3352 deperire
1441 3277 1646 3352 quosChristus
1661 3292 1783 3350 persnas

987 3371 1145 3445 acquirebat
1160 3370 1289 3438 famulos,
1305 3377 1362 3425 tota
1378 3366 1489 3424 artificii
1506 3366 1548 3422 sui
1563 3365 1785 3423 machinamenta

986 3461 1019 3517 ad
1034 3457 1248 3533 impugnandam
1258 3465 1379 3514 sanctam
1396 3456 1444 3513 Dei
1459 3453 1609 3513 Ecclesiam
1621 3452 1761 3511 convertit
1776 3471 1782 3508 ε

986 3545 1292 3620 ‘ethomitiannmqui
1303 3553 1363 3618 post
1372 3546 1506 3603 Neronem
1519 3542 1683 3616 perditionis
1693 3541 1783 3598 11133

986 3639 1131 3696 secundam
1147 3636 1363 3712 persecutionem
1378 3635 1407 3692 iu
1417 3630 1731 3700 Christianosexercuit,
1746 3629 1785 3686 113

987 3727 1252 3798 1313333311,3131
1266 3735 1370 3783 133133
1386 3724 1489 3781 rabiem
1501 3722 1700 3797 indignationis
1710 3737 1783 3779 333·

986 3819 1015 3876 11
1030 3818 1118 3877 333311
1133 3817 1186 3873 3131
1201 3828 1256 3874 133
1272 3816 1414 3888 corstiguas
1426 3823 1507 3888 atque
1526 3814 1621 3871 affines
1636 3814 1663 3869 in
1679 3811 1785 3886 praedi-

986 3890 1094 3947 catione
1106 3889 1250 3963 Evangelii
1265 3888 1317 3945 sibi
1328 3889 1465 3961 elegerant
1480 3897 1579 3960 partes,
1596 3901 1650 3958 qua
1675 3890 1785 3966 possent

985 3962 1019 4018 de
1035 3963 1161 4033 proximo
1174 3961 1278 4017 divinis
1295 3976 1377 4033 quam
1401 3974 1472 4032 saepe
1495 3958 1630 4016 3333313131
1655 3958 1783 4028 eloquns,

987 4033 1144 4105 mutuisque
1159 4038 1391 4102 serepraesentare
1405 4031 1572 4104 aspectibus.
1597 4029 1662 4085 1133
1685 4026 1786 4107 quibus

986 4113 1100 4159 3331333
1115 4112 1249 4168 unum,et
1262 4104 1431 4167 33133333,
1447 4117 1555 4174 unaque
1564 4099 1684 4157 charitas
1695 4097 1785 4155 divim

985 4173 1096 4234 amoris.
1113 4173 1177 4245 quia
1191 4172 1274 4227 simul
1287 4186 1346 4226 esee
1357 4186 1412 4225 non
1428 4178 1554 4249 poterant
1580 4177 1691 4241 propter
1704 4184 1785 4227 com-

986 4244 1069 4300 missa
1082 4244 1135 4299 sibi
1151 4240 1355 4314 praedicationis
1364 4240 1464 4303 officia,
1474 4240 1604 4310 lucraque
1616 4241 1782 4304 animarum

986 4331 1073 4388 neque
1089 4316 1169 4387 longe
1186 4314 1236 4371 diu
1251 4312 1386 4380 13331331,
1401 4317 1432 4366 31
1446 4325 1475 4366 33
1489 4308 1614 4365 vicissim
1634 4307 1722 4364 sacris
1743 4323 1783 4364 re

985 4395 1109 4444 crearent
1134 4384 1271 4458 alloquiis.
1297 4382 1375 4440 Unde
1397 4380 1489 4437 adhuc
1509 4379 1592 4437 hodie
1606 4383 1785 4435 monumenta

986 4465 1154 4516 monstratur
1168 4458 1198 4513 B.
1216 4453 1356 4527 Dionysii,
1372 4451 1492 4526 publica,
1508 4466 1568 4525 qua
1592 4449 1651 4522 ejus
1675 4463 1710 4504 33
1736 4463 1784 4504 3ο-

1364 4539 1438 4590 uam,
1454 4531 1485 4579 ut
1498 4523 1597 4591 lertnr,
1611 4519 1706 4578 venire
1720 4535 1783 4576 cou-

125 4603 209 4660 ciana
221 4604 306 4661 luisse
319 4620 479 4674 conversos,
503 4605 582 4678 eique
606 4601 774 4661 adhaesisse:
792 4602 932 4676 hicgente
986 4609 1111 4658 sueverat
1127 4615 1251 4657 summus
1269 4540 1406 4670 33311133,
1421 4601 1453 4651 31
1467 4594 1516 4651 133
1530 4609 1579 4651 333
1613 4589 1783 4649 3333311311-

989 4673 1117 4730 133133331
1127 4679 1228 4744 partes,
1238 4676 1418 4741 sanctumque
1430 4683 1522 4724 senem
1547 4674 1575 4723 31
1628 4663 1783 4720 311331333

989 4745 1140 4801 lucianum
1155 4759 1205 4800 sua
1224 4741 1360 4799 refoveret
1381 4748 1504 4813 aspectu,
1528 4745 1555 4794 31
1576 4736 1679 4821 pariter
1700 4748 1784 4815 quau·

988 4816 1074 4890 tisper
1091 4815 1261 4873 decertantes
1275 4812 1409 4871 curabant
1427 4811 1511 4868 verbo
1536 4810 1672 4867 feritatem
1698 4811 1783 4879 gautr-

988 4887 1057 4944 lium
1071 4888 1106 4945 ad
1118 4887 1176 4945 3331
1195 4887 1246 4945 Dei
1258 4885 1376 4966 dirigere
1385 4883 1557 4940 servitutem.
1574 4907 1584 4932 ι
1638 4951 1644 4962 .
1724 4946 1730 4957 α

1022 4958 1029 4988 ¹
1043 4959 1178 5017 Cnnstans
1191 4958 1331 5015 Bellovaci
1346 4955 1460 5012 traditio
1477 4963 1527 5023 est,
1543 4953 1615 5011 aedes
1636 4965 1665 5007 rn
1685 4945 1785 5020 quibus

987 5030 1054 5087 olim
1069 5031 1165 5088 divina
1179 5030 1269 5088 ollicia
1282 5028 1421 5086 celebrare
1439 5030 1618 5083 consueverat
1643 5031 1784 5077 33333333·

987 5109 1028 5159 tas
1042 5101 1143 5158 deinde
1158 5101 1345 5160 13333133133
1369 5097 1428 5178 ejus
1452 5095 1584 5175 primum,
1603 5065 1738 5176 ⁸deinceps
1753 5090 1780 5146 S.

986 5173 1093 5230 Micolai
1115 5173 1222 5229 nomini
1248 5186 1350 5229 sacram
1368 5186 1375 5224 ε
1392 5183 1475 5240 inque
1493 5182 1552 5239 epus
1571 5180 1608 5221 rer
1624 5174 1784 5243 mariannam

986 5244 1193 5372 {lliuslestodie
1203 5243 1285 5302 Missa
1298 5241 1331 5298 iit
1349 5254 1432 5313 supra
1451 5237 1570 5311 primum
1588 5232 1785 5306 magnraltarvs

998 5331 1131 5372 ornvcem.

1021 5395 1030 5424 ⁸
1045 5386 1139 5460 Coepta
1153 5391 1211 5441 erat
1230 5380 1383 5442 Domitiani
1406 5379 1559 5463 persecmio
1580 5378 1738 5458 priusquam
1754 5376 1784 5433 13

986 5457 1090 5516 Gallias
1104 5455 1211 5514 veniret
1226 5455 1375 5523 Lucienus,
1392 5469 1415 5509 33
1436 5452 1576 5509 Clemente
1592 5447 1721 5524 pontifice
1735 5464 1779 5504 ve-

986 5530 1028 5587 uit
1044 5529 1109 5587 :sed
1124 5527 1249 5586 fortassis
1261 5525 1352 5583 edicta
1373 5522 1496 5580 nondum
1517 5521 1546 5578 iu
1565 5537 1660 5579 amnes
1681 5520 1785 5594 perlata

985 5609 1062 5660 eraut
1074 5598 1242 5675 provincias.
