3834 6136
60 222 109 288 att

600 227 915 292 uaurruotoutttlt.
936 264 972 277 -
989 232 1093 293 MENS.
1115 233 1198 291 AUG.

1661 240 1714 303 358

61 356 179 424 trahant,
193 353 248 412 boc
262 353 364 411 modo:
389 353 486 424 «Item,
502 354 592 426 passio
606 355 754 414 Graciliani
770 366 797 415 et
812 360 859 415 Fe·
873 363 899 422 A
951 361 1110 420 Aurasius:
1131 386 1140 409 ι
1154 361 1257 418 Eodem
1267 360 1321 431 die,
1333 364 1420 420 saneti
1434 362 1621 422 eructuant·
1641 368 1713 426 Vide

61 427 201 486 licissimae
216 427 346 499 uirginis.
361 451 370 474 ·

93 501 257 566 numam,
267 499 326 554 sive
339 499 524 568 amanuensis,
536 498 594 555 sive
606 508 615 556 t
654 501 766 574 ographi
778 503 858 571 vitio,

60 571 199 630 connectit
209 571 359 652 disparata,
376 586 439 625 nam
455 578 526 642 post,
541 588 599 625 carm
613 592 630 628 a
644 574 676 627 iis
690 573 792 644 egisti,
809 575 858 630 im-

61 643 176 699 mediate
191 643 322 711 subjicit:
346 642 489 709 «Quorum
512 658 559 698 ora
573 645 693 713 primum
709 661 757 716 pro
773 646 859 702 Chri-

61 724 109 782 sto,
135 740 144 761 ι
171 722 236 781 etc,
264 714 376 769 omissis
397 714 441 780 iis,
465 730 525 786 quae
549 724 626 770 erant
649 717 857 788 interponenda,

62 803 171 857 nempe:
197 811 206 832 ·
234 786 303 840 Item
329 785 396 840 urbe
421 785 521 853 Falari,
547 786 636 856 passio
660 788 810 843 Graciliani
832 796 859 844 et

61 858 236 915 Felicissimae
251 857 380 928 virgins.
396 882 405 902 »

92 929 327 985 Mauram—blau.
344 937 406 999 post
419 930 568 1001 Euprepirr,
585 946 618 984 en
639 931 734 987 Adone
748 934 857 998 attexit,

66 1018 146 1075 «qua
161 1001 385 1072 lueruntpuellae
399 1010 499 1057 sanctae
514 1002 597 1057 Aba.
614 1026 622 1048 ·
645 1005 684 1058 De
701 1005 858 1061 Graciliauo

61 1081 84 1129 et
97 1072 273 1129 Felicissime
286 1071 393 1128 omittit
406 1072 583 1143 positionem,
603 1089 651 1128 seu
667 1075 757 1129 locum
772 1085 857 1132 certa·

62 1144 150 1200 minis.
172 1146 204 1200 lu
230 1143 286 1199 line
307 1151 413 1199 autem:
436 1144 491 1199 «lu
507 1143 611 1200 Assisio
626 1145 750 1214 civitate,
768 1150 857 1205 natale

60 1216 142 1272 beatas
155 1216 245 1273 Clara)
259 1214 386 1286 uirginis.
404 1240 413 1262 ·

91 1289 276 1355 Uarnarncr,
286 1286 554 1353 burnan.,Auaanu.
564 1292 692 1346 etlilium.
702 1290 762 1347 inci
787 1293 855 1347 iuut:

66 1381 73 1405 ι
92 1360 124 1414 lu
139 1359 248 1415 Assisio
261 1359 384 1414 civitate.
401 1359 490 1413 natale
513 1359 597 1415 beatae
620 1362 736 1432 virginis
759 1309 854 1421 diere.

61 1431 123 1497 011ae
137 1430 212 1486 beati
232 1429 371 1485 Francisci
387 1428 610 1500 praedicationem
621 1434 745 1501 audiens,
762 1441 788 1488 et
804 1451 856 1505 poe·

60 1502 209 1557 nitentium
221 1501 327 1569 ridens,
345 1501 416 1556 lacta
436 1507 476 1556 est
499 1501 558 1573 ejus
577 1502 633 1558 lilia
653 1507 815 1575 spiritualia,
830 1514 857 1560 et

61 1581 165 1628 sanctae
180 1573 332 1644 primiceria
348 1573 523 1644 paupertatis.
543 1574 606 1629 llaec
624 1576 731 1631 ordinis
750 1593 857 1648 paupe-

62 1660 125 1698 rum
137 1643 310 1699 dominarum
319 1643 541 1711 fundamentum,
552 1654 578 1699 et
589 1647 685 1716 gloria,
697 1649 788 1702 omnis
798 1665 856 1727 por·

915 450 923 488 1
940 433 1068 504 Augusti.
1091 433 1232 492 «Ciuitate
1242 433 1399 504 cantuaria,
1411 436 1499 492 sancti
1514 436 1653 495 Lambarti
1668 455 1709 495 ar·

915 504 1083 577 chiepiscopi
1102 512 1129 560 et
1143 506 1320 562 confessoris.
1339 533 1348 555 ·

952 577 1118 632 Florianum:
1129 578 1172 632 «ln
1180 577 1291 633 civitate
1303 578 1507 645 Assisii,natale
1518 586 1617 636 sanctas
1626 579 1713 638 Clarae

913 647 1040 719 virginis.
1058 649 1123 714 Quae
1139 649 1191 704 luit
1211 650 1299 721 prima
1319 652 1411 721 planta
1432 651 1539 706 ordinis
1562 668 1712 779 pauherum

914 719 1089 775 dominarum
1105 737 1166 791 qua
1181 728 1207 775 et
1218 722 1276 775 vita
1290 731 1316 777 et
1334 722 1476 778 miraculis
1489 723 1599 778 claruit.
1646 724 1712 795 igra·

913 791 955 845 vit
975 791 1008 845 ad
1030 792 1189 858 Dominum,
1212 809 1283 847 amm
1298 793 1410 848 batruini
1429 811 1563 850 uocum.»

949 864 1048 916 Eurum
1060 864 1247 919 busaeo-Con.
1262 865 1359 935 incipit
1374 885 1379 921 :
1399 865 1535 921 «Colonia
1549 865 1614 936 Agri
1637 866 1711 938 pina,

913 936 1138 990 commemoratio
1154 942 1253 991 sanctae
1273 936 1376 991 Ursulae
1400 937 1500 1008 reginae
1524 947 1551 992 et
1574 953 1604 993 so
1625 939 1711 994 alium

913 1003 972 1074 ejus
986 1005 1114 1060 undecim
1134 1007 1255 1061 millium
1271 1008 1408 1079 virginum
1427 1009 1455 1062 iu
1478 1009 1593 1065 ecclesia
1606 1025 1711 1065 aarum·

913 1076 1008 1132 dem.»
1030 1078 1059 1132 lu
1075 1078 1165 1148 Euplo
1184 1095 1252 1149 pura
1266 1087 1316 1134 est.
1343 1079 1494 1152 Sequitur:
1519 1104 1527 1125 ι
1549 1081 1580 1135 ln
1607 1081 1712 1136 Assisia

912 1147 1033 1214 civitate,
1052 1151 1141 1203 natale
1159 1149 1244 1204 beata
1259 1150 1345 1207 Clara
1361 1151 1486 1222 virginis,
1503 1177 1511 1197 ·
1534 1162 1597 1218 eta,
1625 1152 1711 1208 lernae

912 1228 942 1274 ut
963 1236 1044 1291 supra
1055 1221 1286 1279 Auroram-blan.
1303 1222 1372 1276 Fum
1389 1241 1394 1277 :
1410 1222 1511 1291 «Apud
1522 1224 1710 1293 Augustanam

912 1290 1017 1357 urbem,
1034 1299 1134 1346 sanctae
1152 1292 1272 1357 llilarim,
1290 1294 1384 1347 matris
1397 1303 1497 1348 sauctae
1512 1293 1585 1348 Alrae
1600 1302 1710 1364 marty-

911 1361 958 1415 ris.
976 1363 1040 1428 Quae
1054 1379 1116 1417 cum
1132 1371 1225 1418 sancto
1239 1364 1373 1434 lliouysio
1385 1365 1466 1419 fratre
1477 1363 1535 1434 ejus
1546 1372 1573 1419 et
1583 1364 1709 1436 pluribus

911 1433 972 1488 aliis
993 1434 1099 1487 beatam
1126 1434 1219 1488 Alram
1245 1436 1418 1505 sepelissent,
1444 1443 1470 1490 et
1491 1435 1525 1489 ad
1551 1437 1709 1506 sepulcrum

911 1503 969 1574 eius
979 1505 1155 1571 acerbarent,
1168 1505 1271 1559 ibidem
1287 1506 1489 1577 cornprebensi,
1504 1514 1531 1561 et
1544 1507 1610 1561 dum
1625 1506 1709 1562 idolis

912 1576 1055 1630 iurruolare
1070 1577 1187 1646 nollens
1203 1593 1219 1631 a
1233 1578 1453 1646 persecutoribus
1468 1577 1526 1657 igni
1540 1576 1634 1633 traditi
1644 1585 1710 1633 sunt

910 1662 972 1701 cum
986 1647 1064 1702 beata
1077 1648 1176 1717 Digna,
1191 1648 1326 1702 Eumenia
1336 1658 1363 1705 et
1374 1650 1521 1729 Euprepra,
1530 1665 1589 1721 quaa
1601 1649 1709 1704 fuerant

60 1714 193 1771 iectionis
207 1715 347 1786 speculum
366 1715 474 1771 exstitit
488 1723 514 1771 et
533 1717 654 1773 lucerua.
670 1743 679 1766 ι
702 1721 741 1773 be
755 1720 861 1790 reliquo
875 1723 899 1782 Β
912 1718 1009 1788 puellm
1027 1726 1127 1773 sauma
1140 1719 1223 1785 Alme,
1240 1728 1266 1774 et
1278 1719 1381 1774 ibidem
1392 1736 1488 1774 omnes
1500 1721 1583 1774 srrrrul
1599 1720 1709 1775 honori·

60 1785 165 1840 similes
176 1795 242 1841 sunt
255 1787 488 1842 Aurorae-blaa.
501 1787 553 1843 Sed
567 1790 727 1846 Atasncnn.
739 1789 802 1846 aliis
815 1791 859 1846 de·

61 1857 224 1924 luctuosior,
247 1857 276 1912 iu
294 1858 446 1930 penultima
461 1858 543 1915 habet
557 1858 610 1915 boc
635 1863 742 1916 solum:
767 1864 859 1918 ‹ltem

62 1930 150 2000 passio
160 1938 321 1984 sanctorum
331 1926 480 1985 Graciliani
490 1938 517 1985 et
527 1931 702 1987 Felicissimae
714 1932 858 2004 uirginis.»

93 2000 264 2067 Louanmu,
275 2000 304 2055 iu
314 2001 401 2072 prima
410 2019 505 2074 purus,
517 2002 611 2057 omisit
621 2004 740 2075 elogium
750 2004 860 2060 Hilaris

61 2078 85 2127 et
100 2072 208 2144 reliqua
219 2088 253 2127 eo
267 2073 428 2143 spectantia.
445 2074 484 2129 De
500 2073 668 2142 Graciliano,
684 2084 749 2141 etc,
766 2084 796 2131 ut
806 2076 859 2132 An·

60 2144 250 2198 renum-Max.
271 2144 340 2199 Item
353 2144 381 2199 in
397 2144 451 2200 fine
466 2143 500 2199 de
515 2144 602 2201 Clara.

93 2214 253 2271 Cearrasu.
274 2233 279 2269 :
304 2216 360 2270 «lu
380 2215 474 2272 Sicilia
493 2217 605 2272 civitate
629 2217 749 2285 Catiuas,
771 2218 861 2288 passio

62 2286 146 2341 sancti
157 2286 241 2358 Eupli
249 2285 361 2341 diaconi
369 2294 396 2341 et
407 2288 547 2359 martyris,
559 2296 680 2359 tempore
697 2290 860 2345 Diocletiani

61 2356 112 2412 sub
123 2356 216 2429 judice
230 2356 397 2415 Calvitiauo.
409 2359 440 2414 In
450 2358 531 2428 Siria,
542 2368 697 2415 sanctorum
710 2361 819 2416 blacarii
834 2368 861 2416 et

61 2428 171 2484 tuliani.
187 2427 293 2485 Eodem
320 2429 376 2497 die,
401 2438 501 2487 sancta
520 2429 631 2486 Hilarius
647 2433 742 2487 matris
760 2441 860 2488 sauctae

62 2499 153 2568 Adraa,
163 2515 226 2573 quae
241 2516 319 2572 passa
329 2509 371 2556 est
384 2502 531 2574 perignem
542 2518 604 2558 curu
616 2502 713 2574 Digna,
726 2503 862 2559 Eumenia

62 2580 88 2626 et
102 2571 254 2653 Euprepia.
271 2571 391 2630 Ciuitate
399 2573 517 2641 Falaret,
529 2573 620 2645 passio
629 2582 786 2630 sanctorum
795 2575 860 2630 Gra·

62 2642 156 2698 ciliaur
170 2650 199 2698 et
214 2643 394 2701 Felicissime
409 2645 559 2716 virginis.»

95 2713 279 2771 Bauxuuasn.
292 2715 374 2771 inEa
395 2716 424 2785 o',
436 2733 517 2789 quem
528 2717 718 2789 Emplivocat,
732 2717 872 2791 nonnibil,

63 2785 245 2859 interpolatus
253 2796 303 2843 est.
313 2787 345 2842 ln
382 2788 469 2855 ilaria,
481 2790 754 2845 maurusam-blau.
768 2790 861 2862 Sequi·

64 2865 121 2913 tur:
143 2858 269 2925 ullomae,
291 2867 448 2914 sanctorum
460 2859 578 2916 Crisanti
591 2869 617 2916 et
634 2863 723 2916 Dariae
733 2860 860 2932 virginis.

63 2927 112 2994 Qui
129 2945 196 2984 cum
209 2930 286 2985 nullo
297 2946 392 3002 genere
404 2938 603 2986 tormentorum
614 2931 673 2987 laedi
686 2939 805 3004 possent,
818 2931 861 3002 ju·

61 2998 142 3055 bente
159 2999 327 3058 Numeriano
341 3002 453 3058 tandum
470 3019 518 3075 pro
537 3003 647 3060 Cbristu
660 3013 732 3060 terra
747 3012 773 3058 et
788 3003 862 3074 lapi-

915 1789 965 1843 srce
980 1790 1103 1859 sepulte.
1122 1789 1194 1843 Passi
1211 1797 1285 1855 suut,
1304 1799 1356 1846 etc.
1374 1790 1491 1847 Ciuitate
1507 1790 1604 1856 Salari,
1620 1790 1709 1863 passio

914 1868 1072 1915 sanctorum
1097 1860 1246 1916 Graciliani
1267 1869 1292 1915 et
1309 1861 1484 1917 Felicissimae
1497 1862 1647 1934 virginis.»
1678 1863 1709 1918 ln

915 1932 1014 1986 ultima
1029 1940 1089 2002 post
1103 1932 1218 1998 latiori,
1232 1931 1309 1986 addit
1323 1932 1491 2002 aurifossoris.
1507 1935 1632 2005 Denique
1646 1930 1710 1989 sub·

915 2002 973 2057 dit:
994 2002 1113 2058 «Eodem
1124 2004 1180 2070 die,
1195 2005 1281 2058 sancti
1294 2003 1622 2072 Vuiberticonlessoris.·
1638 2005 1709 2059 Gna·

915 2091 979 2128 run.
994 2074 1066 2129 iulra
1081 2074 1177 2130 scribit
1197 2075 1314 2130 Wiberti.

950 2146 1057 2210 lisura,
1075 2147 1196 2200 interitu
1217 2162 1270 2201 nou
1287 2146 1400 2202 omuino
1422 2163 1517 2218 purus,
1543 2147 1710 2218 Augustanis

915 2217 1073 2287 immediate
1101 2217 1256 2272 subnectit:
1281 2219 1337 2272 «ln
1351 2217 1441 2289 Syria,
1462 2227 1619 2274 sauctorum
1646 2218 1708 2274 bla-

915 2288 990 2343 chari
1003 2288 1150 2343 etJuliani.
1168 2314 1176 2335 ι
1194 2287 1312 2344 lleiude:
1337 2290 1388 2343 «ln
1398 2290 1510 2344 civitate
1526 2289 1633 2357 Assisii,
1649 2305 1709 2344 san·

914 2367 964 2414 ctae
980 2360 1065 2415 Clarae
1079 2358 1204 2430 virginis,
1222 2359 1310 2430 prima
1330 2360 1422 2431 planta
1435 2361 1541 2415 ordinis
1560 2376 1709 2432 pauperum

915 2429 1100 2495 dominarum,
1110 2447 1169 2502 quae
1181 2431 1238 2485 vita
1248 2438 1274 2485 et
1289 2430 1430 2486 miraculis
1442 2431 1552 2486 claruit.
1563 2433 1631 2486 ltem
1642 2431 1709 2486 urba

915 2502 1032 2567 Falerio,
1049 2500 1138 2574 passio
1152 2501 1239 2557 sancti
1256 2501 1379 2557 Gratiani
1390 2508 1417 2557 et
1433 2501 1609 2558 Felicissime
1627 2500 1708 2575 virgi·

915 2573 968 2628 nis.
985 2597 993 2619 ι
1017 2573 1086 2644 Lege
1101 2581 1132 2628 ut
1145 2572 1246 2629 babent
1258 2572 1305 2628 alii
1325 2590 1416 2645 supra.
1702 2640 1708 2654 ἡ

951 2643 1093 2700 Gramen:
1113 2644 1232 2699 «Eodem
1243 2644 1298 2712 die,
1311 2642 1420 2700 Porcari
1431 2641 1536 2701 abbatis
1552 2642 1711 2699 monasterii

917 2716 1068 2771 Lirinensis
1082 2724 1109 2770 et
1123 2716 1261 2787 martyris.
1277 2732 1341 2772 cum
1356 2715 1439 2771 sociis
1455 2714 1598 2771 monachis
1620 2715 1708 2788 quin-

916 2787 1014 2858 gentis,
1029 2786 1080 2842 sub
1094 2786 1232 2842 Geiserico
1244 2784 1443 2854 Wandalorum
1454 2803 1515 2912 repe
1526 2803 1575 2858 pro
1589 2786 1653 2843 fidei
1665 2800 1710 2842 ve·

917 2860 997 2913 ritate
1024 2859 1172 2915 coronatis.
1197 2858 1265 2914 Item
1289 2858 1409 2913 Wiberti
1429 2857 1604 2914 conessoris.
1630 2853 1711 2929 Apud

917 2930 1061 2994 assisium,
1081 2931 1214 2985 transitus
1224 2929 1309 2985 beatas
1324 2929 1410 2987 Clara
1425 2927 1551 3001 virginis.
1567 2929 1633 2996 Quas
1648 2944 1711 2984 cum

917 3011 986 3057 esset
1004 3018 1139 3056 annorum
1155 3018 1227 3055 xvm
1254 3001 1348 3056 relicto
1367 3002 1478 3069 saeculo,
1499 3001 1712 3072 nuptiarumque

60 3069 145 3126 dibus
173 3071 267 3127 obruti
291 3080 386 3129 sunt·
405 3075 497 3144 Agunt
517 3073 550 3130 de
565 3074 599 3129 iis
616 3074 696 3130 bodie
718 3075 858 3146 Hierony·
878 3083 899 3142 c
916 3074 1023 3153 criptula,
1035 3073 1183 3129 immortali
1197 3088 1297 3143 sponso
1313 3070 1423 3129 Christo
1436 3078 1614 3145 persanctum
1630 3071 1712 3125 Fran·

60 3141 160 3197 ariani.
175 3141 691 3211 Colunturinllomauoxvactubris;
706 3146 802 3201 Noster
814 3162 859 3201 eos

60 3213 143 3268 refert
157 3230 167 3268 r
182 3214 349 3271 Decembris.
366 3218 396 3272 ln
409 3217 567 3273 Graciliano
584 3226 611 3273 et
625 3218 813 3284 Felicissime:
830 3217 858 3271 in

61 3284 187 3352 Macaria,
204 3293 232 3339 et
246 3286 354 3342 Juliano
370 3304 455 3359 purus
466 3297 516 3344 est.
533 3289 617 3343 Fam:
642 3312 650 3334 ι
674 3289 755 3359 Apud
778 3289 860 3344 Assi-

63 3356 129 3411 sium
137 3355 294 3426 civitatem,
306 3359 441 3431 depositio
450 3369 549 3416 sancta
562 3360 647 3416 Clarae
656 3360 780 3428 virginis.
794 3360 859 3426 Quae

64 3427 112 3481 luit
137 3426 197 3483 filia
216 3429 370 3501 spiritualis
392 3432 574 3502 primogenita
601 3432 671 3486 beati
697 3431 857 3497 Francisci3

65 3499 228 3570 paupertatis
243 3508 270 3555 et
291 3503 382 3556 omnis
402 3503 577 3574 perfectionis
593 3503 734 3573 speculum
759 3510 786 3557 et
813 3503 860 3556 lu-

66 3585 150 3626 cerna.
174 3570 256 3642 Apud
284 3582 390 3628 montes
417 3573 579 3641 donnoniae,
607 3574 751 3629 translatio
776 3573 860 3629 beatae

67 3640 251 3698 baldetrudis
263 3644 367 3713 electae,
384 3654 410 3702 et
423 3647 514 3716 ueptis
528 3645 612 3701 beatae
623 3645 741 3701 Gadita.
758 3670 766 3691 ι
792 3645 860 3700 l'ide

69 3728 96 3766 ιιι
109 3712 252 3769 Februarii
268 3722 294 3770 et
308 3732 400 3771 xurru
417 3717 517 3772 blartii.

102 3783 293 3854 Haeduorum,
306 3788 335 3842 in
347 3788 435 3843 tribus
445 3787 551 3859 primis,
562 3802 617 3844 non
628 3788 681 3843 nisi
696 3788 802 3846 modice
812 3789 861 3844 in-

71 3856 274 3926 terpolatus,sic
288 3860 481 3985 prosequitur:
501 3862 588 3916 11tom
600 3861 689 3931 passio
704 3869 860 3916 sanctarum

71 3925 227 3984 Graciliauae
240 3936 266 3984 et
302 3932 465 3987 'elicissimae
490 3931 667 4003 virginum·
690 3934 727 3986 lte
743 3933 861 3987 Macaria

68 4004 92 4051 et
117 3997 238 4068 Iuliano,
263 4018 341 4074 pure.
373 4003 404 4058 ln
419 4003 473 4058 line
497 4003 530 4058 de
546 4010 639 4059 sancta
653 4003 741 4071 Clara,
757 4012 787 4059 ut
800 4005 861 4058 An-

68 4070 265 4141 areae-ura,
280 4081 334 4128 etc.

100 4140 243 4198 Vrcronm.
260 4153 288 4200 et
303 4145 372 4202 Rae.
389 4144 470 4202 Suae.
485 4145 555 4217 sign.
578 4165 655 4206 num.
673 4148 739 4205 130:
769 4145 860 4202 «Item

69 4213 151 4282 passio
167 4215 256 4272 sancti
270 4214 419 4272 Graciliani
436 4227 462 4273 et
477 4219 652 4276 Felicissimae
669 4219 793 4301 virginis.
811 4238 824 4271 »

99 4283 536 4345 aurare-eamus.-tumarscr.
550 4309 556 4347 :
581 4291 686 4349 «Clarae
702 4288 817 4361 virginis
828 4287 862 4342 de

70 4354 158 4413 ordine
174 4356 326 4416 Minorum.
342 4359 453 4415 Hilariae
472 4364 601 4433 martyris
610 4380 673 4419 curn
685 4362 747 4417 aliis
762 4360 859 4416 tribus.

915 3161 1018 3201 cascum
1043 3153 1210 3209 consecrato,
1233 3144 1340 3199 ordinis
1369 3159 1519 3215 pauperum
1534 3142 1711 3198 dominarum

914 3215 1136 3281 fundarrreutum,
1152 3213 1238 3285 gloria
1252 3221 1279 3268 et
1292 3216 1396 3286 regula,
1412 3214 1556 3286 omnisque
1569 3212 1712 3294 perlectio-

915 3287 957 3341 nis
972 3288 1113 3357 speculum
1126 3287 1198 3341 lacta
1211 3293 1252 3340 est
1276 3284 1407 3352 Tandem,
1424 3286 1453 3340 in
1466 3293 1561 3341 sancto
1572 3293 1712 3356 proposito

914 3358 1019 3413 exactis
1035 3375 1091 3412 xtn
1111 3356 1191 3411 arinis
1206 3356 1321 3426 quievit,
1343 3355 1483 3411 miraculis
1507 3356 1602 3409 multis
1626 3371 1712 3409 coru-

914 3446 1002 3484 scans.
1017 3429 1046 3482 lu
1062 3429 1146 3498 Praga
1160 3426 1308 3493 Bnbemiae,
1324 3436 1424 3482 sanctae
1448 3425 1561 3498 Agnetis
1584 3424 1711 3496 virginis.

914 3499 994 3570 Apud
1006 3500 1147 3556 Coloniam
1159 3498 1349 3569 Agrippinam,
1359 3496 1583 3554 commemoratio
1593 3495 1713 3552 secunda

915 3572 999 3626 beatae
1016 3572 1118 3626 Ursulae
1130 3569 1240 3642 reginae,
1256 3579 1282 3624 et
1292 3569 1428 3624 sodalium
1444 3567 1636 3641 ejusundecim
1652 3569 1712 3623 mil·

916 3643 983 3698 lium
995 3642 1135 3712 uirginum
1145 3643 1174 3696 in
1184 3640 1298 3697 ecclesia
1313 3642 1500 3697 earumdem·
1518 3639 1713 3698 bercoteria

915 3731 964 3786 pro
985 3714 1025 3769 ria
1040 3731 1111 3785 saepe
1131 3719 1302 3785 repetuntur.
1687 3780 1692 3792 Ι

950 3824 959 3840 ι
978 3803 1059 3841 otas.
1074 3803 1079 3839 :
1105 3811 1112 3833 ι
1124 3786 1154 3840 [ιι
1166 3784 1278 3840 ciuitate
1289 3782 1404 3849 Assisio,
1413 3791 1512 3840 sanctae
1523 3783 1609 3841 Clarae
1622 3783 1714 3856 virgi-

915 3858 969 3923 nis,
986 3858 1082 3929 prime
1101 3857 1201 3929 plantae
1220 3856 1325 3911 ordinis
1350 3872 1499 3927 pauperum
1524 3854 1711 3923 dominarum,

915 3946 975 4001 qua
985 3931 1077 3984 vitaet
1092 3927 1232 3985 miraculis
1242 3927 1350 3984 claruit.
1367 3927 1441 3984 lotro
1453 3927 1628 3994 monasterio,
1644 3942 1713 3982 san-

915 4009 965 4056 ctae
980 4001 1127 4072 Aglibertae
1137 4000 1290 4056 abbatissa.
1302 3999 1406 4055 Eodem
1420 4000 1475 4069 die,
1493 3998 1613 4054 Porcarii
1628 3997 1709 4054 abba·

916 4073 962 4138 tis,
976 4098 984 4118 ·
1003 4081 1067 4139 etc,
1081 4080 1201 4142 utsupra
1212 4075 1337 4127 drevan.
1352 4070 1421 4126 Vide
1430 4072 1497 4127 Acta
1508 4070 1580 4143 apud
1590 4069 1713 4135 Surium,

916 4145 946 4198 lu
961 4143 1131 4199 editionibus
1142 4143 1215 4209 aliis,
1231 4142 1311 4196 initio
1324 4141 1385 4196 aliis
1397 4142 1497 4197 litteris
1509 4141 1636 4213 prefigit,
1653 4156 1714 4214 quaa

916 4215 948 4270 de
964 4216 1042 4271 Clara
1057 4214 1132 4286 prius
1147 4214 1175 4267 in
1188 4215 1241 4268 line
1258 4219 1391 4284 posuerat.
1410 4213 1461 4267 Hic
1475 4220 1577 4277 autem,
1593 4212 1632 4267 sic
1647 4212 1713 4268 scri·

916 4286 956 4341 bit
971 4303 976 4339 :
1000 4308 1009 4330 ‹
1026 4284 1125 4340 Eadem
1142 4285 1196 4352 die,
1213 4281 1332 4338 Parc-arii
1348 4281 1454 4337 abbatis
1470 4281 1629 4336 monasterii
1644 4282 1713 4337 Liri·

916 4355 1008 4412 nensis
1023 4366 1049 4412 et
1076 4357 1214 4427 martyris.
1229 4354 1305 4410 lotro
1320 4352 1495 4419 monasterio,
1511 4361 1611 4406 sancta
1630 4351 1714 4421 Agli-

69 4424 193 4497 Quiriaci,
210 4429 367 4502 Largiouis,
383 4432 568 4489 Crescentiaui
581 4452 644 4491 cum
660 4451 720 4488 xxn
736 4430 862 4502 martyri·
877 4430 901 4487 b
917 4429 999 4484 bertas
1012 4429 1163 4483 abbatisam.
1181 4427 1230 4482 Die
1243 4423 1416 4491 duodecima,
1428 4431 1585 4479 sanctorum
1601 4429 1712 4493 marty-

64 4494 117 4553 hus.
134 4500 290 4557 Graciliaui
306 4510 332 4558 et
347 4503 523 4559 Felicissimae
544 4515 706 4577 martyrum.
722 4531 731 4553 ι

76 4569 121 4647 ¹ln
137 4571 290 4642 Varrcau,
308 4591 384 4630 num.
401 4576 481 4642 5949,
498 4575 573 4631 deest
599 4577 758 4644 Gracitioai,
772 4583 798 4631 et
815 4576 862 4630 Fe·

65 4638 197 4701 latissimo.
220 4645 319 4703 Nescio
333 4663 368 4702 an
384 4648 491 4719 reliqua
506 4665 573 4720 pura
588 4650 653 4705 sint.

63 4794 158 4860 idibus.

771 4779 980 4794 Μ

917 4516 988 4565 rum,
1005 4499 1097 4553 Photii
1111 4507 1137 4554 et
1153 4497 1272 4553 Aniceti.
1288 4495 1429 4552 Montibus
1444 4491 1608 4562 llannoniae,
1623 4498 1710 4549 trans·

917 4573 983 4626 latio
997 4580 1098 4626 sancta
1113 4567 1317 4625 waldedrudis.
1336 4592 1345 4614 ι

1617 4790 1704 4851 bart
1760 4800 1762 4805 ’

95 4891 196 4960 Roma,
214 4890 287 4949 beati
302 4891 407 4966 l'pollti
433 4894 573 4971 martyris,
590 4894 636 4972 qui
657 4914 706 4972 pro
721 4890 902 4954 confessionis
917 4883 1013 4965 gloria,
1025 4888 1139 4964 jubente
1154 4883 1311 4949 Valeriano
1330 4883 1456 4961 preside,
1472 4885 1572 4959 ligatus
1586 4882 1668 4957 pedes
1681 4880 1715 4935 ad

63 4980 129 5038 oolla
143 4983 345 5042 indomitorum
362 5002 506 5060 equorum,
523 4991 562 5047 sic
577 5007 624 5062 por
638 4989 777 5045 cardetum
794 4995 820 5043 et
838 4986 954 5042 tribulos
969 4992 1072 5041 tractus
1087 4982 1178 5038 emisit
1193 4981 1331 5053 spiritum.
1348 4980 1429 5034 Passa
1439 4984 1481 5032 est
1492 4976 1575 5031 etiam
1589 4974 1715 5070 iloncorf

63 5069 105 5126 dia
120 5073 218 5130 nutrix
230 5074 302 5146 ejus,
317 5093 377 5149 quae
392 5085 455 5133 ante
471 5079 559 5152 ipsum
579 5079 726 5152 plumbatis
739 5094 809 5135 arasa
824 5075 1027 5147 martyrizavit:
1049 5071 1137 5127 etalii
1161 5071 1254 5126 decem
1275 5079 1301 5125 et
1317 5084 1416 5123 novem
1433 5065 1466 5120 de
1482 5065 1565 5119 domo
1577 5076 1651 5159 ⁸01⁰&
1667 5072 1715 5155 (ΙΨ

64 5160 142 5217 simul
152 5162 285 5220 decollati
296 5175 371 5222 sunt.
387 5168 491 5224 Eodem
504 5170 549 5225 die
562 5171 712 5236 Forosillae,
727 5169 825 5224 natalis
837 5167 924 5225 sancti
938 5160 1070 5227 Cassiani,
1080 5160 1127 5232 qui
1139 5177 1202 5216 curra
1214 5160 1327 5214 adorare
1338 5155 1480 5220 noluisset,
1495 5159 1599 5206 vocatis
1609 5163 1713 5220 pucras,

63 5251 161 5323 quibus
175 5255 301 5312 docendo
312 5274 412 5313 exosus
426 5260 524 5327 luerat,
540 5259 602 5315 data
614 5269 655 5316 est
669 5261 783 5317 lacrrltas
795 5275 857 5314 euru
874 5252 1036 5330 perimendi,
1048 5267 1163 5323 quorum
1180 5258 1282 5323 quanto
1299 5245 1435 5302 infirmior
1445 5250 1502 5297 erat
1518 5254 1625 5340 naeuus,
1637 5244 1715 5338 ianm

64 5346 215 5413 grauiorem
232 5346 361 5418 martyrii
378 5364 486 5418 paenam
502 5348 588 5405 dilata
601 5358 689 5406 morte
703 5348 828 5405 iaciebat.
845 5360 855 5385 ¹
874 5345 1002 5412 Pictavis‚
1020 5349 1119 5398 sauctae
1136 5338 1310 5410 Radegundis
1323 5336 1423 5407 regiuae
1439 5376 1447 5403 a
1463 5331 1543 5404 cuius
1558 5337 1615 5387 Μ
1629 5336 1715 5386 'firm‘

64 5430 136 5490 tibus
155 5442 183 5490 et
193 5436 338 5493 miraculis
354 5437 408 5494 late
425 5439 536 5496 claruit.

832 5565 950 5625 NOTAE.

101 5659 864 5738 Consonantcodiceslermeomnes,Proteu.,llrriaieo.,
920 5650 1714 5740 Mirarerut.,Greoea.elModrarlcceduntdaldorp-Mod„

66 5733 314 5807 daturam-Major,
323 5739 473 5812 llosroepd,
485 5741 616 5814 Anturrp.
629 5751 655 5798 et
666 5742 864 5811 Moe-liuba,
924 5736 1069 5806 Ultroject,
1080 5733 1203 5805 tepora,
1221 5732 1377 5800 booaarea,
1393 5729 1531 5802 Alberperr.
1548 5736 1574 5786 et
1587 5729 1715 5785 Doriscos.

101 5850 114 5880 ¹
132 5841 248 5920 AEquali
263 5846 387 5921 quidem,
399 5847 446 5907 sed
456 5856 528 5908 certe
542 5865 598 5908 non
613 5846 706 5908 eadem
722 5865 806 5908 manu
820 5848 866 5908 ad·
920 5847 978 5906 dita
998 5855 1039 5903 est
1067 5843 1133 5902 huic
1155 5842 1273 5903 articulo
1296 5847 1394 5902 sancta
1411 5836 1622 5913 Radeguudtsa
1639 5844 1733 5901 apum
