3834 6136
77 186 132 248 373

601 185 919 245 unurluououttut.
940 218 976 231 -
994 189 1099 246 MENS.
1122 190 1206 246 Attus
1296 191 1299 199 '

1684 191 1736 248 stt

812 312 1002 373 AUC'PARlA.

112 411 272 466 Puussuuu.
284 407 402 480 incipit:
425 408 553 465 «Octava
562 409 712 466 beatissimi
728 411 879 482 Laurentii,
894 414 919 474 A
936 412 1040 471 coelesti
1062 411 1100 470 ibi
1124 414 1292 470 consolatur.
1315 413 1380 469 Post
1403 411 1462 469 hac
1487 413 1682 483 incarceratur,
1703 423 1734 471 ut

77 481 181 540 levitae
196 489 224 535 et
242 480 383 551 martyris.
402 504 411 527 ·
433 480 562 552 Sequitur
583 481 617 536 de
633 481 780 552 Africanis,
794 500 881 556 usque

78 554 112 637 ad
135 552 274 608 «Maximi
290 552 402 623 pueri»
421 551 567 621 inclusive,
578 553 678 611 desunt
692 556 797 630 reliqua
825 573 881 612 nrn·

76 643 131 683 nra.

111 699 220 762 Batus..
229 696 478 760 Aurorae-blau„
490 696 669 762 Uirumque..
680 699 881 767 Lernaeus-

75 788 202 836 raumu,
219 769 381 824 Αιιιιιιιιιιι.
399 775 426 824 ιι
439 771 534 824 Dama.
557 769 594 824 ita
607 771 719 841 puritati
735 774 877 845 accedunt,

75 851 106 898 ut
117 848 232 914 propter
247 842 336 896 solum
352 839 478 894 ordinem
495 840 599 895 exclusi
620 842 685 907 sint,
702 845 766 916 quia
781 862 879 919 nempe

75 914 226 970 ordiuntur
238 912 273 968 ab
295 937 304 958 ‹
324 912 427 968 Octava
442 912 528 967 sancti
545 912 683 969 Laurentii
708 916 871 989 martyris..

75 988 113 1042 De
123 984 266 1041 Africanis
276 982 402 1040 scribunt
412 999 474 1039 curn
486 987 628 1040 Aurunca.
637 993 664 1040 ιι
672 987 876 1060 Man-Lusus,

82 1054 869 1130 ‹prodefensioneCatholicaefideietunicibaptismatisp

74 1129 119 1185 ubi
130 1129 158 1184 in
169 1129 277 1184 Brimo
287 1128 381 1196 inepte
394 1126 422 1181 in
439 1126 493 1181 fine
509 1127 642 1198 repetitur
660 1128 847 1188 «defensione.
861 1158 870 1181 ι

107 1199 271 1258 Cumanus.
283 1217 289 1254 :
308 1200 428 1265 «Romae,
438 1198 540 1254 Octava
551 1198 621 1255 beati
632 1200 783 1257 Laurentii.
796 1204 876 1276 Apud

74 1271 208 1340 Africam,
238 1277 397 1327 sanctorum
427 1277 579 1341 martyrum
608 1270 730 1329 Liberati
758 1273 874 1346 abbatis,

73 1342 209 1399 bonifacii
226 1341 348 1411 diaconi,
364 1341 451 1397 Servii
471 1349 498 1397 et
513 1342 618 1398 Rustici
632 1343 873 1416 subdiaconorum,

936 494 1028 557 postea
1043 487 1071 541 in
1087 486 1226 543 caminum
1250 484 1422 558 projiciatur,
1437 482 1485 540 ubi
1500 483 1524 539 ei
1537 483 1590 539 mel
1605 491 1631 540 et
1645 486 1687 541 lac
1700 485 1734 543 ab

935 574 969 613 an
988 559 1031 615 elo
1056 559 1187 615 defertur.
1212 559 1248 613 Et
1271 557 1351 614 tertio
1366 556 1411 613 die
1428 555 1474 613 hic
1489 555 1555 611 feris
1575 555 1731 628 projicitur,

935 576 1052 686 sednon
1076 630 1196 697 laeditur,
1218 639 1244 685 et
1257 636 1323 685 tunc
1342 628 1480 700 lapidibus
1495 628 1620 693 obrutus,
1642 635 1669 683 et
1685 627 1733 684 ille

934 702 1037 758 coelesti
1055 719 1122 758 uoce
1136 709 1248 757 vocatus
1262 701 1340 756 obiit.
1358 725 1367 749 r
1390 700 1519 772 Sequitur
1537 699 1571 756 de
1583 699 1732 769 Africanis,

933 788 1018 845 pure;
1036 774 1101 829 item
1116 774 1151 830 de
1165 774 1267 830 Octaua
1280 772 1366 828 sancti
1381 770 1532 827 Laurentii.

968 848 1128 908 Auurcmcr.
1145 863 1194 918 pro
1209 846 1319 909 Rustici,
1334 843 1416 899 habet
1433 842 1551 901 Rurstitii.

968 920 1170 974 hireneum:
1193 943 1201 965 ι
1217 917 1345 983 Turonis,
1361 915 1497 972 dedicatio
1512 919 1613 971 sancte
1627 912 1730 985 Marias,

932 997 959 1045 et
972 991 1058 1047 sancti
1073 989 1174 1046 Iuliani
1192 998 1262 1045 mart
1284 989 1330 1045 ris.
1347 1012 1356 1034 ι

966 1062 1248 1120 Manere-Caurus.-
1276 1075 1440 1116 ineassum:
1479 1083 1488 1107 ι
1513 1057 1617 1115 Octava
1642 1058 1730 1117 sancti

931 1132 1071 1190 Laurentii
1094 1133 1233 1204 martyris.
1258 1131 1411 1189 blammetis
1453 1130 1512 1186 ueri
1536 1139 1563 1186 et
1588 1130 1728 1203 martyris.

931 1204 1050 1261 Liberati
1065 1204 1180 1272 abbatis,
1199 1221 1260 1260 cum
1278 1202 1403 1278 pluribus
1416 1146 1479 1258 aiis
1493 1200 1527 1258 de
1537 1203 1604 1271 suis,
1616 1219 1666 1275 pro
1676 1201 1730 1260 fida

929 1276 1099 1333 aWandalis
1109 1277 1290 1348 martyrizati.
1307 1301 1316 1322 ι

965 1348 1061 1404 Consu
1076 1348 1220 1404 Gonnus:
1239 1346 1354 1405 «Castro
1364 1344 1484 1413 Seduno,
1493 1345 1580 1401 sancti
1592 1343 1729 1402 Theodori

73 1415 169 1487 Rogati
185 1422 213 1470 ιι
224 1413 333 1486 Septem
349 1413 482 1494 lectorum
499 1413 708 1494 monachorum,
719 1425 745 1472 et
760 1418 874 1475 Maximi
928 1419 1060 1492 episcopi.
1078 1444 1086 1466 ι
1109 1421 1183 1475 luter
1207 1419 1342 1491 plurimos
1365 1416 1533 1483 Theodorus,
1549 1417 1611 1490 quis
1621 1416 1667 1474 hic
1681 1417 1727 1487 ιιι,

72 1486 162 1558 pueri.
178 1485 233 1553 Qui
246 1501 342 1540 omnes
353 1500 433 1556 jussu
443 1484 627 1541 crudelissimi
644 1502 672 1541 re
692 1487 714 1544 is
726 1488 873 1545 Wandalo·
927 1498 1019 1564 postea
1034 1490 1182 1548 videbitur.

75 1574 151 1624 rum,
168 1557 286 1639 dirersis
298 1556 386 1638 poenis
409 1556 566 1639 consumpti
580 1565 654 1640 sunt.
672 1504 793 1616 Cesarea
807 1562 874 1634 Cap·
963 1562 1058 1619 Editio
1075 1562 1262 1620 Lusisse-Con.
1283 1561 1312 1619 in
1326 1563 1429 1619 Octava
1443 1559 1530 1617 sancti
1545 1559 1687 1615 Laurentii
1701 1568 1729 1617 et

78 1628 213 1701 puduerat,
229 1637 309 1684 sancti
333 1628 498 1696 Mammetrs,
519 1628 648 1685 monachi
664 1632 803 1705 martyris,
826 1633 874 1706 qui
928 1635 1099 1706 martyribus
1112 1634 1250 1690 Africanis
1263 1650 1342 1706 pura,
1350 1633 1383 1689 de
1398 1633 1542 1688 llammcte
1557 1639 1617 1702 post
1638 1647 1728 1687 1mar·

78 1716 174 1772 passus
187 1708 228 1756 ιιι
244 1700 392 1772 imperante
411 1697 568 1756 Aureliano,
586 1726 595 1747 ι

928 1707 1033 1777 tyris‚›
1056 1705 1096 1762 sic
1120 1705 1219 1761 habet:
1243 1704 1319 1772 «Qui
1345 1721 1407 1761 cum
1437 1712 1506 1759 esset
1530 1718 1597 1774 puer
1623 1711 1726 1775 septem

109 1772 290 1827 Buuxsuuuu.
315 1770 432 1842 incipit:
466 1796 475 1819 ι
494 1772 598 1828 Octava
623 1773 711 1829 sancti
735 1775 877 1831 Laurentii
891 1777 914 1836 Β
929 1794 1075 1844 annorum,
1091 1784 1117 1832 et
1130 1776 1269 1832 idolorum
1287 1776 1422 1833 culturam
1445 1775 1559 1831 omuino
1578 1781 1727 1846 respueret,

76 1843 218 1915 martyris.
234 1868 244 1891 ι
260 1844 299 1899 De
314 1842 485 1915 martyribus
500 1842 638 1900 Africanis
653 1845 709 1917 egit
720 1845 765 1902 die
776 1862 874 1918 praece·

75 1913 160 1970 denti.
178 1915 210 1970 ln
226 1915 371 1971 lfammete
386 1914 452 1970 satis
465 1930 551 1986 purus
565 1923 615 1971 est.
632 1915 774 1989 Sequitur:
796 1942 805 1964 ι
822 1920 875 1975 lto-

75 2002 133 2053 ruae,
156 1985 234 2042 beati
252 1986 320 2042 tulii
345 1986 480 2043 senatoris
499 1995 525 2042 ιι
538 1988 679 2059 martyris.
696 1988 748 2056 Qui
762 1988 876 2061 jubente

74 2057 227 2115 Commodo
251 2057 426 2130 imperatore,
451 2056 548 2113 tandiu
572 2059 691 2116 fustibus
714 2077 800 2117 caesus
824 2069 875 2130 est,

74 2128 159 2210 donec
181 2128 325 2185 emitteret
348 2130 488 2202 spiritum.
504 2154 514 2176 ι
536 2130 707 2203 Anticipatio
722 2140 810 2188 estex
825 2150 876 2189 xta

75 2201 164 2272 hujus.
182 2201 275 2257 Tum:
294 2202 383 2257 «ltem
400 2202 599 2258 Karclomanni
616 2203 751 2277 principis
761 2206 875 2260 Austra-

75 2272 186 2341 siarum,
208 2272 262 2328 filii
283 2273 378 2329 Karoli
392 2273 521 2330 hlartelli.
532 2273 585 2341 Qui
600 2291 649 2347 pro
664 2275 769 2333 Christi
784 2292 876 2332 amore

76 2360 185 2416 regnum
208 2351 236 2399 et
262 2345 379 2416 gloriam
395 2344 491 2400 mundi
508 2344 712 2473 derelinquens,
729 2349 757 2402 in
783 2354 876 2404 moute

78 2415 186 2472 Cassino
200 2416 370 2472 monachum
386 2416 524 2488 professus
534 2425 574 2473 est
585 2435 622 2484 ;u
644 2418 670 2472 ii
692 2435 720 2474 se
734 2419 809 2474 omui
821 2420 874 2475 rir-

77 2495 130 2543 tute
145 2488 265 2559 pollens,
280 2505 343 2544 cum
355 2489 439 2544 semel
453 2488 487 2544 ad
500 2489 625 2560 coquina
640 2506 656 2545 0
677 2489 760 2546 icium
774 2490 875 2546 hebdo-

76 2558 213 2615 madarius
231 2559 411 2630 deputaretur
430 2561 501 2615 etin
529 2560 638 2616 modico
652 2571 765 2628 erraret,
781 2577 796 2616 a
810 2578 875 2618 coco

75 2631 224 2688 cmdelitcr
237 2647 334 2694 caesus,
347 2633 403 2688 ait:
424 2631 566 2703 lndulgeat
581 2630 631 2687 tibi
648 2632 832 2700 Deus,frater,
848 2641 875 2690 et

75 2703 307 2758 Karclomannus.
324 2704 388 2759 Post
402 2703 458 2774 ipse
473 2720 536 2759 cum
552 2711 647 2760 sancto
659 2719 728 2775 papa
738 2704 875 2775 Stephano

74 2776 194 2831 secundo
206 2775 321 2831 veniens
332 2775 361 2830 in
376 2774 531 2842 Franciam‚
543 2783 574 2831 ut
587 2791 635 2831 rex
649 2776 782 2847 Pippinus
792 2775 876 2832 frater

74 2845 130 2928 ejus
145 2846 315 2919 Astulphum
339 2862 428 2918 regem
449 2846 691 2928 longobardorum
711 2847 745 2901 ab
759 2863 875 2918 oppres-

74 2934 150 2974 sione
167 2919 297 2974 Ecclesia
324 2918 495 2990 reprimeret,
512 2918 679 2990 impetravit.
690 2920 725 2973 Et
742 2919 769 2973 iu
785 2918 876 2975 reditu

73 2990 147 3070 apud
158 2990 299 3045 Viennam
312 2990 442 3061 languore
455 2999 607 3063 correptus,
623 2997 718 3046 sancto
732 2989 786 3046 fine
801 2990 875 3063 quie·

74 3070 127 3117 ιιι.
144 3086 155 3108 ι
176 3061 251 3117 Vera
263 3061 337 3117 falsis
351 3062 441 3118 mista.

930 1866 980 1922 pro
994 1849 1048 1904 fule
1065 1848 1168 1906 Christi
1179 1864 1273 1920 passus
1283 1855 1324 1904 est
1337 1847 1446 1903 diversa
1461 1852 1609 1913 tormenta,
1625 1853 1728 1918 postre-

931 1938 976 1976 mo
992 1922 1016 1976 la
1037 1920 1139 1984 idatus,
1156 1920 1307 1990 imperante
1331 1918 1480 1974 Aureliano
1500 1917 1550 1973 sub
1570 1916 1728 1974 Alexandro

930 1938 1055 2064 praeside.
1081 1993 1110 2048 ln
1125 1991 1278 2059 Nortwich,
1295 1991 1384 2046 natale
1398 1989 1471 2045 beati
1486 1988 1594 2044 lenonis
1603 1987 1729 2117 ίἱιιιιιιις

930 2065 981 2121 teri
1003 2073 1030 2121 et
1050 2062 1215 2135 martyris.»
1234 2062 1316 2130 Vide,
1332 2079 1392 2136 quaa
1414 2060 1448 2117 de
1462 2060 1522 2133 ipsc
1535 2059 1589 2116 boc
1623 2060 1648 2116 ie
1663 2067 1729 2116 satis

930 2136 1077 2207 diligenter
1092 2133 1199 2191 notauit
1210 2134 1389 2190 Castellanus.

966 2207 1113 2263 Currum:
1136 2230 1146 2252 ι
1163 2208 1194 2261 ln
1210 2206 1365 2272 hollandia,
1382 2221 1450 2279 pago
1468 2202 1609 2268 Norwich,
1630 2202 1730 2259 natalis

931 2278 1003 2334 beati
1027 2277 1133 2334 lenonis
1157 2276 1308 2358 presbyteri
1329 2285 1355 2332 et
1380 2276 1519 2347 martyris.
1545 2277 1575 2331 ln
1590 2274 1728 2343 Bethulia,

930 2349 1015 2405 beatae
1026 2349 1120 2406 Juditb
1135 2350 1236 2405 uiduae.
1252 2350 1318 2403 ltem
1335 2347 1477 2403 Eufemiae.
1494 2371 1503 2395 ι

965 2422 1074 2477 Morsu.
1100 2430 1160 2493 post
1186 2420 1417 2500 ‹perfecerunt›
1440 2418 1502 2474 aliis
1518 2417 1617 2473 litteris
1638 2415 1729 2473 textui

930 2491 1082 2573 interjicit:
1106 2517 1115 2539 ι
1131 2490 1231 2549 Scribit
1247 2491 1342 2546 beatus
1355 2491 1452 2546 Victor
1467 2489 1613 2545 Africanus
1627 2489 1730 2569 episco·

931 2577 981 2635 pus
1003 2580 1031 2619 rn
1056 2563 1172 2619 historia
1195 2561 1317 2632 ejusdem
1332 2560 1503 2618 Wandalicoe
1518 2557 1727 2632 persecutionis,

930 2651 1011 2707 quam
1031 2643 1058 2690 et
1082 2635 1090 2690 i
1111 2651 1138 2690 se
1158 2649 1220 2690 eum
1245 2633 1351 2689 caeteris
1365 2632 1499 2688 sustinuit
1513 2639 1540 2686 ιι
1553 2631 1629 2686 fideli
1648 2637 1729 2703 atque

930 2706 1033 2762 illustri
1045 2653 1118 2776 styid
1128 2704 1251 2777 digessit.
1264 2730 1273 2752 ι
1291 2703 1400 2759 lnfine:
1421 2701 1544 2783 «Eodem
1555 2700 1609 2769 die,
1621 2701 1729 2782 inpage

930 2777 1095 2844 Hcllandiae,
1113 2777 1200 2833 sancti
1215 2775 1324 2831 lercnis
1347 2774 1500 2847 presbyteri
1515 2781 1541 2829 et
1557 2780 1696 2844 martyris.
1713 2795 1722 2818 ι

930 2849 999 2904 Tum
1016 2848 1172 2904 minoribus
1186 2847 1275 2919 typis:
1298 2848 1390 2902 ·ltem
1406 2843 1603 2901 Karclomanni
1614 2843 1729 2924 ,confes-

930 2920 1011 2988 soris,
1027 2919 1161 2991 principis
1175 2919 1336 2985 Austrasiae,
1347 2917 1393 2989 qui
1405 2917 1433 2971 in
1445 2914 1660 2972 monteCassrno
1674 2929 1730 2970 mo·

933 2991 1039 3047 nachus
1066 2990 1179 3048 effeetus
1208 2998 1284 3046 est.»
1305 2988 1472 3045 Posteriores
1500 2985 1635 3041 editiones
1667 3000 1731 3041 cum

935 3063 1024 3135 prima
1048 3062 1076 3117 in
1091 3071 1169 3119 textu
1186 3062 1366 3118 conueniunt.
1381 3061 1411 3115 ln
1427 3059 1481 3114 fine
1497 3065 1588 3114 autem
1612 3057 1729 3113 habeut:

108 3133 305 3215 messorum:
320 3133 370 3189 «ln
382 3132 818 3216 CaesariaciuitateCappadocias,
829 3150 876 3215 na3
894 3143 915 3203 c
937 3158 947 3181 ι
965 3136 995 3190 ln
1014 3150 1083 3216 pago
1099 3134 1262 3201 Hellandiae,
1279 3130 1421 3212 Egmonda
1443 3129 1619 3211 monasterio,
1643 3134 1731 3210 sanctu

74 3203 137 3260 talrs
154 3213 245 3261 ιιιιιι
259 3204 411 3261 liammetrs
427 3213 566 3276 martyris,
579 3222 625 3277 qur
643 3214 717 3261 metu
733 3206 876 3262 Aureliani
929 3207 1047 3273 leronrs,
1063 3205 1214 3276 presbyteri
1230 3214 1257 3260 ιι
1277 3213 1415 3275 martyris.
1428 3203 1477 3257 Dte
1487 3199 1731 3270 decimaseptrma,

75 3275 199 3345 Caesaris,
216 3277 245 3332 ιιι
259 3276 397 3333 desertum
420 3277 538 3348 fugiens,
554 3284 653 3333 etcum
668 3277 725 3333 suis
740 3277 876 3333 habitavit

75 3345 131 3417 ibi;
158 3354 186 3404 et
210 3349 446 3421 congregabantur
466 3349 500 3405 ad
524 3364 586 3404 eum
615 3365 710 3405 omnes
734 3349 875 3405 silvestres

77 3418 146 3485 ferae,
163 3435 232 3494 quas
248 3421 352 3495 ⁴mulsit
365 3427 392 3476 et
412 3421 476 3476 fecit
494 3437 595 3478 caseos.
616 3421 667 3477 llic
681 3429 824 3493 postquam
841 3420 874 3476 ad

77 3489 153 3547 idem
178 3491 284 3548 multos
306 3493 497 3562 convertisset,
523 3493 634 3548 vocavit
661 3494 767 3548 leonem
786 3493 875 3548 silve-

78 3568 167 3631 strem,
190 3572 222 3620 ut
236 3580 300 3620 eum
316 3564 480 3633 uindicaret,
495 3573 522 3620 et
540 3564 643 3620 factum
659 3571 699 3619 est
714 3562 760 3619 ita.
776 3561 826 3619 llic
840 3563 876 3619 ab

930 3277 1016 3333 sancti
1034 3277 1164 3349 martyris
1176 3276 1310 3347 llyronis.
1328 3300 1336 3323 ι
1360 3276 1476 3330 Demum
1491 3270 1646 3327 minoribus
1662 3270 1732 3325 titte-

931 3348 969 3404 ris
978 3348 1100 3404 subdunt
1113 3366 1119 3404 :
1130 3374 1139 3395 ·
1151 3347 1231 3429 Apud
1244 3347 1339 3402 urbem
1352 3342 1561 3409 Ptolemaidem,
1575 3348 1733 3398 sanctorum

931 3429 1084 3492 martyrum
1105 3420 1183 3474 Pauli
1199 3426 1227 3475 et
1250 3417 1374 3473 Julianae.
1392 3440 1400 3463 ι
1423 3414 1493 3471 Vide
1507 3414 1576 3469 Acta
1589 3412 1661 3484 apud
1676 3411 1733 3468 Su-

933 3491 1019 3573 rium.
1034 3492 1066 3547 ln
1077 3492 1200 3548 Romano
1215 3489 1348 3546 moderno
1358 3487 1491 3544 dicuntur
1501 3484 1574 3558 passi
1584 3483 1636 3542 sub
1645 3483 1733 3542 Vale-

931 3577 1019 3618 nanc.

78 3634 233 3693 Casandro
247 3635 365 3710 praeside
379 3634 409 3693 iu
429 3637 546 3710 equuleo
562 3635 749 3709 suspenditur,
765 3642 793 3691 et
806 3651 874 3691 voce

112 3914 194 3987 Apud
206 3915 395 3972 Prenestinam
407 3915 561 3983 civitatem,
577 3914 698 3970 miliario
712 3913 746 3969 ab
762 3912 835 3970 Urbe
848 3909 988 3968 tricesimo
1003 3908 1097 3981 tertio,
1113 3909 1215 3969 natalis
1232 3909 1321 3968 sancti
1335 3908 1445 3983 Agapiti
1461 3908 1602 3982 martyris,
1613 3908 1660 3981 qui
1670 3924 1734 3967 cum

79 4013 145 4062 esset
157 4021 293 4063 annorum
316 4006 485 4080 quindecim,
513 4013 540 4063 et
561 4021 654 4062 amore
678 4004 782 4064 Christi
802 4001 937 4075 martyrio
959 4001 1088 4072 ferveret,
1114 4002 1196 4075 jussu
1217 4002 1325 4060 Aurelii
1343 4001 1517 4075 imperatoris
1530 4007 1623 4058 tentus
1637 4009 1687 4070 est,
1702 4016 1735 4058 ac

78 4094 163 4166 primo
174 4096 269 4153 nerris
282 4095 377 4153 crudis
390 4095 546 4152 diutissime
560 4112 646 4152 cesus
660 4113 665 4150 :
680 4092 779 4150 deinde
793 4110 809 4151 a
823 4091 938 4166 praeside
953 4093 1094 4150 Antiocho
1110 4093 1205 4166 grauia
1223 4094 1329 4165 patitur
1343 4091 1488 4166 supplicia.
1505 4090 1615 4148 Exinde
1624 4105 1687 4148 cum
1699 4105 1735 4147 ex

77 4195 209 4258 precepto
224 4185 398 4259 imperatoris
413 4186 539 4243 leonibus
554 4183 747 4258 subjiceretur,
760 4192 788 4242 et
805 4182 920 4240 minime
938 4191 1009 4240 esset
1032 4185 1124 4251 laesus,
1140 4182 1230 4255 gladio
1246 4182 1436 4238 ministrorum
1454 4181 1627 4238 coronandus
1640 4195 1734 4253 percu·

78 4274 151 4332 titur,
163 4274 271 4332 Eodem
286 4275 331 4332 dic
346 4278 447 4346 Romae,
461 4275 603 4333 beatorum
628 4275 841 4348 presbiterorum
856 4276 969 4331 loannis
988 4282 1014 4330 et
1034 4273 1142 4346 Crispi,
1164 4273 1212 4347 qui
1237 4272 1429 4345 persecutione
1453 4272 1618 4328 Diocletiani
1647 4271 1735 4326 multa

77 4373 233 4423 sanctorum
249 4383 365 4440 corpora
379 4366 578 4425 officiosissime
592 4365 768 4438 sepelierunt,
784 4381 901 4440 quorum
919 4362 1026 4420 meritis
1046 4371 1074 4418 et
1099 4362 1154 4435 ipsi
1179 4361 1354 4434 postmodum
1370 4359 1477 4428 sociati,
1494 4359 1593 4432 gaudia
1603 4358 1667 4414 vitae
1680 4373 1734 4414 me·

78 4463 200 4513 ruerunt.
218 4456 272 4514 Via
286 4457 434 4527 Lauicaua,
449 4467 550 4516 sanctae
565 4455 673 4512 llelenre
690 4457 784 4513 matris
799 4457 975 4517 Constantini
991 4454 1175 4529 imperatoris.

843 4590 962 4648 NOTAE.

113 4692 241 4748 Sumitur
264 4707 299 4747 ex
322 4693 443 4761 Pruteu,
464 4692 612 4762 Herinieu,
635 4690 894 4762 Autuerp.·lfcjore,
914 4686 1065 4758 Rosuepd„
1080 4685 1212 4756 Autuerp.
1233 4692 1259 4740 et
1273 4680 1474 4750 trau-tutu,
1489 4676 1734 4748 humaturus.
1790 4763 1791 4767 Ἰ

76 4780 189 4836 ιιιιιιιιιι
199 4779 305 4852 primu,
321 4781 431 4838 urum.
449 4787 476 4837 ιι
489 4782 590 4840 Modra.
607 4781 749 4838 Accedunt
763 4779 872 4836 codices
884 4776 1135 4849 antuerp-mu,
1154 4774 1311 4846 Uitruuium,
1322 4772 1435 4845 heyden.
1450 4779 1477 4831 ιι
1490 4771 1629 4845 Alterura.

681 4902 885 4962 VARIANTES
906 4901 1113 4962 LECTIONES.

108 5004 190 5063 Solus
213 5004 316 5061 bfolan.
335 5005 526 5061 Prenestinam
545 5002 641 5060 scribit
656 5019 703 5077 per
718 5003 876 5076 diphthcn-
891 5006 915 5064 D
931 5001 973 5069 fit,
986 5002 1099 5058 nomina
1116 4999 1165 5055 illa
1175 4998 1331 5125 promiscue
1341 4995 1521 5078 accipiantur,
1533 4992 1606 5065 quod
1617 5006 1647 5045 ea
1657 4994 1736 5044 atate

112 5093 151 5146 m,
174 5076 266 5133 caeteri
291 5076 368 5132 utin
390 5084 477 5132 textu.
503 5078 648 5147 Antuerp.,
675 5075 875 5143 llam-Lumo,
931 5074 1090 5143 contingere
1122 5071 1201 5126 facie
1226 5071 1324 5142 potuit.
1358 5067 1461 5146 deiude
1488 5066 1581 5188 legunt
1601 5062 1736 5133 plerique,

95 5149 162 5205 elin.
179 5148 268 5204 etalii
285 5149 391 5219 legunt,
401 5149 434 5204 ab
450 5147 513 5202 urbs
527 5150 621 5204 Roma.
635 5148 663 5202 ln
679 5147 822 5202 bluneratc
836 5161 876 5201 er·
932 5144 1005 5199 alius
1018 5144 1109 5211 ealda,
1125 5143 1196 5197 alius
1210 5142 1282 5208 eain,
1307 5138 1492 5219 aliusteubu'tc.
1536 5134 1613 5200 elin,
1629 5140 1690 5203 post
1703 5147 1736 5212 ιι

75 5237 119 5274 ror
135 5227 177 5276 est
192 5220 314 5275 vicesimo
331 5221 406 5274 tertio
422 5235 470 5289 pro
483 5219 613 5274 tricesimo
628 5219 713 5283 tertio,
730 5226 761 5272 ut
775 5216 875 5272 habent
929 5221 1058 5286 prreeepto
1078 5215 1115 5268 int
1135 5213 1260 5280 cratoris,
1285 5210 1354 5266 male
1383 5213 1479 5264 snserit
1501 5209 1584 5285 tentus
1607 5208 1631 5257 et
1649 5204 1736 5284 leont-

74 5307 169 5347 omnes
191 5308 255 5347 curm
280 5289 386 5356 Adone,
410 5291 450 5346 uti
475 5297 601 5346 elamore
623 5289 723 5346 Christi
747 5289 877 5358 ruurtprio
932 5287 988 5365 bus.
1005 5292 1070 5353 etc,
1092 5232 1294 5364 udillosureyd
1323 5281 1422 5335 iterum
1439 5281 1736 5346 nonrneptacorrexrt

74 5361 196 5432 femeret,
220 5363 345 5432 exceptis
373 5363 490 5418 (lieren.
519 5370 545 5417 et
574 5362 674 5417 bloien.
701 5360 747 5432 qui
776 5361 877 5414 omisso
932 5357 1097 5426 objiceretur,
1117 5355 1358 5427 prosubjrceretur.
1376 5350 1574 5430 lulluuerato,
1610 5352 1737 5418 estquo-

73 5435 206 5506 ruurtprio
221 5433 382 5491 nitidiorem
397 5434 502 5490 faciunt
517 5432 711 5489 sensumNcn
727 5438 767 5486 ιιι
783 5439 878 5487 exacta
933 5445 994 5483 rum
1008 5427 1119 5494 riseritis,
1136 5426 1303 5482 omittuntur
1335 5420 1490 5476 articularet
1504 5434 1566 5488 apsi.
1605 5426 1737 5499 revenet

74 5506 188 5564 Notlreri
211 5506 391 5572 constructio,
413 5512 436 5560 ιι
456 5522 507 5576 pro
522 5522 612 5561 amore
628 5504 727 5559 Christi
747 5502 877 5572 martyrio
932 5500 1032 5556 llolau.
1048 5497 1191 5571 areliquis
1204 5497 1294 5552 denuo
1310 5440 1490 5556 dissentiunt,
1507 5491 1626 5571 legentes
1636 5489 1738 5562 paudus

74 5580 198 5649 [ιιιινιι.
224 5580 300 5634 lnter
323 5577 380 5632 anti
402 5578 493 5633 uiores
515 5577 623 5633 codices
643 5572 876 5645 solusllosweyd.
933 5573 993 5627 vitre
1022 5577 1137 5637 oeterrrtoe,
1168 5576 1263 5625 contra
1295 5566 1394 5621 donem
1424 5562 1586 5644 etlcodrces
1619 5570 1737 5642 nostros.

75 5667 123 5724 pro
137 5652 256 5719 Aurelii,
273 5649 365 5722 posuit
376 5593 517 5705 duratium
529 5664 592 5706 cum
602 5646 698 5703 Adone
711 5645 876 5714 etNotkero,
937 5643 1026 5700 Belin.
1053 5641 1087 5697 de
1109 5640 1226 5721 flelena:
1243 5640 1309 5695 item
1326 5637 1427 5702 Hercu,
1442 5652 1498 5703 uro,
1515 5641 1567 5691 etc.
1593 5635 1632 5691 De
1654 5646 1740 5713 naeurs

74 5722 147 5796 quod
164 5730 280 5780 serrant
304 5718 412 5778 codices
438 5720 535 5777 mediae
559 5727 649 5775 note:
666 5734 716 5775 cur
738 5715 878 5774 Usuardus
941 5715 1066 5772 codicum
1082 5711 1178 5768 mediae
1201 5719 1273 5766 rrotae
1298 5725 1354 5765 non
1370 5708 1477 5780 loquor,
1493 5713 1524 5762 ιιι
1539 5722 1589 5764 nec
1601 5705 1635 5762 de
1651 5712 1739 5768 tereto,

75 5795 203 5868 preferat
224 5793 343 5862 Aurelii,
369 5791 456 5848 fatcor
479 5808 521 5848 rna
535 5791 670 5864 ignorare,
689 5789 743 5845 nisi
762 5795 794 5844 ut
809 5804 879 5862 sarpa
940 5793 1016 5859 aput,
1032 5785 1170 5852 Autlticeo,
1186 5783 1327 5850 lobannis,
1343 5778 1518 5852 queletiaui,
1535 5787 1587 5834 etc.
