3834 6136
126 195 180 263 839

698 221 703 229 “
774 198 925 259 usonem
943 197 1104 258 MONACIM

1687 158 1779 257 'ato

126 332 259 390 viderunt
272 327 301 385 in
314 326 467 401 glorificata
487 342 579 396 carne,
595 334 621 382 et
642 325 776 400 Spiritum
796 335 922 383 sanctum
936 330 962 389 Α
975 325 1076 382 Decius
1090 324 1180 382 Cesar
1193 304 1333 380 'decollari
1358 321 1437 379 tecit.
1460 318 1511 377 llic
1530 318 1603 377 rexit
1624 317 1780 376 Ecclesiam

127 405 158 465 in
168 403 260 461 lucida
267 400 349 457 nube.
360 399 413 457 Ubi
424 398 506 456 etiam
517 398 768 471 uideruntMoysen
779 407 805 454 et
815 398 921 454 Heliam

129 477 270 548 loquentes
284 489 347 528 curn
362 488 404 540 eo,
422 479 450 528 et
466 471 551 542 legem
569 478 595 526 et
616 471 785 543 prophetiam
802 486 922 527 concor-

128 547 192 604 dare
215 545 244 600 in
268 559 383 616 persona
406 542 519 600 Christi.
544 544 637 599 Mensae
657 544 701 596 via
718 542 815 621 Appia,
831 541 922 612 passio

128 617 215 676 sancti
232 616 302 672 stati
319 614 529 688 papaesedundi.
542 614 593 669 Hic
606 613 718 669 natione
732 613 785 667 furt
800 613 921 679 Grecos,

127 687 334 765 primoquidem
348 685 536 757 philosaphus,
548 693 574 740 et
589 694 681 766 postea
690 683 793 741 Christi
804 683 923 739 vicarius

126 762 241 819 electus.
256 761 318 826 lste,
334 775 396 814 curn
410 756 517 813 duobus
532 773 611 812 annus
626 766 653 813 et
676 755 816 811 mensibus
830 753 924 811 undo-

127 832 181 890 cim
197 830 312 887 rexisset
326 830 488 896 Ecclesiam,
504 845 599 900 passus
609 837 648 883 est
668 827 718 882 sub
733 827 924 899 persecutione

127 902 204 962 Decii
219 901 334 958 minoris
346 909 373 956 et
389 900 528 956 Valeriani
546 900 741 971 imperatorum
760 897 810 971 [et]
826 897 924 979 capitis

127 974 337 1032 obtruncatione
350 972 514 1044 martyrium
531 971 689 1042 coruplevit.
710 971 760 1026 llic
779 968 924 1026 constituit

127 1055 159 1103 nt
177 1046 259 1101 missa
278 1044 429 1101 calciaretur
448 1045 642 1115 superabere,
674 1041 747 1114 quod
768 1050 847 1097 antea
869 1056 924 1095 non

126 1116 221 1186 tiebat,
236 1126 264 1173 et
278 1115 352 1189 quod
368 1115 453 1170 altare
467 1131 576 1170 uersum
593 1113 671 1169 sitad
683 1113 825 1170 Orientem
835 1119 924 1167 ctnon

127 1189 217 1245 aliter.
235 1188 266 1243 ln
280 1186 436 1243 coemcterio
464 1185 633 1252 Praetextati,
654 1185 796 1239 beatorum
815 1192 925 1254 marty-

127 1276 189 1316 rum
214 1256 412 1324 Felicissimi·
449 1263 513 1325 etc,
529 1257 596 1311 satis
610 1271 687 1328 pure.
710 1257 802 1312 ‹ltem
820 1256 923 1320 hotrum,

127 1329 264 1411 depositio
283 1327 370 1385 sancti
400 1328 526 1385 Oruustae
557 1325 735 1399 [llormisdae]
764 1342 849 1397 papce.
869 1324 925 1381 Sub

128 1402 211 1472 hujus
225 1408 347 1470 tempore
366 1399 527 1455 Anastasius
541 1397 690 1470 imperator
705 1396 851 1453 baereticus
873 1396 925 1451 tul·

128 1473 203 1528 mine
218 1487 362 1543 purcussus
375 1470 492 1527 interiit.
507 1470 560 1526 Iste
576 1469 731 1536 constituit,
746 1468 768 1523 si
785 1468 847 1540 quis
862 1467 925 1523 mis·

128 1560 185 1600 sam
218 1541 397 1599 celebraverit
430 1540 480 1616 [et]
515 1558 570 1596 non
590 1542 641 1596 rite
667 1540 810 1596 ordinatus
842 1539 927 1595 fuerit

128 1614 215 1688 prius,
236 1614 309 1686 quod
318 1613 379 1695 ipso
394 1613 466 1670 facto
481 1612 518 1668 sit
531 1621 662 1685 perpetuo
688 1611 721 1667 de
739 1611 823 1668 sacris
845 1610 927 1666 ordi-

976 414 1062 453 annos
1076 396 1156 465 duos,
1168 411 1275 450 menses
1285 393 1425 461 undecim,
1437 392 1567 456 diessen,
1584 399 1611 446 et
1621 391 1780 461 coustituit,

976 479 1007 525 ut
1022 469 1105 524 missa
1116 467 1269 523 celebretur
1284 482 1365 537 super
1380 465 1475 526 altare.
1489 463 1563 590 spuod
1574 471 1654 543 antea
1666 478 1721 518 non
1735 464 1779 518 lie-

977 540 1033 607 bat,
1045 549 1071 596 et
1083 540 1136 594 tuit
1150 547 1224 610 pater
1235 535 1483 619 spiritualissancti
1517 543 1639 614 aurentn
1654 533 1778 591 diaconi.

976 613 1044 667 item
1061 612 1154 666 {torna
1183 611 1210 666 in
1232 609 1369 666 cimiterio
1383 607 1551 672 Praetextati,
1568 621 1669 677 passio,
1689 614 1779 676 »etc.,

978 684 1064 738 terrae
1078 697 1155 754 pure.
1171 683 1210 737 De
1226 680 1381 748 llormisda,
1400 687 1432 736 ut
1445 679 1658 747 Usrnasscrrs,
1673 686 1727 735 etc.
1741 677 1774 736 de

978 755 1056 810 iusto
1071 761 1097 809 et
1112 754 1231 821 Pastore,
1247 763 1278 809 ut
1293 753 1320 807 in
1332 759 1421 808 textu.

1015 826 1110 880 Datin.
1121 825 1149 880 in
1167 832 1242 880 textu
1256 824 1366 897 puritati
1379 822 1521 895 proximus
1535 830 1586 889 est,
1603 821 1669 878 licet
1683 819 1776 893 sphal-

979 897 1098 952 matibus
1114 897 1208 953 multis
1223 896 1349 952 toedatus.
1362 895 1445 951 lnitio
1458 893 1592 976 praehgit:
1615 918 1624 940 ι
1640 894 1671 950 ln
1684 900 1777 949 monte

979 968 1099 1036 Thabor,
1110 968 1324 1039 Transfiguratie
1339 967 1450 1023 Domini
1464 973 1552 1022 nostru
1562 965 1626 1022 lesu
1635 964 1770 1022 Christi·

980 1039 1049 1098 Vide
1066 1041 1145 1111 plura
1159 1041 1285 1111 superins
1299 1040 1328 1094 in
1343 1039 1523 1095 Buuxarueu.

1015 1112 1104 1167 Graes.
1119 1130 1157 1177 :,‹
1173 1111 1387 1183 Transfiguratie
1397 1109 1511 1166 Domini
1523 1108 1610 1165 nostri
1622 1110 1687 1165 iesu
1700 1108 1778 1166 Chri·

979 1182 1015 1238 sti
1039 1182 1067 1238 in
1084 1190 1177 1238 moute
1191 1183 1310 1251 Thabor,
1330 1199 1411 1255 quarn
1427 1181 1568 1238 Usuardus
1594 1180 1677 1237 habet
1698 1198 1780 1252 supra

980 1263 1058 1310 sexto
1071 1253 1132 1308 Kal.
1147 1255 1286 1325 Augusti.»
1304 1254 1368 1309 Dixi
1381 1254 1409 1308 in
1421 1252 1668 1310 Observationihus
1683 1252 1780 1309 Usuar-

980 1325 1046 1381 duur
1063 1324 1096 1380 de
1115 1341 1147 1380 eo
1161 1325 1231 1380 festo
1245 1341 1300 1381 non
1313 1325 1417 1394 egisse,
1434 1323 1571 1398 quidquid
1584 1324 1666 1379 aliter
1681 1323 1780 1381 Greve·

980 1413 1033 1452 nus
1047 1396 1173 1453 senserit.
1199 1422 1209 1444 ι
1223 1397 1357 1454 Ormisdae
1372 1413 1448 1478 papa
1470 1396 1517 1451 hic
1530 1397 1684 1523 sepultura.
1698 1396 1781 1468 Apud

980 1469 1075 1524 Persas
1085 1466 1220 1525 Ormisdae
1230 1469 1403 1525 contessoris.
1418 1470 1457 1523 De
1467 1484 1521 1540 quo
1537 1467 1556 1522 li
1580 1485 1610 1523 ro
1621 1484 1641 1522 x
1652 1467 1781 1524 Historiae

981 1540 1126 1611 tripartitae
1151 1548 1287 1609 narratur,
1312 1539 1385 1621 quod
1406 1556 1468 1595 cum
1485 1548 1555 1595 esset
1570 1538 1650 1595 valde
1665 1538 1780 1608 nobilis,

981 1628 1030 1684 pro
1046 1611 1156 1668 Christo
1167 1611 1284 1679 divitiis,
1294 1611 1623 1693 dignitatea'cstibusque
1633 1610 1779 1684 spoliatus,

128 1686 212 1745 nibus
231 1687 381 1757 depositus.
402 1707 412 1734 ι
436 1683 539 1757 Aliqua
557 1689 705 1739 sumuntur
725 1698 760 1738 ex
777 1681 926 1754 appendice
941 1686 964 1747 Β
981 1683 1072 1738 nudus
1102 1682 1154 1738 suh
1173 1683 1366 1740 ardentissimo
1394 1683 1451 1739 sole
1477 1685 1645 1739 camelorum
1664 1681 1778 1754 jubetur

128 1757 244 1815 Adonis.

165 1829 312 1886 Vreromu.
351 1833 394 1883 ost
414 1826 575 1897 Cyprianus,
597 1825 712 1881 inserit:
753 1823 850 1880 «item
870 1823 929 1878 ibi-

129 1900 191 1955 dem
216 1843 369 1955 tlormisda
394 1914 480 1979 papae.
506 1897 557 1953 llic
576 1895 732 1967 corrrposuit
753 1895 857 1976 clerum
878 1894 929 1950 sub

129 1978 251 2041 tempore
266 1969 404 2025 Anastasis
421 1967 602 2049 imperatoris.
620 1968 723 2023 Eodem
747 1967 792 2023 dre
811 1966 928 2022 Transfi-

129 2041 237 2113 guratie
251 2041 363 2096 Domini
379 2048 467 2094 nostri
482 2039 544 2095 iesu
560 2039 673 2096 Christi.
688 2064 697 2086 ι

164 2111 604 2169 Marum.·Csnrus.·Unrnaracr.
619 2129 624 2165 :
641 2109 733 2165 =Sixti
772 2125 839 2181 apa,
857 2109 928 2165 Peli·

128 2182 235 2240 eissimi
253 2193 281 2240 et
295 2183 405 2255 Agapiti
420 2190 584 2255 martyrum.
597 2182 730 2238 ianuarii.
746 2126 850 2253 idagni,
862 2181 929 2237 Vin-

128 2255 225 2324 centii,
242 2254 384 2337 Stephani,
411 2253 507 2321 Quarti
534 2261 700 2325 martyrum.
722 2253 756 2308 Hi
772 2269 835 2309 cum
850 2252 929 2308 beato

129 2326 208 2383 Sixto
223 2343 294 2399 passi
307 2334 382 2395 sunt,
399 2326 468 2381 iusti
484 2333 511 2381 et
524 2325 643 2382 Pastoris
653 2326 768 2380 fratrum
781 2340 929 2396 puerorum

130 2406 296 2471 martyrum.
312 2423 321 2446 ι
342 2397 445 2453 Textus
460 2396 493 2453 de
507 2414 582 2453 more
596 2396 787 2453 contrahitur:

166 2470 340 2528 Caucasias.
352 2470 380 2527 S.
391 2468 483 2526 Maria
495 2487 500 2525 :
521 2494 530 2516 ‹
542 2470 603 2550 lpso
613 2468 668 2536 die,
684 2467 779 2524 domni
794 2466 929 2523 Leonardi

130 2541 245 2598 abbatis.
263 2567 272 2590 ι
298 2543 368 2597 Puto
382 2542 425 2613 agi
440 2540 473 2596 de
488 2544 639 2613 Aquitano,
654 2540 742 2597 sancti
756 2539 873 2611 liernigii
888 2539 928 2593 di·

129 2613 167 2667 sci
190 2614 248 2681 ulo,
265 2613 313 2684 qui
327 2613 429 2668 colitur
444 2629 473 2666 ur
487 2611 662 2666 Norenrbris,

166 2629 314 2750 Caricam,
329 2683 452 2753 signatus
467 2698 545 2737 nuum
572 2681 654 2749 59-i9,
683 2681 711 2737 in
728 2680 783 2736 hire
807 2680 904 2751 adjicit
921 2699 927 2736 :

137 2755 265 2821 «trama,
287 2754 375 2809 sancti
399 2751 551 2808 llormisdae
591 2768 658 2824 apa,
675 2752 723 2825 qui
742 2752 851 2824 praefuit
871 2753 929 2807 Ec-

130 2825 220 2881 etesia
232 2825 312 2879 annis
328 2841 378 2891 vn,
394 2823 565 2894 temporibus
603 2824 744 2880 heoderici
755 2823 929 2879 etAnastasii

129 2896 353 3021 ppgpstorumn
376 2895 435 2950 lam
452 2893 513 2950 dini
532 2895 566 2949 de
585 2894 731 2951 Hormisda
753 2895 796 2966 agi
816 2896 845 2950 in
864 2911 927 2966 app.

175 2981 191 3020 o
215 3008 220 3021 .

983 1754 1119 1810 exercitus
1138 1755 1255 1812 trahere.
1283 1756 1407 1827 Cmuque
1423 1771 1519 1811 rursus
1548 1754 1709 1811 restitutum
1730 1770 1778 1809 rex

983 1826 1108 1882 emollire
1125 1826 1221 1898 (vestis
1234 1826 1396 1884 beneficium
1413 1826 1666 1897 corrrmemoraudo)
1686 1833 1780 1882 teuta-

982 1904 1034 1964 ret,
1056 1897 1103 1954 ille
1125 1899 1217 1955 statim
1241 1908 1317 1954 ueste
1338 1897 1472 1971 disrupta,
1497 1899 1587 1955 nudus
1602 1898 1718 1970 imperie
1735 1912 1780 1952 ex·

982 1970 1079 2042 pulsus
1088 1969 1185 2025 abivit.
1202 1971 1269 2026 ltem
1280 1969 1365 2026 heatae
1378 1969 1517 2025 memorias
1537 1969 1659 2026 Gezelini
1674 1968 1779 2025 contes-

982 2041 1063 2108 soris,
1079 2040 1107 2097 iu
1121 2041 1285 2098 Slebusrode
1298 2041 1415 2099 ducatus
1424 2042 1574 2098 Montensis
1584 2040 1773 2113 quiescentis·

1018 2112 1128 2169 Mosam.
1159 2121 1219 2201 post
1238 2115 1344 2184 puriter
1362 2113 1485 2169 decollati
1504 2120 1575 2181 suast,
1596 2112 1660 2169 aliis
1678 2111 1779 2167 litteris

983 2183 1098 2240 inserit:
1122 2185 1234 2240 «hocta
1257 2202 1323 2242 uero
1346 2192 1483 2241 arcuerunt
1496 2185 1591 2241 clerici
1610 2193 1638 2240 et
1659 2183 1780 2239 maxima

983 2272 1044 2328 pars
1059 2255 1292 2324 Christianorum,
1307 2257 1354 2330 qui
1369 2257 1536 2328 sepelierunt
1550 2263 1708 2313 sanctorum
1724 2271 1780 2311 cor·

983 2343 1049 2454 pora
1063 2328 1201 2455 condipno
1220 2329 1333 2385 honore.
1350 2352 1358 2375 ι
1382 2329 1412 2384 Ιιι
1428 2329 1501 2384 isne:
1525 2326 1584 2384 ‹lu'
1601 2334 1697 2383 rrronte
1713 2326 1779 2382 Tha-

1003 2415 1043 2466 or,
1060 2399 1145 2455 Trans
1157 2400 1274 2471 iguratio
1300 2399 1412 2457 Domini
1427 2400 1513 2457 nostri
1526 2400 1590 2456 iesu
1614 2399 1730 2457 Christi.
1747 2400 1782 2455 Et

983 2470 1073 2527 rratale
1087 2471 1159 2528 beati
1175 2472 1309 2529 Ormisdae
1326 2488 1412 2544 papa,
1430 2473 1477 2545 qui
1493 2471 1563 2527 sedit
1584 2472 1678 2528 Itomae
1694 2487 1781 2526 anrros

983 2540 1076 2598 decem
1092 2551 1119 2598 et
1135 2551 1248 2671 septem.
1262 2545 1313 2600 Hic
1327 2544 1482 2616 composuit
1495 2544 1600 2600 clerum
1617 2551 1644 2598 et
1668 2542 1782 2615 psalmis

983 2613 1113 2670 erudivit.
1129 2615 1167 2671 Su
1201 2614 1284 2687 hujus
1303 2624 1425 2688 tempore
1444 2615 1606 2672 Anastasius
1633 2614 1783 2740 imperator

983 2683 1129 2741 haereticus
1149 2703 1295 2812 percussus
1316 2686 1434 2742 fulmine
1460 2687 1577 2744 interiit.
1597 2687 1669 2758 Scpn
1686 2695 1728 2742 tus
1742 2692 1783 2741 est

983 2754 1055 2811 idem
1070 2757 1146 2827 ponti
1162 2774 1195 2812 cx
1210 2757 1238 2812 in
1254 2759 1368 2815 ecclesia
1379 2758 1565 2815 beatiPctri.·
1586 2758 1717 2830 Sequitur
1731 2756 1781 2811 rui·

984 2827 1099 2882 nuribus
1115 2829 1208 2901 typis:
1241 2830 1346 2902 «Apud
1370 2830 1475 2900 Persas,
1496 2829 1630 2887 Ormisdae
1644 2829 1783 2887 contesso-

983 2899 1053 2954 ris.»
1076 2900 1116 2955 De
1131 2917 1196 2991 quo,
1212 2908 1276 2969 etc,
1293 2911 1324 2957 ut
1336 2900 1475 2969 Gnatam,
1492 2900 1625 2973 usquead
1651 2900 1783 2956 exercitus

984 2971 1096 3025 trahere.
1127 2972 1270 3028 hditiones
1299 2973 1360 3028 aliu
1391 2973 1480 3028 textui
1508 2972 1653 3044 praefigunt
1682 2971 1783 3028 litteris

165 3038 264 3093 Enrrro
279 3037 488 3095 Lenaeo-Cou.:
511 3038 567 3093 «In
589 3042 682 3093 monte
696 3035 815 3105 Thabor,
832 3037 928 3093 Trans·
946 3049 967 3109 c
984 3042 1120 3098 cursivis:
1150 3045 1184 3100 la
1210 3050 1296 3099 irrorrtc
1322 3045 1436 3113 Thabor,
1459 3052 1511 3100 etc.
1532 3044 1564 3101 ln
1583 3051 1663 3100 textu
1680 3042 1784 3098 habent

130 3108 257 3179 figuratio
272 3108 396 3176 Domini,
416 3126 476 3236 upum
492 3109 563 3166 iacta
575 3108 628 3164 tuis
642 3108 670 3164 in
684 3108 829 3180 praesentia
843 3108 926 3166 disci·
982 3110 1054 3167 idem
1071 3113 1143 3185 quod
1169 3115 1198 3170 in
1212 3115 1334 3172 editione
1354 3116 1450 3187 prima.
1474 3117 1506 3171 ln
1520 3114 1593 3171 sine:
1618 3117 1736 3172 ‹Rorrrae
1753 3115 1782 3168 in

130 3181 270 3252 pulcrum,
292 3181 398 3237 scilicet.
442 3180 505 3248 etri,
519 3181 653 3236 iohannis
677 3188 704 3235 et
719 3179 813 3235 iacobi
833 3180 926 3236 fratris

130 3249 199 3323 ejus,
212 3252 322 3325 quaudo
336 3253 507 3324 resplenduit
521 3253 604 3308 iacies
619 3250 678 3322 ejus
692 3251 764 3306 sicut
774 3253 827 3320 sol,
842 3252 924 3308 uesti-

130 3331 223 3380 menta
241 3340 306 3380 vero
320 3322 379 3396 ejus
396 3323 513 3382 candida
529 3324 601 3380 tacta
623 3330 687 3378 sunt
707 3330 837 3394 tanquam
864 3323 924 3391 nir,

130 3410 223 3451 veram
238 3398 280 3452 sui
295 3395 448 3453 naturalem
461 3403 489 3451 et
504 3394 614 3468 mystici
634 3394 757 3466 corporis
772 3395 924 3451 novitatem

129 3466 316 3546 praefigurans.
333 3468 426 3524 llomaa
441 3468 486 3522 sia
500 3467 597 3593 Appia,
611 3466 641 3520 in
656 3465 793 3522 cimiterio
810 3466 923 3536 Calixti,

129 3538 230 3593 natalis
247 3536 320 3594 beati
339 3536 413 3593 Sinti
431 3553 513 3594 secun
536 3538 544 3592 i
561 3553 635 3609 papae
650 3545 677 3592 ct
691 3537 832 3609 nrartyris,
843 3554 924 3613 quem

980 3184 1094 3241 ecclesia
1118 3183 1189 3240 beati
1215 3186 1298 3253 Petri,
1320 3187 1409 3242 natale
1425 3186 1496 3242 beati
1523 3185 1676 3242 llormisdas
1712 3202 1782 3258 alsus,

980 3255 1027 3326 qui
1038 3257 1192 3328 composuit
1204 3258 1307 3313 clerum
1322 3266 1349 3313 et
1362 3258 1474 3330 psalmis
1485 3257 1618 3314 erudivit.
1630 3202 1784 3328 Srrbbujns

980 3332 1101 3398 tempore
1112 3328 1283 3398 Anastasius,
1295 3355 1304 3376 ›
1321 3338 1373 3386 etc.
1390 3329 1514 3410 Denique
1526 3329 1682 3385 minoribus
1693 3329 1780 3401 typis:

987 3398 1089 3478 dcem,
1105 3399 1190 3455 heatre
1206 3401 1356 3469 memoriae,
1383 3400 1506 3458 Gezelmi
1526 3401 1705 3469 confessoris,
1732 3401 1781 3473 qui

979 3470 1097 3540 quiescit
1116 3470 1143 3526 in
1171 3472 1273 3528 ducatu
1292 3473 1465 3530 Montensi·
1500 3474 1532 3529 ln
1552 3472 1729 3540 Slebusrode,
1753 3479 1783 3527 ut

979 3556 1061 3614 supra
1076 3542 1172 3600 retulit
1190 3544 1317 3601 Gnarus.

849 3648 1057 3662 ῃ

129 3694 180 3753 Vll
196 3693 272 3749 ldru.

1688 3701 1740 3758 Dic
1753 3701 1780 3760 7.

163 3780 245 3854 Apud
260 3779 385 3838 Tusciam
396 3780 508 3838 civitate
523 3781 628 3850 Aretio,
642 3780 744 3839 natalis
757 3782 828 3840 beati
849 3784 948 3840 Donati
966 3787 1086 3859 episcopi
1100 3795 1128 3843 et
1141 3787 1282 3874 martyris,
1298 3789 1350 3844 suh
1367 3790 1481 3846 iuliano
1493 3790 1739 3863 imperatoreoui,
1752 3802 1782 3848 ιιι

128 3875 275 3948 Gregorius
290 3890 355 3946 papa
367 3873 396 3928 in
407 3873 486 3929 libris
497 3873 675 3946 Dialogorum
693 3876 829 3944 meminit,
846 3876 963 3934 tractum
978 3895 994 3934 a
1008 3880 1124 3951 paganis
1139 3881 1252 3937 calicem
1275 3891 1400 3938 sanctum
1416 3882 1450 3938 ad
1464 3882 1575 3938 missam
1590 3880 1725 3937 morando
1742 3899 1781 3939 re·

67 4018 71 4031 ,
127 3966 270 4022 stauravit.
287 3966 390 4032 Roma,
402 3973 560 4020 sanctorum
577 3973 729 4035 martyrum
749 3966 832 4035 Petri,
853 3966 956 4024 iuliani
971 3984 1034 4026 cum
1049 3968 1111 4025 aliis
1125 3970 1258 4028 decentet
1278 3981 1350 4031 octo.
1373 3971 1453 4046 Apud
1468 3969 1670 4041 Mediolanum,
1689 3974 1781 4030 sancti

127 4054 262 4124 Faustini,
278 4062 401 4128 ternpore
414 4055 522 4112 Aurelii
538 4054 685 4115 Commodi
700 4057 884 4131 martyrizati.

895 4175 1012 4233 NOTAE.

161 4279 241 4340 Multi
267 4279 320 4337 hac
333 4278 378 4335 die
404 4279 511 4338 codices
554 4281 597 4338 uri
612 4292 688 4353 sunt,
707 4284 830 4352 Protea,
846 4283 923 4338 lteri·

125 4352 515 4425 nica.,Torncccn.,Arttuerp.·
559 4353 923 4427 jor.,Arrtucrp.‚Mca.·Lu·

126 4428 189 4494 bea,
203 4426 348 4493 Munerat,
363 4425 465 4493 Belin„
481 4426 592 4494 Graeca,
607 4434 634 4483 el
656 4429 759 4488 Melea.
776 4429 844 4484 item
868 4427 922 4482 atrr-

976 4281 1166 4409 ppelrpelilpa„
1180 4280 1328 4353 Ultrujcct,
1339 4283 1465 4354 asyma,
1477 4283 1781 4355 Lceeaba.,dlbcrgcn·

1044 4370 1105 4409 aare
1125 4370 1147 4411 s.

731 4544 933 4605 VAlllANTES
953 4542 1158 4603 LECTIONES.

162 4638 317 4711 Legendum
331 4659 394 4700 curn
409 4650 487 4702 textu
501 4660 535 4700 ex
548 4645 632 4710 Beda,
647 4652 676 4701 ut
691 4646 743 4703 Gre
759 4645 833 4700 orius
844 4660 919 4714 popu
938 4642 961 4701 D
978 4643 1053 4698 mine
1067 4643 1187 4716 proprio,
1207 4645 1250 4700 vel
1266 4643 1455 4700 verosimilius
1471 4643 1591 4700 librairii
1608 4643 1712 4700 vitium
1732 4645 1779 4702 sit.

124 4706 245 4789 inlibris
257 4713 433 4781 Dialogorurn
447 4716 572 4771 tueminit.
599 4718 723 4773 Munerat
743 4663 835 4782 babet,
854 4715 922 4771 libro

124 4778 299 4860 Daulogorum
311 4800 318 4847 ;
330 4783 418 4838 Belin.
430 4785 459 4840 in
471 4785 547 4840 libris
560 4788 735 4867 Diaioporunt
745 4787 844 4841 scribit.
856 4787 921 4841 Τιιι-

125 4865 187 4923 prus
209 4851 344 4923 Antuerp.
360 4861 507 4928 utrumqne
521 4857 674 4928 coniungit,
689 4859 718 4912 iu
742 4858 807 4912 libro
821 4858 922 4914 Dialo-

124 4939 218 5005 gorsnn
232 4923 325 4980 scribit
336 4925 463 4982 rnenrinit.
475 4927 687 5000 Antuerp.-Mai.
705 4928 775 4985 duos
786 4939 922 5002 martyres

125 5011 155 5051 m
169 5011 255 5052 unum
270 5012 383 5067 puerum
398 4998 546 5066 contrahit,
561 5000 602 5057 sio
626 5001 736 5072 legens:
764 5002 921 5057 Sanctorum

124 5074 272 5141 martyrum
283 5069 363 5142 pueri
376 5069 492 5139 Iuliani,
512 5070 565 5128 nisi
578 5073 656 5143 pueri
669 5071 786 5146 accipiat
800 5090 849 5146 pro
872 5090 920 5129 no·

976 4716 1110 4771 Munerat.
1131 4713 1264 4786 interjicit
1284 4715 1521 4788 conjunctionem,
1541 4723 1565 4772 et
1591 4717 1666 4772 Petri
1686 4722 1710 4770 et
1725 4717 1780 4771 Ju-

978 4787 1054 4842 liani.
1070 4787 1189 4841 Greven.
1212 4794 1239 4841 et
1254 4787 1355 4842 Molan.
1377 4788 1518 4843 scribunt:
1544 4788 1626 4858 Apud
1649 4788 1780 4845 Mediola-

976 4875 1049 4925 num,
1062 4858 1161 4913 aetolis
1176 4859 1259 4913 soracti
1274 4859 1406 4924 Faustini,
1423 4868 1476 4916 etc.
1493 4860 1629 4915 Mrmerat.
1643 4860 1781 4915 interalia

976 4930 1120 5010 scriptoria
1134 4929 1289 5002 sphalmata
1301 4930 1354 4989 hoc
1368 4930 1450 4987 etiam
1466 4931 1557 5000 habet,
1572 4931 1646 5005 quod
1661 4948 1712 5003 pro
1724 4933 1780 4987 Au·

975 5002 1035 5056 relic
1052 5000 1198 5070 Coirtrnodi,
1214 5011 1308 5075 ponat,
1324 5003 1468 5059 Aracelieui
1490 5003 1613 5060 Cornodi.

789 5190 1090 5249 OBSEllVATlONES.

160 5282 241 5340 ilecto
252 5292 330 5342 notat
344 5284 541 5353 Phronimius,
553 5287 687 5343 Donatum
703 5289 849 5346 Aretinuru
864 5291 920 5363 epi·

125 5366 237 5423 scopum
251 5356 280 5410 iu
296 5358 638 5431 omnihusMartyrologiis
651 5360 839 5431 notissimum,
850 5380 919 5417 mor·

126 5425 206 5501 tprcm
221 5442 288 5493 esse,
305 5429 377 5484 undo
392 5431 509 5487 miratur
525 5431 553 5486 in
569 5432 713 5488 nonnullis
728 5432 918 5507 Hieronymia·

125 5508 169 5547 nrs
182 5496 344 5577 apographis
357 5501 530 5583 consessorem
545 5503 737 5560 tantummodo
752 5505 915 5577 nuncupari;

124 5578 185 5635 quae
200 5581 322 5636 nomina,
338 5579 368 5652 ut
383 5572 429 5631 luo
439 5575 539 5632 iterum
552 5584 681 5647 repetam,
693 5592 800 5648 semper
815 5576 844 5630 iu
855 5576 917 5632 stri·

123 5643 169 5693 cta
180 5641 207 5716 et
221 5645 316 5719 contra
325 5641 453 5722 distincta
466 5648 623 5719 acceptione
634 5647 917 5720 intelligimus.Sedct

123 5706 177 5764 boc
193 5723 222 5791 m
237 5723 251 5763 e
264 5724 296 5764 us
309 5711 431 5770 mdreulo
441 5716 583 5774 advertere
598 5735 706 5776 necesse
717 5727 770 5787 est,
781 5719 916 5790 nempein

123 5795 178 5854 quo
198 5796 239 5840 stc
262 5787 374 5854 egetur:
399 5786 506 5844 Natalis
519 5796 672 5847 sauctorum
690 5790 792 5847 Doucti
804 5790 918 5865 episcopi

973 5297 997 5346 ct
1010 5289 1177 5361 confessoris,
1190 5292 1309 5347 Artecnli
1321 5298 1346 5347 ct
1362 5290 1536 5363 Gurpcrifori,
1553 5288 1632 5363 quasi
1644 5291 1778 5363 posterio-

974 5379 1017 5419 res
1031 5361 1086 5418 duo
1101 5361 1201 5419 Donati
1209 5362 1277 5419 socii
1291 5363 1419 5431 tuissent,
1432 5370 1458 5419 et
1474 5363 1568 5418 eodem
1580 5363 1626 5419 die
1637 5364 1779 5431 coronati,

974 5450 1042 5508 quos
1054 5442 1145 5491 tamen
1162 5435 1349 5491 Florentinius
1365 5436 1426 5491 urbi
1442 5435 1563 5491 Aretinac
1580 5435 1703 5491 tribuere
1724 5450 1778 5491 non

973 5506 1064 5562 audet.
1080 5507 1178 5564 Sinlne
1203 5506 1352 5573 Comenses,
1373 5525 1407 5563 an
1431 5508 1646 5573 Nouoconreuses,
1668 5523 1703 5561 an
1725 5506 1780 5562 loci

972 5579 1095 5648 alterius,
1107 5577 1301 5635 diceturalibi.
1317 5579 1481 5651 Expeditior
1497 5595 1540 5633 res
1555 5588 1596 5635 est
1612 5579 1641 5633 in
1652 5579 1779 5635 lloruano

972 5667 1074 5721 paruo:
1098 5651 1179 5718 Apud
1200 5652 1332 5718 Arulirnn,
1352 5651 1448 5707 Delicti
1462 5651 1577 5722 episcopi
1591 5658 1615 5704 ct
1630 5651 1776 5719 ritortgris.

971 5722 1014 5801 Ad
1029 5736 1090 5803 quai
1104 5722 1270 5779 Viennensis
1284 5723 1393 5794 longam
1409 5722 1541 5779 Actorum
1556 5722 1655 5778 seriem
1672 5720 1777 5804 produ·

971 5799 1019 5861 cut,
1037 5809 1064 5848 rn
1079 5808 1132 5866 qua
1147 5793 1182 5851 dc
1196 5793 1433 5868 pluribussauctis
1447 5793 1548 5867 agitur,
1560 5793 1659 5853 Donati
1669 5800 1776 5850 mstru·
