<?xml version="1.0" encoding="UTF-8"?>
<!DOCTYPE html PUBLIC "-//W3C//DTD XHTML 1.0 Transitional//EN"
    "http://www.w3.org/TR/xhtml1/DTD/xhtml1-transitional.dtd">
<html xmlns="http://www.w3.org/1999/xhtml" xml:lang="en" lang="en">
 <head>
  <title>
</title>
<meta http-equiv="Content-Type" content="text/html;charset=utf-8" />
  <meta name='ocr-system' content='tesseract 3.04.00' />
  <meta name='ocr-capabilities' content='ocr_page ocr_carea ocr_par ocr_line ocrx_word'/>
</head>
<body>
  <div class='ocr_page' id='page_1' title='image "./patrologiaecurs76unkngoog_0416.png"; bbox 0 0 3834 6136; ppageno 0'>
   <div class='ocr_carea' id='block_1_1' title="bbox 66 107 121 171">
    <p class='ocr_par' dir='ltr' id='par_1_1' title="bbox 66 107 121 171">
     <span class='ocr_line' id='line_1_1' title="bbox 66 107 121 171; baseline -0.091 0"><span class='ocrx_word' id='word_1_1' title='bbox 66 107 121 171; x_wconf 72' lang='lat'>821</span> 
     </span>
    </p>
   </div>
   <div class='ocr_carea' id='block_1_2' title="bbox 594 109 1188 173">
    <p class='ocr_par' dir='ltr' id='par_1_2' title="bbox 594 109 1188 173">
     <span class='ocr_line' id='line_1_2' title="bbox 594 109 1188 173; baseline 0.01 -7"><span class='ocrx_word' id='word_1_2' title='bbox 594 109 909 171; x_wconf 79' lang='lat' dir='ltr'>unnruuoboeltnt.</span> <span class='ocrx_word' id='word_1_3' title='bbox 929 142 965 157; x_wconf 82' lang='lat'>-</span> <span class='ocrx_word' id='word_1_4' title='bbox 983 114 1086 172; x_wconf 73' lang='lat' dir='ltr'>MENS.</span> <span class='ocrx_word' id='word_1_5' title='bbox 1107 115 1188 173; x_wconf 85' lang='lat' dir='ltr'>DEC.</span> 
     </span>
    </p>
   </div>
   <div class='ocr_carea' id='block_1_3' title="bbox 67 232 1720 316">
    <p class='ocr_par' dir='ltr' id='par_1_3' title="bbox 67 232 1720 316">
     <span class='ocr_line' id='line_1_3' title="bbox 67 232 1720 316; baseline 0.012 -27"><span class='ocrx_word' id='word_1_6' title='bbox 67 235 134 308; x_wconf 78' lang='lat' dir='ltr'>pluis</span> <span class='ocrx_word' id='word_1_7' title='bbox 147 247 257 304; x_wconf 79' lang='lat' dir='ltr'>quares</span> <span class='ocrx_word' id='word_1_8' title='bbox 279 232 309 291; x_wconf 89' lang='lat' dir='ltr'>iu</span> <span class='ocrx_word' id='word_1_9' title='bbox 324 246 377 305; x_wconf 84' lang='lat' dir='ltr'>qua</span> <span class='ocrx_word' id='word_1_10' title='bbox 392 233 517 293; x_wconf 80' lang='lat' dir='ltr'>Threcia</span> <span class='ocrx_word' id='word_1_11' title='bbox 535 244 612 308; x_wconf 85' lang='lat' dir='ltr'>parta</span> <span class='ocrx_word' id='word_1_12' title='bbox 635 237 686 293; x_wconf 86' lang='lat' dir='ltr'>sita</span> <span class='ocrx_word' id='word_1_13' title='bbox 702 237 737 293; x_wconf 82' lang='lat' dir='ltr'>sit</span> <span class='ocrx_word' id='word_1_14' title='bbox 755 239 872 295; x_wconf 75' lang='lat' dir='ltr'><strong><em>Gelduba</em></strong></span> <span class='ocrx_word' id='word_1_15' title='bbox 888 244 912 301; x_wconf 86' lang='lat' dir='ltr'>A</span> <span class='ocrx_word' id='word_1_16' title='bbox 925 241 1031 314; x_wconf 85' lang='lat' dir='ltr'>syllaba</span> <span class='ocrx_word' id='word_1_17' title='bbox 1045 242 1146 313; x_wconf 87' lang='lat' dir='ltr'>prioris</span> <span class='ocrx_word' id='word_1_18' title='bbox 1160 241 1215 299; x_wconf 88' lang='lat' dir='ltr'>loci</span> <span class='ocrx_word' id='word_1_19' title='bbox 1227 241 1361 313; x_wconf 78' lang='lat' dir='ltr'>Gelduba,</span> <span class='ocrx_word' id='word_1_20' title='bbox 1372 245 1520 316; x_wconf 78' lang='lat' dir='ltr'>conjuncte</span> <span class='ocrx_word' id='word_1_21' title='bbox 1532 264 1597 306; x_wconf 84' lang='lat' dir='ltr'>ann</span> <span class='ocrx_word' id='word_1_22' title='bbox 1605 249 1720 310; x_wconf 75' lang='lat' dir='ltr'>lutino</span> 
     </span>
    </p>
   </div>
   <div class='ocr_carea' id='block_1_4' title="bbox 63 304 871 1580">
    <p class='ocr_par' dir='ltr' id='par_1_4' title="bbox 63 304 871 1580">
     <span class='ocr_line' id='line_1_4' title="bbox 67 304 870 378; baseline 0.004 -16"><span class='ocrx_word' id='word_1_23' title='bbox 67 305 114 362; x_wconf 83' lang='lat' dir='ltr'>uel</span> <span class='ocrx_word' id='word_1_24' title='bbox 132 305 258 370; x_wconf 82' lang='lat' dir='ltr'>Gildoba,</span> <span class='ocrx_word' id='word_1_25' title='bbox 275 320 338 360; x_wconf 80' lang='lat' dir='ltr'>cunr</span> <span class='ocrx_word' id='word_1_26' title='bbox 361 304 401 360; x_wconf 89' lang='lat' dir='ltr'>ibi</span> <span class='ocrx_word' id='word_1_27' title='bbox 420 306 591 377; x_wconf 90' lang='lat' dir='ltr'>reperibilem</span> <span class='ocrx_word' id='word_1_28' title='bbox 622 323 675 361; x_wconf 91' lang='lat' dir='ltr'>non</span> <span class='ocrx_word' id='word_1_29' title='bbox 704 308 870 378; x_wconf 81' lang='lat' dir='ltr'><strong>existimem,</strong></span> 
     </span>
     <span class='ocr_line' id='line_1_5' title="bbox 67 375 871 436; baseline 0.004 -4"><span class='ocrx_word' id='word_1_30' title='bbox 67 377 204 433; x_wconf 90' lang='lat' dir='ltr'>imosatis</span> <span class='ocrx_word' id='word_1_31' title='bbox 218 375 417 431; x_wconf 74' lang='lat' dir='ltr'>verosimiliter</span> <span class='ocrx_word' id='word_1_32' title='bbox 428 394 461 431; x_wconf 90' lang='lat' dir='ltr'>ex</span> <span class='ocrx_word' id='word_1_33' title='bbox 473 379 607 433; x_wconf 88' lang='lat' dir='ltr'>truncatis</span> <span class='ocrx_word' id='word_1_34' title='bbox 616 386 774 434; x_wconf 90' lang='lat' dir='ltr'>sanctorum</span> <span class='ocrx_word' id='word_1_35' title='bbox 784 382 871 436; x_wconf 87' lang='lat' dir='ltr'>nonii·</span> 
     </span>
     <span class='ocr_line' id='line_1_6' title="bbox 68 446 871 519; baseline 0.004 -16"><span class='ocrx_word' id='word_1_36' title='bbox 68 448 156 503; x_wconf 89' lang='lat' dir='ltr'>nibus</span> <span class='ocrx_word' id='word_1_37' title='bbox 170 446 316 512; x_wconf 76' lang='lat' dir='ltr'>coaluerit,</span> <span class='ocrx_word' id='word_1_38' title='bbox 334 463 386 500; x_wconf 91' lang='lat' dir='ltr'>non</span> <span class='ocrx_word' id='word_1_39' title='bbox 404 449 494 501; x_wconf 86' lang='lat' dir='ltr'>rninus</span> <span class='ocrx_word' id='word_1_40' title='bbox 505 465 585 518; x_wconf 73' lang='lat' dir='ltr'>equam</span> <span class='ocrx_word' id='word_1_41' title='bbox 599 450 764 519; x_wconf 83' lang='lat' dir='ltr'>Amphitrea,</span> <span class='ocrx_word' id='word_1_42' title='bbox 777 452 820 504; x_wconf 91' lang='lat' dir='ltr'>cni</span> <span class='ocrx_word' id='word_1_43' title='bbox 832 453 871 506; x_wconf 89' lang='lat' dir='ltr'>ul·</span> 
     </span>
     <span class='ocr_line' id='line_1_7' title="bbox 67 520 870 576; baseline 0.004 -3"><span class='ocrx_word' id='word_1_44' title='bbox 67 520 155 574; x_wconf 90' lang='lat' dir='ltr'>timus</span> <span class='ocrx_word' id='word_1_45' title='bbox 184 524 296 571; x_wconf 90' lang='lat' dir='ltr'>sanctus</span> <span class='ocrx_word' id='word_1_46' title='bbox 332 526 424 572; x_wconf 91' lang='lat' dir='ltr'>noster</span> <span class='ocrx_word' id='word_1_47' title='bbox 446 520 584 572; x_wconf 77' lang='lat' dir='ltr'>Liberatus</span> <span class='ocrx_word' id='word_1_48' title='bbox 619 521 776 576; x_wconf 90' lang='lat' dir='ltr'>ascribitur.</span> <span class='ocrx_word' id='word_1_49' title='bbox 811 522 870 576; x_wconf 83' lang='lat' dir='ltr'>Non</span> 
     </span>
     <span class='ocr_line' id='line_1_8' title="bbox 67 588 871 663; baseline 0.002 -19"><span class='ocrx_word' id='word_1_50' title='bbox 67 591 166 663; x_wconf 88' lang='lat' dir='ltr'>ignoro</span> <span class='ocrx_word' id='word_1_51' title='bbox 195 588 340 642; x_wconf 77' lang='lat' dir='ltr'><em>Geldubam</em></span> <span class='ocrx_word' id='word_1_52' title='bbox 361 589 480 658; x_wconf 84' lang='lat' dir='ltr'>aliquam</span> <span class='ocrx_word' id='word_1_53' title='bbox 501 590 652 659; x_wconf 80' lang='lat' dir='ltr'>neutiquam,</span> <span class='ocrx_word' id='word_1_54' title='bbox 670 592 750 645; x_wconf 88' lang='lat' dir='ltr'>hodie</span> <span class='ocrx_word' id='word_1_55' title='bbox 772 592 871 647; x_wconf 83' lang='lat' dir='ltr'>Geldnb</span> 
     </span>
     <span class='ocr_line' id='line_1_9' title="bbox 64 658 870 730; baseline 0.002 -15"><span class='ocrx_word' id='word_1_56' title='bbox 64 660 111 715; x_wconf 83' lang='lat' dir='ltr'>vel</span> <span class='ocrx_word' id='word_1_57' title='bbox 124 659 199 725; x_wconf 80' lang='lat' dir='ltr'>Gelb,</span> <span class='ocrx_word' id='word_1_58' title='bbox 210 658 244 712; x_wconf 92' lang='lat' dir='ltr'>ad</span> <span class='ocrx_word' id='word_1_59' title='bbox 260 665 380 712; x_wconf 88' lang='lat' dir='ltr'>tractum</span> <span class='ocrx_word' id='word_1_60' title='bbox 397 658 496 726; x_wconf 78' lang='lat' dir='ltr'>libeni,</span> <span class='ocrx_word' id='word_1_61' title='bbox 509 659 623 715; x_wconf 90' lang='lat' dir='ltr'>ditionis</span> <span class='ocrx_word' id='word_1_62' title='bbox 638 661 819 730; x_wconf 87' lang='lat' dir='ltr'>Coloniensis,</span> <span class='ocrx_word' id='word_1_63' title='bbox 830 664 870 717; x_wconf 93' lang='lat' dir='ltr'>in·</span> 
     </span>
     <span class='ocr_line' id='line_1_10' title="bbox 65 729 871 806; baseline 0.004 -20"><span class='ocrx_word' id='word_1_64' title='bbox 65 730 179 795; x_wconf 81' lang='lat' dir='ltr'>serriri;</span> <span class='ocrx_word' id='word_1_65' title='bbox 205 729 253 784; x_wconf 91' lang='lat' dir='ltr'>sed</span> <span class='ocrx_word' id='word_1_66' title='bbox 269 730 327 785; x_wconf 93' lang='lat' dir='ltr'>illic</span> <span class='ocrx_word' id='word_1_67' title='bbox 343 729 448 785; x_wconf 86' lang='lat' dir='ltr'>lulium</span> <span class='ocrx_word' id='word_1_68' title='bbox 476 739 625 802; x_wconf 87' lang='lat' dir='ltr'>martyrem</span> <span class='ocrx_word' id='word_1_69' title='bbox 647 749 710 788; x_wconf 89' lang='lat' dir='ltr'>cum</span> <span class='ocrx_word' id='word_1_70' title='bbox 736 733 871 806; x_wconf 84' lang='lat' dir='ltr'>Snussayo</span> 
     </span>
     <span class='ocr_line' id='line_1_11' title="bbox 64 800 870 875; baseline 0.005 -19"><span class='ocrx_word' id='word_1_71' title='bbox 64 803 204 857; x_wconf 87' lang='lat' dir='ltr'>collocare</span> <span class='ocrx_word' id='word_1_72' title='bbox 216 808 273 857; x_wconf 85' lang='lat' dir='ltr'>tarn</span> <span class='ocrx_word' id='word_1_73' title='bbox 286 809 326 855; x_wconf 89' lang='lat' dir='ltr'>est</span> <span class='ocrx_word' id='word_1_74' title='bbox 337 800 470 855; x_wconf 86' lang='lat' dir='ltr'>absonum</span> <span class='ocrx_word' id='word_1_75' title='bbox 481 817 562 872; x_wconf 89' lang='lat' dir='ltr'>qnam</span> <span class='ocrx_word' id='word_1_76' title='bbox 575 803 733 875; x_wconf 85' lang='lat' dir='ltr'>imperitum</span> <span class='ocrx_word' id='word_1_77' title='bbox 744 804 780 859; x_wconf 91' lang='lat' dir='ltr'>sit</span> <span class='ocrx_word' id='word_1_78' title='bbox 792 805 870 860; x_wconf 86' lang='lat' dir='ltr'>llbe-</span> 
     </span>
     <span class='ocr_line' id='line_1_12' title="bbox 64 870 870 938; baseline 0.002 -11"><span class='ocrx_word' id='word_1_79' title='bbox 64 889 132 927; x_wconf 92' lang='lat' dir='ltr'>num</span> <span class='ocrx_word' id='word_1_80' title='bbox 151 873 179 926; x_wconf 91' lang='lat' dir='ltr'>in</span> <span class='ocrx_word' id='word_1_81' title='bbox 195 870 340 925; x_wconf 82' lang='lat' dir='ltr'>Thraciam</span> <span class='ocrx_word' id='word_1_82' title='bbox 357 871 501 938; x_wconf 74' lang='lat' dir='ltr'>devehere,</span> <span class='ocrx_word' id='word_1_83' title='bbox 518 883 564 928; x_wconf 87' lang='lat' dir='ltr'>aut</span> <span class='ocrx_word' id='word_1_84' title='bbox 577 870 719 929; x_wconf 76' lang='lat' dir='ltr'>ThracIam</span> <span class='ocrx_word' id='word_1_85' title='bbox 740 874 775 928; x_wconf 92' lang='lat' dir='ltr'>ad</span> <span class='ocrx_word' id='word_1_86' title='bbox 794 875 870 931; x_wconf 83' lang='lat' dir='ltr'>Rhe-</span> 
     </span>
     <span class='ocr_line' id='line_1_13' title="bbox 64 941 870 1012; baseline 0.004 -15"><span class='ocrx_word' id='word_1_87' title='bbox 64 959 132 998; x_wconf 91' lang='lat' dir='ltr'>num</span> <span class='ocrx_word' id='word_1_88' title='bbox 149 943 363 1012; x_wconf 89' lang='lat' dir='ltr'>transplantare.</span> <span class='ocrx_word' id='word_1_89' title='bbox 381 941 553 998; x_wconf 88' lang='lat' dir='ltr'>Castellanns</span> <span class='ocrx_word' id='word_1_90' title='bbox 568 944 697 999; x_wconf 78' lang='lat' dir='ltr'>Gelduba</span> <span class='ocrx_word' id='word_1_91' title='bbox 713 946 797 999; x_wconf 88' lang='lat' dir='ltr'>situm</span> <span class='ocrx_word' id='word_1_92' title='bbox 814 963 870 1000; x_wconf 90' lang='lat' dir='ltr'>no-</span> 
     </span>
     <span class='ocr_line' id='line_1_14' title="bbox 65 1013 869 1089; baseline 0.002 -19"><span class='ocrx_word' id='word_1_93' title='bbox 65 1021 106 1070; x_wconf 89' lang='lat' dir='ltr'>tat</span> <span class='ocrx_word' id='word_1_94' title='bbox 121 1013 288 1084; x_wconf 74' lang='lat' dir='ltr'>iucoufiniis</span> <span class='ocrx_word' id='word_1_95' title='bbox 304 1013 441 1082; x_wconf 80' lang='lat' dir='ltr'>Rulporite</span> <span class='ocrx_word' id='word_1_96' title='bbox 468 1015 639 1089; x_wconf 81' lang='lat' dir='ltr'>etlrodieruee</span> <span class='ocrx_word' id='word_1_97' title='bbox 666 1017 810 1084; x_wconf 73' lang='lat' dir='ltr'>dornoniae,</span> <span class='ocrx_word' id='word_1_98' title='bbox 841 1025 869 1072; x_wconf 87' lang='lat' dir='ltr'>at</span> 
     </span>
     <span class='ocr_line' id='line_1_15' title="bbox 66 1083 868 1157; baseline 0.004 -18"><span class='ocrx_word' id='word_1_99' title='bbox 66 1083 254 1156; x_wconf 88' lang='lat' dir='ltr'>geographnm</span> <span class='ocrx_word' id='word_1_100' title='bbox 269 1085 415 1153; x_wconf 88' lang='lat' dir='ltr'>antiquum</span> <span class='ocrx_word' id='word_1_101' title='bbox 430 1083 554 1139; x_wconf 80' lang='lat' dir='ltr'>desidero</span> <span class='ocrx_word' id='word_1_102' title='bbox 569 1086 617 1157; x_wconf 91' lang='lat' dir='ltr'>qui</span> <span class='ocrx_word' id='word_1_103' title='bbox 632 1102 690 1140; x_wconf 88' lang='lat' dir='ltr'>eam</span> <span class='ocrx_word' id='word_1_104' title='bbox 707 1087 786 1141; x_wconf 90' lang='lat' dir='ltr'>nobis</span> <span class='ocrx_word' id='word_1_105' title='bbox 802 1087 868 1142; x_wconf 91' lang='lat' dir='ltr'>assi·</span> 
     </span>
     <span class='ocr_line' id='line_1_16' title="bbox 105 1163 142 1209; baseline -0.027 0"><span class='ocrx_word' id='word_1_106' title='bbox 105 1163 142 1209; x_wconf 74' lang='lat' dir='ltr'>cl.</span> 
     </span>
     <span class='ocr_line' id='line_1_17' title="bbox 66 1171 866 1298; baseline 0.004 -18"><span class='ocrx_word' id='word_1_107' title='bbox 66 1171 188 1280; x_wconf 72' lang='lat' dir='ltr'>gnPorro</span> <span class='ocrx_word' id='word_1_108' title='bbox 204 1225 357 1279; x_wconf 81' lang='lat' dir='ltr'>Liberalem</span> <span class='ocrx_word' id='word_1_109' title='bbox 373 1232 496 1278; x_wconf 88' lang='lat' dir='ltr'>nostrum</span> <span class='ocrx_word' id='word_1_110' title='bbox 508 1227 597 1281; x_wconf 80' lang='lat' dir='ltr'>Rotam</span> <span class='ocrx_word' id='word_1_111' title='bbox 612 1227 709 1281; x_wconf 89' lang='lat' dir='ltr'>tribuit</span> <span class='ocrx_word' id='word_1_112' title='bbox 722 1228 866 1298; x_wconf 88' lang='lat' dir='ltr'>Baronius,</span> 
     </span>
     <span class='ocr_line' id='line_1_18' title="bbox 65 1295 868 1353; baseline 0.001 -1"><span class='ocrx_word' id='word_1_113' title='bbox 65 1296 216 1352; x_wconf 83' lang='lat' dir='ltr'>secundam</span> <span class='ocrx_word' id='word_1_114' title='bbox 231 1295 470 1350; x_wconf 84' lang='lat' dir='ltr'>annuntiationem</span> <span class='ocrx_word' id='word_1_115' title='bbox 487 1296 515 1349; x_wconf 94' lang='lat' dir='ltr'>in</span> <span class='ocrx_word' id='word_1_116' title='bbox 532 1297 654 1351; x_wconf 79' lang='lat' dir='ltr'>Romano</span> <span class='ocrx_word' id='word_1_117' title='bbox 670 1299 709 1352; x_wconf 86' lang='lat' dir='ltr'>sic</span> <span class='ocrx_word' id='word_1_118' title='bbox 726 1297 807 1353; x_wconf 91' lang='lat' dir='ltr'>hodie</span> <span class='ocrx_word' id='word_1_119' title='bbox 820 1315 868 1353; x_wconf 92' lang='lat' dir='ltr'>re-</span> 
     </span>
     <span class='ocr_line' id='line_1_19' title="bbox 66 1367 868 1436; baseline 0.004 -14"><span class='ocrx_word' id='word_1_120' title='bbox 66 1367 174 1422; x_wconf 75' lang='lat' dir='ltr'>ferens:</span> <span class='ocrx_word' id='word_1_121' title='bbox 191 1368 290 1428; x_wconf 74' lang='lat' dir='ltr'>Romo,</span> <span class='ocrx_word' id='word_1_122' title='bbox 309 1373 463 1420; x_wconf 83' lang='lat' dir='ltr'>sanctornm</span> <span class='ocrx_word' id='word_1_123' title='bbox 478 1374 627 1436; x_wconf 72' lang='lat' dir='ltr'>martyrum</span> <span class='ocrx_word' id='word_1_124' title='bbox 645 1369 760 1423; x_wconf 86' lang='lat' dir='ltr'>Liberoti</span> <span class='ocrx_word' id='word_1_125' title='bbox 768 1377 793 1424; x_wconf 87' lang='lat' dir='ltr'>et</span> <span class='ocrx_word' id='word_1_126' title='bbox 806 1371 868 1425; x_wconf 85' lang='lat' dir='ltr'>Bu-</span> 
     </span>
     <span class='ocr_line' id='line_1_20' title="bbox 63 1436 868 1509; baseline 0.005 -18"><span class='ocrx_word' id='word_1_127' title='bbox 63 1437 131 1506; x_wconf 79' lang='lat' dir='ltr'>jule&#39;,</span> <span class='ocrx_word' id='word_1_128' title='bbox 147 1453 208 1509; x_wconf 83' lang='lat' dir='ltr'>qnae</span> <span class='ocrx_word' id='word_1_129' title='bbox 221 1436 257 1492; x_wconf 81' lang='lat' dir='ltr'>ab</span> <span class='ocrx_word' id='word_1_130' title='bbox 272 1437 496 1508; x_wconf 75' lang='lat' dir='ltr'>hieronymianis</span> <span class='ocrx_word' id='word_1_131' title='bbox 506 1440 645 1499; x_wconf 86' lang='lat' dir='ltr'>omnibns.</span> <span class='ocrx_word' id='word_1_132' title='bbox 657 1441 738 1495; x_wconf 87' lang='lat' dir='ltr'>etiam</span> <span class='ocrx_word' id='word_1_133' title='bbox 748 1457 763 1495; x_wconf 92' lang='lat' dir='ltr'>a</span> <span class='ocrx_word' id='word_1_134' title='bbox 773 1441 868 1496; x_wconf 87' lang='lat' dir='ltr'>codice</span> 
     </span>
     <span class='ocr_line' id='line_1_21' title="bbox 69 1507 867 1580; baseline 0.003 -16"><span class='ocrx_word' id='word_1_135' title='bbox 69 1508 98 1564; x_wconf 89' lang='lat' dir='ltr'>S.</span> <span class='ocrx_word' id='word_1_136' title='bbox 115 1507 225 1580; x_wconf 80' lang='lat' dir='ltr'>Cyriaci</span> <span class='ocrx_word' id='word_1_137' title='bbox 249 1514 276 1562; x_wconf 92' lang='lat' dir='ltr'>et</span> <span class='ocrx_word' id='word_1_138' title='bbox 298 1508 408 1563; x_wconf 87' lang='lat' dir='ltr'>llabauo</span> <span class='ocrx_word' id='word_1_139' title='bbox 433 1509 591 1580; x_wconf 80' lang='lat' dir='ltr'>longissime</span> <span class='ocrx_word' id='word_1_140' title='bbox 615 1511 755 1579; x_wconf 87' lang='lat' dir='ltr'>recedunt,</span> <span class='ocrx_word' id='word_1_141' title='bbox 780 1512 807 1566; x_wconf 94' lang='lat' dir='ltr'>in</span> <span class='ocrx_word' id='word_1_142' title='bbox 824 1512 867 1567; x_wconf 90' lang='lat' dir='ltr'>his</span> 
     </span>
    </p>
   </div>
   <div class='ocr_carea' id='block_1_5' title="bbox 921 312 1730 1588">
    <p class='ocr_par' dir='ltr' id='par_1_5' title="bbox 921 312 1730 1588">
     <span class='ocr_line' id='line_1_22' title="bbox 927 312 1722 390; baseline 0.019 -25"><span class='ocrx_word' id='word_1_143' title='bbox 927 328 989 367; x_wconf 89' lang='lat' dir='ltr'>rnen</span> <span class='ocrx_word' id='word_1_144' title='bbox 1004 312 1097 381; x_wconf 79' lang='lat' dir='ltr'>bajuli</span> <span class='ocrx_word' id='word_1_145' title='bbox 1111 321 1341 384; x_wconf 85' lang='lat' dir='ltr'>coagmentatum.</span> <span class='ocrx_word' id='word_1_146' title='bbox 1358 317 1483 387; x_wconf 77' lang='lat' dir='ltr'>Agnosco</span> <span class='ocrx_word' id='word_1_147' title='bbox 1498 320 1624 390; x_wconf 87' lang='lat' dir='ltr'>equidem</span> <span class='ocrx_word' id='word_1_148' title='bbox 1649 341 1722 380; x_wconf 93' lang='lat' dir='ltr'>con-</span> 
     </span>
     <span class='ocr_line' id='line_1_23' title="bbox 926 383 1721 461; baseline 0.02 -26"><span class='ocrx_word' id='word_1_149' title='bbox 926 383 1072 461; x_wconf 80' lang='lat' dir='ltr'>fusionem,</span> <span class='ocrx_word' id='word_1_150' title='bbox 1091 385 1136 439; x_wconf 92' lang='lat' dir='ltr'>sed</span> <span class='ocrx_word' id='word_1_151' title='bbox 1153 401 1213 455; x_wconf 79' lang='lat' dir='ltr'>qne</span> <span class='ocrx_word' id='word_1_152' title='bbox 1232 386 1342 441; x_wconf 90' lang='lat' dir='ltr'>Baronii</span> <span class='ocrx_word' id='word_1_153' title='bbox 1358 388 1473 456; x_wconf 89' lang='lat' dir='ltr'>nonsit,</span> <span class='ocrx_word' id='word_1_154' title='bbox 1494 405 1590 446; x_wconf 78' lang='lat' dir='ltr'>rernm</span> <span class='ocrx_word' id='word_1_155' title='bbox 1617 396 1721 452; x_wconf 87' lang='lat' dir='ltr'>codicis</span> 
     </span>
     <span class='ocr_line' id='line_1_24' title="bbox 925 454 1721 525; baseline 0.018 -18"><span class='ocrx_word' id='word_1_156' title='bbox 925 454 1052 523; x_wconf 71' lang='lat' dir='ltr'>alicujus,</span> <span class='ocrx_word' id='word_1_157' title='bbox 1078 471 1112 510; x_wconf 88' lang='lat' dir='ltr'>ex</span> <span class='ocrx_word' id='word_1_158' title='bbox 1155 472 1189 510; x_wconf 90' lang='lat' dir='ltr'>uo</span> <span class='ocrx_word' id='word_1_159' title='bbox 1204 458 1317 512; x_wconf 80' lang='lat' dir='ltr'>nourrina</span> <span class='ocrx_word' id='word_1_160' title='bbox 1334 459 1392 525; x_wconf 88' lang='lat' dir='ltr'>illa,</span> <span class='ocrx_word' id='word_1_161' title='bbox 1409 460 1449 515; x_wconf 91' lang='lat' dir='ltr'>sic</span> <span class='ocrx_word' id='word_1_162' title='bbox 1464 461 1536 514; x_wconf 89' lang='lat' dir='ltr'>inter</span> <span class='ocrx_word' id='word_1_163' title='bbox 1551 477 1578 516; x_wconf 88' lang='lat' dir='ltr'>se</span> <span class='ocrx_word' id='word_1_164' title='bbox 1597 480 1721 522; x_wconf 88' lang='lat' dir='ltr'>connexa</span> 
     </span>
     <span class='ocr_line' id='line_1_25' title="bbox 926 524 1723 597; baseline 0.015 -20"><span class='ocrx_word' id='word_1_165' title='bbox 926 524 1117 595; x_wconf 85' lang='lat' dir='ltr'>desumpserit.</span> <span class='ocrx_word' id='word_1_166' title='bbox 1134 527 1188 581; x_wconf 88' lang='lat' dir='ltr'>hec</span> <span class='ocrx_word' id='word_1_167' title='bbox 1201 527 1363 584; x_wconf 84' lang='lat' dir='ltr'>diffitebitur</span> <span class='ocrx_word' id='word_1_168' title='bbox 1374 530 1554 597; x_wconf 89' lang='lat' dir='ltr'>Castellanns,</span> <span class='ocrx_word' id='word_1_169' title='bbox 1571 533 1599 586; x_wconf 95' lang='lat' dir='ltr'>in</span> <span class='ocrx_word' id='word_1_170' title='bbox 1621 535 1723 589; x_wconf 91' lang='lat' dir='ltr'>Hiero-</span> 
     </span>
     <span class='ocr_line' id='line_1_26' title="bbox 926 595 1722 673; baseline 0.014 -25"><span class='ocrx_word' id='word_1_171' title='bbox 926 595 1066 664; x_wconf 89' lang='lat' dir='ltr'>nymianis</span> <span class='ocrx_word' id='word_1_172' title='bbox 1081 597 1231 668; x_wconf 82' lang='lat' dir='ltr'>aliquibus,</span> <span class='ocrx_word' id='word_1_173' title='bbox 1247 606 1273 652; x_wconf 91' lang='lat' dir='ltr'>et</span> <span class='ocrx_word' id='word_1_174' title='bbox 1289 600 1316 653; x_wconf 91' lang='lat' dir='ltr'>iu</span> <span class='ocrx_word' id='word_1_175' title='bbox 1336 600 1445 655; x_wconf 83' lang='lat' dir='ltr'>llalrano</span> <span class='ocrx_word' id='word_1_176' title='bbox 1471 618 1578 673; x_wconf 90' lang='lat' dir='ltr'>quoque</span> <span class='ocrx_word' id='word_1_177' title='bbox 1594 605 1722 673; x_wconf 65' lang='lat' dir='ltr'>Bupalum</span> 
     </span>
     <span class='ocr_line' id='line_1_27' title="bbox 925 665 1722 746; baseline 0.015 -28"><span class='ocrx_word' id='word_1_178' title='bbox 925 665 997 720; x_wconf 92' lang='lat' dir='ltr'>clare</span> <span class='ocrx_word' id='word_1_179' title='bbox 1012 667 1141 737; x_wconf 82' lang='lat' dir='ltr'>exprimi,</span> <span class='ocrx_word' id='word_1_180' title='bbox 1170 668 1210 722; x_wconf 93' lang='lat' dir='ltr'>sic</span> <span class='ocrx_word' id='word_1_181' title='bbox 1225 675 1255 722; x_wconf 92' lang='lat' dir='ltr'>nt</span> <span class='ocrx_word' id='word_1_182' title='bbox 1271 677 1344 724; x_wconf 90' lang='lat' dir='ltr'>totns</span> <span class='ocrx_word' id='word_1_183' title='bbox 1368 687 1444 724; x_wconf 89' lang='lat' dir='ltr'>error</span> <span class='ocrx_word' id='word_1_184' title='bbox 1460 672 1486 725; x_wconf 92' lang='lat' dir='ltr'>in</span> <span class='ocrx_word' id='word_1_185' title='bbox 1513 674 1570 727; x_wconf 92' lang='lat' dir='ltr'>sola</span> <span class='ocrx_word' id='word_1_186' title='bbox 1585 674 1722 746; x_wconf 83' lang='lat' dir='ltr'>positione</span> 
     </span>
     <span class='ocr_line' id='line_1_28' title="bbox 924 737 1721 816; baseline 0.015 -27"><span class='ocrx_word' id='word_1_187' title='bbox 924 737 1066 815; x_wconf 81' lang='lat' dir='ltr'>consistat,</span> <span class='ocrx_word' id='word_1_188' title='bbox 1078 738 1151 809; x_wconf 92' lang='lat' dir='ltr'>qnod</span> <span class='ocrx_word' id='word_1_189' title='bbox 1161 754 1259 809; x_wconf 84' lang='lat' dir='ltr'>nempe</span> <span class='ocrx_word' id='word_1_190' title='bbox 1270 739 1413 796; x_wconf 81' lang='lat' dir='ltr'>Liberatus</span> <span class='ocrx_word' id='word_1_191' title='bbox 1427 752 1453 799; x_wconf 88' lang='lat' dir='ltr'>et</span> <span class='ocrx_word' id='word_1_192' title='bbox 1464 744 1663 816; x_wconf 88' lang='lat' dir='ltr'>qualiscunque</span> <span class='ocrx_word' id='word_1_193' title='bbox 1673 747 1721 801; x_wconf 89' lang='lat' dir='ltr'>Ba-</span> 
     </span>
     <span class='ocr_line' id='line_1_29' title="bbox 921 808 1721 888; baseline 0.014 -28"><span class='ocrx_word' id='word_1_194' title='bbox 921 808 998 888; x_wconf 74' lang='lat' dir='ltr'>gntus</span> <span class='ocrx_word' id='word_1_195' title='bbox 1013 810 1102 864; x_wconf 78' lang='lat' dir='ltr'>Romae</span> <span class='ocrx_word' id='word_1_196' title='bbox 1114 809 1294 866; x_wconf 85' lang='lat' dir='ltr'>collocentur.</span> <span class='ocrx_word' id='word_1_197' title='bbox 1308 812 1345 868; x_wconf 89' lang='lat' dir='ltr'>At</span> <span class='ocrx_word' id='word_1_198' title='bbox 1358 812 1420 884; x_wconf 87' lang='lat' dir='ltr'>quis</span> <span class='ocrx_word' id='word_1_199' title='bbox 1443 814 1524 868; x_wconf 89' lang='lat' dir='ltr'>nobis</span> <span class='ocrx_word' id='word_1_200' title='bbox 1538 814 1721 879; x_wconf 81' lang='lat' dir='ltr'>Usnardiuam</span> 
     </span>
     <span class='ocr_line' id='line_1_30' title="bbox 925 878 1723 949; baseline 0.015 -18"><span class='ocrx_word' id='word_1_201' title='bbox 925 878 1002 932; x_wconf 80' lang='lat' dir='ltr'>illam</span> <span class='ocrx_word' id='word_1_202' title='bbox 1023 881 1205 949; x_wconf 83' lang='lat' dir='ltr'>Anepbitrenm</span> <span class='ocrx_word' id='word_1_203' title='bbox 1224 888 1271 935; x_wconf 89' lang='lat' dir='ltr'>ant</span> <span class='ocrx_word' id='word_1_204' title='bbox 1288 881 1316 936; x_wconf 93' lang='lat' dir='ltr'>in</span> <span class='ocrx_word' id='word_1_205' title='bbox 1340 881 1452 938; x_wconf 82' lang='lat' dir='ltr'>Oriente</span> <span class='ocrx_word' id='word_1_206' title='bbox 1470 892 1517 938; x_wconf 91' lang='lat' dir='ltr'>aut</span> <span class='ocrx_word' id='word_1_207' title='bbox 1536 885 1565 938; x_wconf 94' lang='lat' dir='ltr'>in</span> <span class='ocrx_word' id='word_1_208' title='bbox 1585 893 1644 940; x_wconf 86' lang='lat' dir='ltr'>toto</span> <span class='ocrx_word' id='word_1_209' title='bbox 1664 887 1723 942; x_wconf 93' lang='lat' dir='ltr'>Oc-</span> 
     </span>
     <span class='ocr_line' id='line_1_31' title="bbox 924 948 1722 1013; baseline 0.013 -10"><span class='ocrx_word' id='word_1_210' title='bbox 924 948 1032 1003; x_wconf 88' lang='lat' dir='ltr'>cidente</span> <span class='ocrx_word' id='word_1_211' title='bbox 1047 951 1195 1006; x_wconf 76' lang='lat' dir='ltr'>inveniet?</span> <span class='ocrx_word' id='word_1_212' title='bbox 1212 951 1321 1008; x_wconf 79' lang='lat' dir='ltr'>Putarit</span> <span class='ocrx_word' id='word_1_213' title='bbox 1336 954 1450 1009; x_wconf 81' lang='lat' dir='ltr'>sortasse</span> <span class='ocrx_word' id='word_1_214' title='bbox 1473 955 1516 1008; x_wconf 93' lang='lat' dir='ltr'>vir</span> <span class='ocrx_word' id='word_1_215' title='bbox 1530 957 1722 1013; x_wconf 88' lang='lat' dir='ltr'>eminentissi-</span> 
     </span>
     <span class='ocr_line' id='line_1_32' title="bbox 923 1020 1722 1097; baseline 0.014 -24"><span class='ocrx_word' id='word_1_216' title='bbox 923 1036 984 1073; x_wconf 89' lang='lat' dir='ltr'>mus</span> <span class='ocrx_word' id='word_1_217' title='bbox 1000 1020 1088 1076; x_wconf 88' lang='lat' dir='ltr'>locum</span> <span class='ocrx_word' id='word_1_218' title='bbox 1101 1021 1276 1076; x_wconf 90' lang='lat' dir='ltr'>notissimum</span> <span class='ocrx_word' id='word_1_219' title='bbox 1289 1024 1390 1079; x_wconf 87' lang='lat' dir='ltr'>alicubi</span> <span class='ocrx_word' id='word_1_220' title='bbox 1402 1034 1550 1096; x_wconf 88' lang='lat' dir='ltr'>repertum,</span> <span class='ocrx_word' id='word_1_221' title='bbox 1562 1028 1634 1097; x_wconf 74' lang='lat' dir='ltr'>praei</span> <span class='ocrx_word' id='word_1_222' title='bbox 1656 1036 1722 1084; x_wconf 92' lang='lat' dir='ltr'>noto</span> 
     </span>
     <span class='ocr_line' id='line_1_33' title="bbox 923 1044 1722 1161; baseline 0.015 -19"><span class='ocrx_word' id='word_1_223' title='bbox 923 1090 1049 1145; x_wconf 76' lang='lat' dir='ltr'>rellicta</span> <span class='ocrx_word' id='word_1_224' title='bbox 1070 1092 1237 1161; x_wconf 82' lang='lat' dir='ltr'>eligendum.</span> <span class='ocrx_word' id='word_1_225' title='bbox 1260 1094 1448 1149; x_wconf 84' lang='lat' dir='ltr'>Florentinins</span> <span class='ocrx_word' id='word_1_226' title='bbox 1467 1097 1521 1150; x_wconf 88' lang='lat' dir='ltr'>alia</span> <span class='ocrx_word' id='word_1_227' title='bbox 1537 1095 1594 1151; x_wconf 90' lang='lat' dir='ltr'>loca</span> <span class='ocrx_word' id='word_1_228' title='bbox 1614 1044 1722 1154; x_wconf 68' lang='lat' dir='ltr'>suhsti-</span> 
     </span>
     <span class='ocr_line' id='line_1_34' title="bbox 923 1163 1719 1233; baseline 0.011 -20"><span class='ocrx_word' id='word_1_229' title='bbox 923 1167 1000 1215; x_wconf 90' lang='lat' dir='ltr'>tuere</span> <span class='ocrx_word' id='word_1_230' title='bbox 1014 1169 1139 1229; x_wconf 87' lang='lat' dir='ltr'>conatur,</span> <span class='ocrx_word' id='word_1_231' title='bbox 1152 1163 1283 1233; x_wconf 76' lang='lat' dir='ltr'>quaesatio</span> <span class='ocrx_word' id='word_1_232' title='bbox 1294 1171 1358 1218; x_wconf 85' lang='lat' dir='ltr'>nota</span> <span class='ocrx_word' id='word_1_233' title='bbox 1369 1173 1419 1229; x_wconf 87' lang='lat' dir='ltr'>est,</span> <span class='ocrx_word' id='word_1_234' title='bbox 1434 1182 1476 1220; x_wconf 88' lang='lat' dir='ltr'>res</span> <span class='ocrx_word' id='word_1_235' title='bbox 1488 1167 1522 1220; x_wconf 91' lang='lat' dir='ltr'>de</span> <span class='ocrx_word' id='word_1_236' title='bbox 1532 1182 1560 1220; x_wconf 91' lang='lat' dir='ltr'>se</span> <span class='ocrx_word' id='word_1_237' title='bbox 1574 1168 1655 1222; x_wconf 80' lang='lat' dir='ltr'>ualde</span> <span class='ocrx_word' id='word_1_238' title='bbox 1670 1169 1719 1223; x_wconf 92' lang='lat' dir='ltr'>im·</span> 
     </span>
     <span class='ocr_line' id='line_1_35' title="bbox 921 1231 1730 1355; baseline 0.01 -71"><span class='ocrx_word' id='word_1_239' title='bbox 921 1231 1017 1355; x_wconf 89' lang='lat' dir='ltr'>plexas</span> <span class='ocrx_word' id='word_1_240' title='bbox 1026 1233 1112 1302; x_wconf 84' lang='lat' dir='ltr'>magis</span> <span class='ocrx_word' id='word_1_241' title='bbox 1123 1233 1272 1288; x_wconf 79' lang='lat' dir='ltr'>itriolrere.</span> <span class='ocrx_word' id='word_1_242' title='bbox 1287 1235 1380 1289; x_wconf 86' lang='lat' dir='ltr'>Dicam</span> <span class='ocrx_word' id='word_1_243' title='bbox 1392 1237 1465 1306; x_wconf 91' lang='lat' dir='ltr'>quod</span> <span class='ocrx_word' id='word_1_244' title='bbox 1479 1236 1567 1291; x_wconf 90' lang='lat' dir='ltr'>sentio</span> <span class='ocrx_word' id='word_1_245' title='bbox 1581 1255 1586 1290; x_wconf 93' lang='lat'>:</span> <span class='ocrx_word' id='word_1_246' title='bbox 1600 1240 1730 1293; x_wconf 82' lang='lat' dir='ltr'>multum.</span> 
     </span>
     <span class='ocr_line' id='line_1_36' title="bbox 933 1302 1718 1379; baseline 0.011 -25"><span class='ocrx_word' id='word_1_247' title='bbox 933 1302 1012 1367; x_wconf 89' lang='lat' dir='ltr'>allor,</span> <span class='ocrx_word' id='word_1_248' title='bbox 1026 1303 1048 1355; x_wconf 92' lang='lat' dir='ltr'>si</span> <span class='ocrx_word' id='word_1_249' title='bbox 1064 1303 1202 1358; x_wconf 87' lang='lat' dir='ltr'>Usnardus</span> <span class='ocrx_word' id='word_1_250' title='bbox 1217 1320 1282 1359; x_wconf 88' lang='lat' dir='ltr'>nsns</span> <span class='ocrx_word' id='word_1_251' title='bbox 1298 1322 1352 1360; x_wconf 92' lang='lat' dir='ltr'>non</span> <span class='ocrx_word' id='word_1_252' title='bbox 1367 1307 1403 1360; x_wconf 87' lang='lat' dir='ltr'>sit</span> <span class='ocrx_word' id='word_1_253' title='bbox 1413 1307 1507 1361; x_wconf 90' lang='lat' dir='ltr'>codice</span> <span class='ocrx_word' id='word_1_254' title='bbox 1521 1307 1614 1379; x_wconf 91' lang='lat' dir='ltr'>aliquo</span> <span class='ocrx_word' id='word_1_255' title='bbox 1627 1309 1718 1363; x_wconf 82' lang='lat' dir='ltr'>{liero-</span> 
     </span>
     <span class='ocr_line' id='line_1_37' title="bbox 921 1372 1720 1444; baseline 0.01 -18"><span class='ocrx_word' id='word_1_256' title='bbox 921 1372 1053 1443; x_wconf 88' lang='lat' dir='ltr'>nyrniano</span> <span class='ocrx_word' id='word_1_257' title='bbox 1070 1381 1123 1428; x_wconf 89' lang='lat' dir='ltr'>tam</span> <span class='ocrx_word' id='word_1_258' title='bbox 1140 1374 1295 1444; x_wconf 81' lang='lat' dir='ltr'>depravato,</span> <span class='ocrx_word' id='word_1_259' title='bbox 1308 1384 1338 1430; x_wconf 90' lang='lat' dir='ltr'>ut</span> <span class='ocrx_word' id='word_1_260' title='bbox 1351 1392 1384 1430; x_wconf 92' lang='lat' dir='ltr'>ex</span> <span class='ocrx_word' id='word_1_261' title='bbox 1399 1377 1518 1443; x_wconf 86' lang='lat' dir='ltr'>detritis,</span> <span class='ocrx_word' id='word_1_262' title='bbox 1539 1377 1667 1444; x_wconf 76' lang='lat' dir='ltr'>divulsis,</span> <span class='ocrx_word' id='word_1_263' title='bbox 1688 1395 1720 1435; x_wconf 91' lang='lat' dir='ltr'>ac</span> 
     </span>
     <span class='ocr_line' id='line_1_38' title="bbox 921 1444 1718 1518; baseline 0.011 -22"><span class='ocrx_word' id='word_1_264' title='bbox 921 1444 992 1497; x_wconf 87' lang='lat' dir='ltr'>male</span> <span class='ocrx_word' id='word_1_265' title='bbox 1007 1446 1142 1499; x_wconf 84' lang='lat' dir='ltr'>connexis</span> <span class='ocrx_word' id='word_1_266' title='bbox 1156 1444 1302 1501; x_wconf 80' lang='lat' dir='ltr'>uerborum</span> <span class='ocrx_word' id='word_1_267' title='bbox 1316 1448 1462 1502; x_wconf 86' lang='lat' dir='ltr'>elementis</span> <span class='ocrx_word' id='word_1_268' title='bbox 1473 1448 1655 1518; x_wconf 82' lang='lat' dir='ltr'>Amphitruone</span> <span class='ocrx_word' id='word_1_269' title='bbox 1669 1449 1718 1505; x_wconf 91' lang='lat' dir='ltr'>ali·</span> 
     </span>
     <span class='ocr_line' id='line_1_39' title="bbox 921 1516 1721 1588; baseline 0.01 -20"><span class='ocrx_word' id='word_1_270' title='bbox 921 1529 1001 1585; x_wconf 82' lang='lat' dir='ltr'>quani</span> <span class='ocrx_word' id='word_1_271' title='bbox 1018 1517 1166 1582; x_wconf 83' lang='lat' dir='ltr'>effinxerit,</span> <span class='ocrx_word' id='word_1_272' title='bbox 1185 1516 1230 1570; x_wconf 91' lang='lat' dir='ltr'>cui</span> <span class='ocrx_word' id='word_1_273' title='bbox 1250 1519 1419 1588; x_wconf 72' lang='lat' dir='ltr'>reperiendae</span> <span class='ocrx_word' id='word_1_274' title='bbox 1434 1519 1462 1573; x_wconf 92' lang='lat' dir='ltr'>in</span> <span class='ocrx_word' id='word_1_275' title='bbox 1483 1535 1616 1574; x_wconf 88' lang='lat' dir='ltr'>vnnnma</span> <span class='ocrx_word' id='word_1_276' title='bbox 1639 1520 1721 1576; x_wconf 84' lang='lat' dir='ltr'>nobie</span> 
     </span>
    </p>
   </div>
   <div class='ocr_carea' id='block_1_6' title="bbox 68 1579 1722 1775">
    <p class='ocr_par' dir='ltr' id='par_1_6' title="bbox 68 1579 1722 1775">
     <span class='ocr_line' id='line_1_40' title="bbox 68 1579 1720 1662; baseline 0.008 -29"><span class='ocrx_word' id='word_1_277' title='bbox 68 1579 146 1634; x_wconf 89' lang='lat' dir='ltr'>enirn</span> <span class='ocrx_word' id='word_1_278' title='bbox 170 1580 307 1634; x_wconf 64' lang='lat' dir='ltr'>Liberam</span> <span class='ocrx_word' id='word_1_279' title='bbox 329 1595 392 1634; x_wconf 85' lang='lat' dir='ltr'>cnm</span> <span class='ocrx_word' id='word_1_280' title='bbox 410 1582 505 1634; x_wconf 82' lang='lat' dir='ltr'>Thecla</span> <span class='ocrx_word' id='word_1_281' title='bbox 530 1589 688 1636; x_wconf 83' lang='lat' dir='ltr'>constanter</span> <span class='ocrx_word' id='word_1_282' title='bbox 710 1583 822 1652; x_wconf 89' lang='lat' dir='ltr'>ponitur</span> <span class='ocrx_word' id='word_1_283' title='bbox 838 1584 867 1637; x_wconf 85' lang='lat' dir='ltr'>ia</span> <span class='ocrx_word' id='word_1_284' title='bbox 881 1600 905 1660; x_wconf 79' lang='lat' dir='ltr'>B</span> <span class='ocrx_word' id='word_1_285' title='bbox 919 1585 1045 1656; x_wconf 82' lang='lat' dir='ltr'>sudetng.</span> <span class='ocrx_word' id='word_1_286' title='bbox 1071 1587 1164 1658; x_wconf 86' lang='lat' dir='ltr'>Neque</span> <span class='ocrx_word' id='word_1_287' title='bbox 1183 1587 1257 1642; x_wconf 91' lang='lat' dir='ltr'>enim</span> <span class='ocrx_word' id='word_1_288' title='bbox 1282 1605 1347 1643; x_wconf 92' lang='lat' dir='ltr'>cum</span> <span class='ocrx_word' id='word_1_289' title='bbox 1370 1589 1528 1646; x_wconf 88' lang='lat' dir='ltr'>Castellano</span> <span class='ocrx_word' id='word_1_290' title='bbox 1543 1591 1663 1662; x_wconf 85' lang='lat' dir='ltr'>syllabas</span> <span class='ocrx_word' id='word_1_291' title='bbox 1677 1591 1720 1646; x_wconf 91' lang='lat' dir='ltr'>di-</span> 
     </span>
     <span class='ocr_line' id='line_1_41' title="bbox 69 1650 1722 1775; baseline 0.007 -70"><span class='ocrx_word' id='word_1_292' title='bbox 69 1650 186 1705; x_wconf 83' lang='lat' dir='ltr'>Orieote.</span> <span class='ocrx_word' id='word_1_293' title='bbox 203 1651 246 1706; x_wconf 91' lang='lat' dir='ltr'>Ad</span> <span class='ocrx_word' id='word_1_294' title='bbox 260 1651 400 1775; x_wconf 67' lang='lat' dir='ltr'>praelatam</span> <span class='ocrx_word' id='word_1_295' title='bbox 418 1652 533 1706; x_wconf 84' lang='lat' dir='ltr'>Rotnani</span> <span class='ocrx_word' id='word_1_296' title='bbox 557 1654 797 1709; x_wconf 89' lang='lat' dir='ltr'>annuntiationem</span> <span class='ocrx_word' id='word_1_297' title='bbox 812 1655 867 1709; x_wconf 84' lang='lat' dir='ltr'>ob·</span> <span class='ocrx_word' id='word_1_298' title='bbox 921 1665 1034 1712; x_wconf 85' lang='lat' dir='ltr'>structas</span> <span class='ocrx_word' id='word_1_299' title='bbox 1049 1667 1211 1713; x_wconf 89' lang='lat' dir='ltr'>connectere</span> <span class='ocrx_word' id='word_1_300' title='bbox 1228 1659 1313 1725; x_wconf 91' lang='lat' dir='ltr'>lubet,</span> <span class='ocrx_word' id='word_1_301' title='bbox 1327 1676 1361 1714; x_wconf 90' lang='lat' dir='ltr'>cx</span> <span class='ocrx_word' id='word_1_302' title='bbox 1382 1661 1492 1731; x_wconf 86' lang='lat' dir='ltr'>quibus,</span> <span class='ocrx_word' id='word_1_303' title='bbox 1516 1669 1547 1716; x_wconf 91' lang='lat' dir='ltr'>ut</span> <span class='ocrx_word' id='word_1_304' title='bbox 1561 1663 1619 1732; x_wconf 90' lang='lat' dir='ltr'>ipse</span> <span class='ocrx_word' id='word_1_305' title='bbox 1632 1661 1722 1743; x_wconf 70' lang='lat' dir='ltr'>boip-</span> 
     </span>
    </p>
   </div>
   <div class='ocr_carea' id='block_1_7' title="bbox 61 1721 868 2003">
    <p class='ocr_par' dir='ltr' id='par_1_7' title="bbox 61 1721 868 2003">
     <span class='ocr_line' id='line_1_42' title="bbox 65 1721 865 1792; baseline 0.009 -19"><span class='ocrx_word' id='word_1_306' title='bbox 65 1729 157 1776; x_wconf 86' lang='lat' dir='ltr'>serval</span> <span class='ocrx_word' id='word_1_307' title='bbox 180 1721 257 1778; x_wconf 85' lang='lat' dir='ltr'>Ceste</span> <span class='ocrx_word' id='word_1_308' title='bbox 272 1723 350 1776; x_wconf 85' lang='lat' dir='ltr'>lanus</span> <span class='ocrx_word' id='word_1_309' title='bbox 364 1738 422 1775; x_wconf 85' lang='lat' dir='ltr'>earn</span> <span class='ocrx_word' id='word_1_310' title='bbox 444 1739 477 1776; x_wconf 91' lang='lat' dir='ltr'>ex</span> <span class='ocrx_word' id='word_1_311' title='bbox 505 1723 592 1778; x_wconf 88' lang='lat' dir='ltr'>tribus</span> <span class='ocrx_word' id='word_1_312' title='bbox 618 1725 764 1780; x_wconf 82' lang='lat' dir='ltr'>conflatam</span> <span class='ocrx_word' id='word_1_313' title='bbox 787 1742 865 1792; x_wconf 89' lang='lat' dir='ltr'>asse;</span> 
     </span>
     <span class='ocr_line' id='line_1_43' title="bbox 63 1791 866 1867; baseline 0.006 -22"><span class='ocrx_word' id='word_1_314' title='bbox 63 1799 177 1863; x_wconf 87' lang='lat' dir='ltr'>accepta</span> <span class='ocrx_word' id='word_1_315' title='bbox 194 1791 325 1846; x_wconf 89' lang='lat' dir='ltr'>nimirum</span> <span class='ocrx_word' id='word_1_316' title='bbox 342 1794 478 1863; x_wconf 89' lang='lat' dir='ltr'>positione</span> <span class='ocrx_word' id='word_1_317' title='bbox 494 1795 593 1860; x_wconf 77' lang='lat' dir='ltr'>Reate,</span> <span class='ocrx_word' id='word_1_318' title='bbox 615 1812 675 1866; x_wconf 78' lang='lat' dir='ltr'>qne</span> <span class='ocrx_word' id='word_1_319' title='bbox 691 1796 742 1850; x_wconf 91' lang='lat' dir='ltr'>soli</span> <span class='ocrx_word' id='word_1_320' title='bbox 761 1796 866 1867; x_wconf 88' lang='lat' dir='ltr'>Zephy-</span> 
     </span>
     <span class='ocr_line' id='line_1_44' title="bbox 61 1862 867 1934; baseline 0.007 -18"><span class='ocrx_word' id='word_1_321' title='bbox 61 1862 126 1916; x_wconf 87' lang='lat' dir='ltr'>rino</span> <span class='ocrx_word' id='word_1_322' title='bbox 144 1879 219 1934; x_wconf 85' lang='lat' dir='ltr'>papae</span> <span class='ocrx_word' id='word_1_323' title='bbox 232 1864 259 1917; x_wconf 93' lang='lat' dir='ltr'>in</span> <span class='ocrx_word' id='word_1_324' title='bbox 274 1864 498 1934; x_wconf 85' lang='lat' dir='ltr'>Hieronyrnianis</span> <span class='ocrx_word' id='word_1_325' title='bbox 508 1865 641 1919; x_wconf 89' lang='lat' dir='ltr'>tribuitur</span> <span class='ocrx_word' id='word_1_326' title='bbox 651 1867 757 1930; x_wconf 85' lang='lat' dir='ltr'>;avulso</span> <span class='ocrx_word' id='word_1_327' title='bbox 767 1868 867 1923; x_wconf 89' lang='lat' dir='ltr'>deinde</span> 
     </span>
     <span class='ocr_line' id='line_1_45' title="bbox 63 1932 868 2003; baseline 0.005 -15"><span class='ocrx_word' id='word_1_328' title='bbox 63 1932 185 1989; x_wconf 79' lang='lat' dir='ltr'>Liberali</span> <span class='ocrx_word' id='word_1_329' title='bbox 210 1936 325 1989; x_wconf 92' lang='lat' dir='ltr'>nomine</span> <span class='ocrx_word' id='word_1_330' title='bbox 343 1935 378 1989; x_wconf 90' lang='lat' dir='ltr'>ab</span> <span class='ocrx_word' id='word_1_331' title='bbox 393 1936 514 2003; x_wconf 87' lang='lat' dir='ltr'>Oriente,</span> <span class='ocrx_word' id='word_1_332' title='bbox 531 1953 562 1992; x_wconf 94' lang='lat' dir='ltr'>ac</span> <span class='ocrx_word' id='word_1_333' title='bbox 577 1936 687 1991; x_wconf 90' lang='lat' dir='ltr'>demum</span> <span class='ocrx_word' id='word_1_334' title='bbox 714 1953 748 1992; x_wconf 91' lang='lat' dir='ltr'>ex</span> <span class='ocrx_word' id='word_1_335' title='bbox 769 1937 868 1993; x_wconf 90' lang='lat' dir='ltr'>ultima</span> 
     </span>
    </p>
   </div>
   <div class='ocr_carea' id='block_1_8' title="bbox 921 1728 1721 2012">
    <p class='ocr_par' dir='ltr' id='par_1_8' title="bbox 921 1728 1721 2012">
     <span class='ocr_line' id='line_1_46' title="bbox 923 1728 1721 1800; baseline 0.01 -19"><span class='ocrx_word' id='word_1_336' title='bbox 923 1728 985 1786; x_wconf 78' lang='lat' dir='ltr'>torn.</span> <span class='ocrx_word' id='word_1_337' title='bbox 998 1730 1037 1783; x_wconf 91' lang='lat' dir='ltr'>sic</span> <span class='ocrx_word' id='word_1_338' title='bbox 1061 1745 1110 1800; x_wconf 90' lang='lat' dir='ltr'>ego</span> <span class='ocrx_word' id='word_1_339' title='bbox 1129 1729 1310 1798; x_wconf 78' lang='lat' dir='ltr'>Amph-ltrearn</span> <span class='ocrx_word' id='word_1_340' title='bbox 1336 1733 1554 1787; x_wconf 87' lang='lat' dir='ltr'>coneredncere:</span> <span class='ocrx_word' id='word_1_341' title='bbox 1572 1734 1632 1788; x_wconf 89' lang='lat' dir='ltr'>sive</span> <span class='ocrx_word' id='word_1_342' title='bbox 1645 1749 1721 1789; x_wconf 87' lang='lat' dir='ltr'>enim</span> 
     </span>
     <span class='ocr_line' id='line_1_47' title="bbox 921 1799 1720 1872; baseline 0.011 -22"><span class='ocrx_word' id='word_1_343' title='bbox 921 1813 995 1864; x_wconf 83' lang='lat' dir='ltr'>vera,</span> <span class='ocrx_word' id='word_1_344' title='bbox 1013 1799 1071 1853; x_wconf 91' lang='lat' dir='ltr'>sive</span> <span class='ocrx_word' id='word_1_345' title='bbox 1090 1800 1158 1855; x_wconf 82' lang='lat' dir='ltr'>falsa</span> <span class='ocrx_word' id='word_1_346' title='bbox 1188 1800 1299 1854; x_wconf 89' lang='lat' dir='ltr'>demum</span> <span class='ocrx_word' id='word_1_347' title='bbox 1317 1803 1463 1872; x_wconf 91' lang='lat' dir='ltr'>protulerit</span> <span class='ocrx_word' id='word_1_348' title='bbox 1477 1805 1584 1870; x_wconf 89' lang='lat' dir='ltr'>Noster,</span> <span class='ocrx_word' id='word_1_349' title='bbox 1613 1812 1720 1859; x_wconf 87' lang='lat' dir='ltr'>certum</span> 
     </span>
     <span class='ocr_line' id='line_1_48' title="bbox 921 1872 1721 1943; baseline 0.003 -18"><span class='ocrx_word' id='word_1_350' title='bbox 921 1876 962 1925; x_wconf 91' lang='lat' dir='ltr'>est</span> <span class='ocrx_word' id='word_1_351' title='bbox 978 1873 1057 1923; x_wconf 90' lang='lat' dir='ltr'>talem</span> <span class='ocrx_word' id='word_1_352' title='bbox 1076 1872 1157 1924; x_wconf 92' lang='lat' dir='ltr'>nobis</span> <span class='ocrx_word' id='word_1_353' title='bbox 1175 1878 1280 1924; x_wconf 83' lang='lat' dir='ltr'>textum</span> <span class='ocrx_word' id='word_1_354' title='bbox 1293 1873 1446 1942; x_wconf 82' lang='lat' dir='ltr'>reliquisse,</span> <span class='ocrx_word' id='word_1_355' title='bbox 1459 1876 1567 1943; x_wconf 89' lang='lat' dir='ltr'>qualern</span> <span class='ocrx_word' id='word_1_356' title='bbox 1581 1882 1611 1928; x_wconf 90' lang='lat' dir='ltr'>ut</span> <span class='ocrx_word' id='word_1_357' title='bbox 1625 1875 1721 1929; x_wconf 90' lang='lat' dir='ltr'>since-</span> 
     </span>
     <span class='ocr_line' id='line_1_49' title="bbox 921 1940 1536 2012; baseline 0.008 -19"><span class='ocrx_word' id='word_1_358' title='bbox 921 1954 982 1994; x_wconf 86' lang='lat' dir='ltr'>rum</span> <span class='ocrx_word' id='word_1_359' title='bbox 1002 1947 1030 1994; x_wconf 92' lang='lat' dir='ltr'>et</span> <span class='ocrx_word' id='word_1_360' title='bbox 1041 1942 1193 2011; x_wconf 91' lang='lat' dir='ltr'>genuinum</span> <span class='ocrx_word' id='word_1_361' title='bbox 1210 1940 1256 1995; x_wconf 92' lang='lat' dir='ltr'>hic</span> <span class='ocrx_word' id='word_1_362' title='bbox 1271 1944 1536 2012; x_wconf 72' lang='lat' dir='ltr'>representavimus.</span> 
     </span>
    </p>
   </div>
   <div class='ocr_carea' id='block_1_9' title="bbox 792 2080 984 2140">
    <p class='ocr_par' dir='ltr' id='par_1_9' title="bbox 792 2080 984 2140">
     <span class='ocr_line' id='line_1_50' title="bbox 792 2080 984 2140; baseline 0 -2"><span class='ocrx_word' id='word_1_363' title='bbox 792 2080 984 2140; x_wconf 84' lang='lat' dir='ltr'>AUCTARIA.</span> 
     </span>
    </p>
   </div>
   <div class='ocr_carea' id='block_1_10' title="bbox 59 2191 863 2677">
    <p class='ocr_par' dir='ltr' id='par_1_10' title="bbox 61 2191 863 2406">
     <span class='ocr_line' id='line_1_51' title="bbox 99 2191 863 2322; baseline 0.003 -73"><span class='ocrx_word' id='word_1_364' title='bbox 99 2192 260 2250; x_wconf 76' lang='lat' dir='ltr'>Teuranus.</span> <span class='ocrx_word' id='word_1_365' title='bbox 291 2192 320 2248; x_wconf 93' lang='lat' dir='ltr'>in</span> <span class='ocrx_word' id='word_1_366' title='bbox 334 2193 425 2264; x_wconf 89' lang='lat' dir='ltr'>prima</span> <span class='ocrx_word' id='word_1_367' title='bbox 439 2192 558 2264; x_wconf 89' lang='lat' dir='ltr'>elogium</span> <span class='ocrx_word' id='word_1_368' title='bbox 574 2191 701 2274; x_wconf 83' lang='lat' dir='ltr'>producit</span> <span class='ocrx_word' id='word_1_369' title='bbox 730 2210 815 2322; x_wconf 81' lang='lat' dir='ltr'>nstpe</span> <span class='ocrx_word' id='word_1_370' title='bbox 829 2195 863 2252; x_wconf 90' lang='lat' dir='ltr'>ad</span> 
     </span>
     <span class='ocr_line' id='line_1_52' title="bbox 62 2264 863 2337; baseline 0.002 -17"><span class='ocrx_word' id='word_1_371' title='bbox 62 2270 204 2331; x_wconf 81' lang='lat' dir='ltr'>testantur,</span> <span class='ocrx_word' id='word_1_372' title='bbox 221 2264 369 2337; x_wconf 83' lang='lat' dir='ltr'>expunctis</span> <span class='ocrx_word' id='word_1_373' title='bbox 382 2264 488 2323; x_wconf 77' lang='lat' dir='ltr'>ceteris</span> <span class='ocrx_word' id='word_1_374' title='bbox 508 2264 647 2319; x_wconf 76' lang='lat' dir='ltr'>omnibus,</span> <span class='ocrx_word' id='word_1_375' title='bbox 664 2267 730 2321; x_wconf 85' lang='lat' dir='ltr'>Duae</span> <span class='ocrx_word' id='word_1_376' title='bbox 756 2268 863 2323; x_wconf 86' lang='lat' dir='ltr'>ntimae</span> 
     </span>
     <span class='ocr_line' id='line_1_53' title="bbox 61 2335 472 2406; baseline 0 -15"><span class='ocrx_word' id='word_1_377' title='bbox 61 2335 293 2392; x_wconf 83' lang='lat' dir='ltr'>annuntiationes</span> <span class='ocrx_word' id='word_1_378' title='bbox 309 2352 383 2406; x_wconf 81' lang='lat' dir='ltr'>pure</span> <span class='ocrx_word' id='word_1_379' title='bbox 398 2344 472 2391; x_wconf 89' lang='lat' dir='ltr'>sunt.</span> 
     </span>
    </p>

    <p class='ocr_par' dir='ltr' id='par_1_11' title="bbox 59 2406 863 2677">
     <span class='ocr_line' id='line_1_54' title="bbox 98 2406 863 2492; baseline 0 -27"><span class='ocrx_word' id='word_1_380' title='bbox 98 2409 248 2467; x_wconf 82' lang='lat' dir='ltr'>Roswsun.</span> <span class='ocrx_word' id='word_1_381' title='bbox 264 2408 385 2463; x_wconf 88' lang='lat' dir='ltr'>secundo</span> <span class='ocrx_word' id='word_1_382' title='bbox 396 2408 457 2463; x_wconf 90' lang='lat' dir='ltr'>loco</span> <span class='ocrx_word' id='word_1_383' title='bbox 468 2406 550 2463; x_wconf 90' lang='lat' dir='ltr'>habet</span> <span class='ocrx_word' id='word_1_384' title='bbox 563 2425 568 2462; x_wconf 94' lang='lat'>:</span> <span class='ocrx_word' id='word_1_385' title='bbox 585 2410 704 2474; x_wconf 77' lang='lat' dir='ltr'>«Romae,</span> <span class='ocrx_word' id='word_1_386' title='bbox 717 2408 863 2492; x_wconf 83' lang='lat' dir='ltr'>zepherini</span> 
     </span>
     <span class='ocr_line' id='line_1_55' title="bbox 62 2476 863 2553; baseline 0.004 -21"><span class='ocrx_word' id='word_1_387' title='bbox 62 2493 140 2551; x_wconf 79' lang='lat' dir='ltr'>pape</span> <span class='ocrx_word' id='word_1_388' title='bbox 153 2487 180 2533; x_wconf 90' lang='lat' dir='ltr'>et</span> <span class='ocrx_word' id='word_1_389' title='bbox 194 2476 335 2552; x_wconf 83' lang='lat' dir='ltr'>martyris.</span> <span class='ocrx_word' id='word_1_390' title='bbox 350 2505 360 2527; x_wconf 66' lang='grc' dir='ltr'>ι</span> <span class='ocrx_word' id='word_1_391' title='bbox 380 2479 436 2534; x_wconf 91' lang='lat' dir='ltr'>Nos</span> <span class='ocrx_word' id='word_1_392' title='bbox 451 2477 485 2534; x_wconf 91' lang='lat' dir='ltr'>de</span> <span class='ocrx_word' id='word_1_393' title='bbox 502 2495 533 2534; x_wconf 90' lang='lat' dir='ltr'>eo</span> <span class='ocrx_word' id='word_1_394' title='bbox 545 2477 650 2553; x_wconf 79' lang='lat' dir='ltr'>egimus</span> <span class='ocrx_word' id='word_1_395' title='bbox 662 2495 724 2536; x_wconf 89' lang='lat' dir='ltr'>cunr</span> <span class='ocrx_word' id='word_1_396' title='bbox 742 2479 863 2535; x_wconf 74' lang='lat' dir='ltr'>[isnardo</span> 
     </span>
     <span class='ocr_line' id='line_1_56' title="bbox 60 2549 863 2622; baseline 0.002 -18"><span class='ocrx_word' id='word_1_397' title='bbox 60 2565 132 2609; x_wconf 83' lang='lat' dir='ltr'>xxvi</span> <span class='ocrx_word' id='word_1_398' title='bbox 143 2550 270 2622; x_wconf 88' lang='lat' dir='ltr'>Augusti,</span> <span class='ocrx_word' id='word_1_399' title='bbox 283 2549 331 2605; x_wconf 90' lang='lat' dir='ltr'>uhi</span> <span class='ocrx_word' id='word_1_400' title='bbox 343 2550 407 2608; x_wconf 88' lang='lat' dir='ltr'>uide</span> <span class='ocrx_word' id='word_1_401' title='bbox 421 2550 657 2609; x_wconf 78' lang='lat' dir='ltr'>observationem.</span> <span class='ocrx_word' id='word_1_402' title='bbox 671 2550 745 2606; x_wconf 91' lang='lat' dir='ltr'>llabe</span> <span class='ocrx_word' id='word_1_403' title='bbox 756 2549 863 2607; x_wconf 90' lang='lat' dir='ltr'>hodier-</span> 
     </span>
     <span class='ocr_line' id='line_1_57' title="bbox 59 2620 541 2677; baseline 0.004 -2"><span class='ocrx_word' id='word_1_404' title='bbox 59 2637 131 2676; x_wconf 88' lang='lat' dir='ltr'>nnnr</span> <span class='ocrx_word' id='word_1_405' title='bbox 146 2620 338 2677; x_wconf 80' lang='lat' dir='ltr'>wandalberti</span> <span class='ocrx_word' id='word_1_406' title='bbox 353 2621 541 2677; x_wconf 78' lang='lat' dir='ltr'>uersiculum:</span> 
     </span>
    </p>
   </div>
   <div class='ocr_carea' id='block_1_11' title="bbox 126 2728 812 2792">
    <p class='ocr_par' dir='ltr' id='par_1_12' title="bbox 126 2728 812 2792">
     <span class='ocr_line' id='line_1_58' title="bbox 126 2728 812 2792; baseline 0.007 -17"><span class='ocrx_word' id='word_1_407' title='bbox 126 2728 212 2776; x_wconf 86' lang='lat' dir='ltr'>Terno</span> <span class='ocrx_word' id='word_1_408' title='bbox 224 2744 281 2777; x_wconf 85' lang='lat' dir='ltr'>curn</span> <span class='ocrx_word' id='word_1_409' title='bbox 293 2728 394 2777; x_wconf 90' lang='lat' dir='ltr'>dccirno</span> <span class='ocrx_word' id='word_1_410' title='bbox 407 2730 514 2776; x_wconf 88' lang='lat' dir='ltr'>antistes</span> <span class='ocrx_word' id='word_1_411' title='bbox 529 2729 672 2792; x_wconf 89' lang='lat' dir='ltr'>Zepherine</span> <span class='ocrx_word' id='word_1_412' title='bbox 684 2743 812 2780; x_wconf 88' lang='lat' dir='ltr'>coruscas.</span> 
     </span>
    </p>
   </div>
   <div class='ocr_carea' id='block_1_12' title="bbox 59 2833 862 3032">
    <p class='ocr_par' dir='ltr' id='par_1_13' title="bbox 59 2833 862 3032">
     <span class='ocr_line' id='line_1_59' title="bbox 97 2833 862 2907; baseline 0 -17"><span class='ocrx_word' id='word_1_413' title='bbox 97 2833 194 2890; x_wconf 89' lang='lat' dir='ltr'>Codex</span> <span class='ocrx_word' id='word_1_414' title='bbox 203 2841 297 2890; x_wconf 88' lang='lat' dir='ltr'>noster</span> <span class='ocrx_word' id='word_1_415' title='bbox 310 2852 394 2907; x_wconf 84' lang='lat' dir='ltr'>purus</span> <span class='ocrx_word' id='word_1_416' title='bbox 403 2845 445 2890; x_wconf 90' lang='lat' dir='ltr'>est</span> <span class='ocrx_word' id='word_1_417' title='bbox 455 2835 484 2889; x_wconf 92' lang='lat' dir='ltr'>in</span> <span class='ocrx_word' id='word_1_418' title='bbox 495 2836 568 2890; x_wconf 88' lang='lat' dir='ltr'>lulio</span> <span class='ocrx_word' id='word_1_419' title='bbox 578 2843 606 2889; x_wconf 92' lang='lat' dir='ltr'>et</span> <span class='ocrx_word' id='word_1_420' title='bbox 618 2834 754 2902; x_wconf 83' lang='lat' dir='ltr'>Liberata,</span> <span class='ocrx_word' id='word_1_421' title='bbox 767 2834 862 2906; x_wconf 86' lang='lat' dir='ltr'>adjun-</span> 
     </span>
     <span class='ocr_line' id='line_1_60' title="bbox 59 2904 862 3032; baseline 0.001 -73"><span class='ocrx_word' id='word_1_422' title='bbox 59 2921 128 3030; x_wconf 64' lang='lat' dir='ltr'>pens</span> <span class='ocrx_word' id='word_1_423' title='bbox 144 2906 173 2960; x_wconf 90' lang='lat' dir='ltr'>in</span> <span class='ocrx_word' id='word_1_424' title='bbox 188 2904 243 2958; x_wconf 84' lang='lat' dir='ltr'>tine</span> <span class='ocrx_word' id='word_1_425' title='bbox 259 2906 360 2961; x_wconf 89' lang='lat' dir='ltr'>litteris</span> <span class='ocrx_word' id='word_1_426' title='bbox 374 2906 542 2978; x_wconf 87' lang='lat' dir='ltr'>majusculis,</span> <span class='ocrx_word' id='word_1_427' title='bbox 555 2907 627 3032; x_wconf 77' lang='lat' dir='ltr'>tpuod</span> <span class='ocrx_word' id='word_1_428' title='bbox 644 2907 672 2959; x_wconf 93' lang='lat' dir='ltr'>in</span> <span class='ocrx_word' id='word_1_429' title='bbox 685 2907 748 2962; x_wconf 90' lang='lat' dir='ltr'>aliis</span> <span class='ocrx_word' id='word_1_430' title='bbox 762 2907 862 2961; x_wconf 90' lang='lat' dir='ltr'>codici·</span> 
     </span>
    </p>
   </div>
   <div class='ocr_carea' id='block_1_13' title="bbox 81 2976 820 3055">
    <p class='ocr_par' dir='ltr' id='par_1_14' title="bbox 81 2976 820 3055">
     <span class='ocr_line' id='line_1_61' title="bbox 81 2976 820 3055; baseline 0.001 -25"><span class='ocrx_word' id='word_1_431' title='bbox 81 2993 113 3030; x_wconf 89' lang='lat' dir='ltr'>us</span> <span class='ocrx_word' id='word_1_432' title='bbox 132 2983 275 3030; x_wconf 85' lang='lat' dir='ltr'>recurret:</span> <span class='ocrx_word' id='word_1_433' title='bbox 300 3002 309 3023; x_wconf 87' lang='lat'>‹</span> <span class='ocrx_word' id='word_1_434' title='bbox 325 2976 425 3055; x_wconf 80' lang='lat' dir='ltr'>Vigilia</span> <span class='ocrx_word' id='word_1_435' title='bbox 439 2979 524 3033; x_wconf 87' lang='lat' dir='ltr'>sancti</span> <span class='ocrx_word' id='word_1_436' title='bbox 541 2979 651 3032; x_wconf 82' lang='lat' dir='ltr'>Treunae</span> <span class='ocrx_word' id='word_1_437' title='bbox 665 2977 794 3048; x_wconf 92' lang='lat' dir='ltr'>apostoli.</span> <span class='ocrx_word' id='word_1_438' title='bbox 812 3002 820 3024; x_wconf 83' lang='lat'>›</span> 
     </span>
    </p>
   </div>
   <div class='ocr_carea' id='block_1_14' title="bbox 917 2195 1721 3048">
    <p class='ocr_par' dir='ltr' id='par_1_15' title="bbox 918 2195 1721 2480">
     <span class='ocr_line' id='line_1_62' title="bbox 918 2195 1720 2269; baseline 0.006 -16"><span class='ocrx_word' id='word_1_439' title='bbox 918 2197 968 2255; x_wconf 89' lang='lat' dir='ltr'>Hic</span> <span class='ocrx_word' id='word_1_440' title='bbox 983 2214 1079 2269; x_wconf 90' lang='lat' dir='ltr'>passus</span> <span class='ocrx_word' id='word_1_441' title='bbox 1094 2205 1134 2252; x_wconf 84' lang='lat' dir='ltr'>est</span> <span class='ocrx_word' id='word_1_442' title='bbox 1149 2195 1199 2251; x_wconf 88' lang='lat' dir='ltr'>suh</span> <span class='ocrx_word' id='word_1_443' title='bbox 1210 2196 1311 2252; x_wconf 84' lang='lat' dir='ltr'>Severo</span> <span class='ocrx_word' id='word_1_444' title='bbox 1326 2197 1415 2268; x_wconf 92' lang='lat' dir='ltr'>princi</span> <span class='ocrx_word' id='word_1_445' title='bbox 1437 2212 1460 2252; x_wconf 90' lang='lat' dir='ltr'>e.</span> <span class='ocrx_word' id='word_1_446' title='bbox 1475 2223 1485 2245; x_wconf 84' lang='lat'><strong>»</strong></span> <span class='ocrx_word' id='word_1_447' title='bbox 1506 2200 1536 2254; x_wconf 93' lang='lat' dir='ltr'>In</span> <span class='ocrx_word' id='word_1_448' title='bbox 1555 2200 1720 2258; x_wconf 91' lang='lat' dir='ltr'>Alexandri·</span> 
     </span>
     <span class='ocr_line' id='line_1_63' title="bbox 919 2267 1721 2339; baseline 0.007 -17"><span class='ocrx_word' id='word_1_449' title='bbox 919 2269 962 2323; x_wconf 90' lang='lat' dir='ltr'>nis</span> <span class='ocrx_word' id='word_1_450' title='bbox 977 2269 1043 2323; x_wconf 87' lang='lat' dir='ltr'>satis</span> <span class='ocrx_word' id='word_1_451' title='bbox 1060 2285 1144 2339; x_wconf 88' lang='lat' dir='ltr'>purus</span> <span class='ocrx_word' id='word_1_452' title='bbox 1157 2276 1206 2323; x_wconf 88' lang='lat' dir='ltr'>est.</span> <span class='ocrx_word' id='word_1_453' title='bbox 1225 2267 1313 2324; x_wconf 84' lang='lat' dir='ltr'>Turn:</span> <span class='ocrx_word' id='word_1_454' title='bbox 1333 2269 1383 2322; x_wconf 78' lang='lat' dir='ltr'>«ln</span> <span class='ocrx_word' id='word_1_455' title='bbox 1427 2269 1510 2334; x_wconf 85' lang='lat' dir='ltr'>racia,</span> <span class='ocrx_word' id='word_1_456' title='bbox 1525 2270 1637 2326; x_wconf 89' lang='lat' dir='ltr'>civitate</span> <span class='ocrx_word' id='word_1_457' title='bbox 1653 2272 1721 2328; x_wconf 89' lang='lat' dir='ltr'>Gel-</span> 
     </span>
     <span class='ocr_line' id='line_1_64' title="bbox 918 2338 1721 2418; baseline 0.004 -24"><span class='ocrx_word' id='word_1_458' title='bbox 918 2339 993 2406; x_wconf 91' lang='lat' dir='ltr'>dula,</span> <span class='ocrx_word' id='word_1_459' title='bbox 1009 2342 1098 2394; x_wconf 86' lang='lat' dir='ltr'>natale</span> <span class='ocrx_word' id='word_1_460' title='bbox 1108 2339 1194 2394; x_wconf 87' lang='lat' dir='ltr'>sancti</span> <span class='ocrx_word' id='word_1_461' title='bbox 1205 2339 1272 2393; x_wconf 85' lang='lat' dir='ltr'>Jnlii</span> <span class='ocrx_word' id='word_1_462' title='bbox 1286 2339 1425 2418; x_wconf 76' lang='lat' dir='ltr'>martyris.</span> <span class='ocrx_word' id='word_1_463' title='bbox 1439 2338 1507 2393; x_wconf 84' lang='lat' dir='ltr'>ltern</span> <span class='ocrx_word' id='word_1_464' title='bbox 1519 2339 1547 2393; x_wconf 93' lang='lat' dir='ltr'>in</span> <span class='ocrx_word' id='word_1_465' title='bbox 1559 2340 1721 2411; x_wconf 90' lang='lat' dir='ltr'>Amphitraa</span> 
     </span>
     <span class='ocr_line' id='line_1_65' title="bbox 918 2408 1713 2480; baseline 0.003 -15"><span class='ocrx_word' id='word_1_466' title='bbox 918 2411 1041 2477; x_wconf 88' lang='lat' dir='ltr'>civitate,</span> <span class='ocrx_word' id='word_1_467' title='bbox 1055 2410 1145 2465; x_wconf 81' lang='lat' dir='ltr'>natale</span> <span class='ocrx_word' id='word_1_468' title='bbox 1155 2408 1227 2465; x_wconf 89' lang='lat' dir='ltr'>beati</span> <span class='ocrx_word' id='word_1_469' title='bbox 1243 2409 1366 2480; x_wconf 86' lang='lat' dir='ltr'>Gregorii</span> <span class='ocrx_word' id='word_1_470' title='bbox 1379 2408 1501 2480; x_wconf 90' lang='lat' dir='ltr'>episcopi</span> <span class='ocrx_word' id='word_1_471' title='bbox 1515 2417 1542 2464; x_wconf 86' lang='lat' dir='ltr'>et</span> <span class='ocrx_word' id='word_1_472' title='bbox 1557 2410 1689 2468; x_wconf 82' lang='lat' dir='ltr'>Liberali.</span> <span class='ocrx_word' id='word_1_473' title='bbox 1704 2437 1713 2459; x_wconf 75' lang='grc' dir='ltr'>ι</span> 
     </span>
    </p>

    <p class='ocr_par' dir='ltr' id='par_1_16' title="bbox 917 2478 1720 2764">
     <span class='ocr_line' id='line_1_66' title="bbox 955 2478 1720 2551; baseline 0.004 -15"><span class='ocrx_word' id='word_1_474' title='bbox 955 2481 1100 2536; x_wconf 80' lang='lat' dir='ltr'>Vrcronru.</span> <span class='ocrx_word' id='word_1_475' title='bbox 1128 2487 1155 2535; x_wconf 89' lang='lat' dir='ltr'>et</span> <span class='ocrx_word' id='word_1_476' title='bbox 1169 2481 1236 2536; x_wconf 83' lang='lat' dir='ltr'>Rae.</span> <span class='ocrx_word' id='word_1_477' title='bbox 1253 2481 1347 2545; x_wconf 79' lang='lat' dir='ltr'>Suae,</span> <span class='ocrx_word' id='word_1_478' title='bbox 1370 2478 1493 2551; x_wconf 89' lang='lat' dir='ltr'>signatus</span> <span class='ocrx_word' id='word_1_479' title='bbox 1508 2496 1585 2535; x_wconf 89' lang='lat' dir='ltr'>num.</span> <span class='ocrx_word' id='word_1_480' title='bbox 1612 2481 1673 2549; x_wconf 76' lang='lat' dir='ltr'>tao,</span> <span class='ocrx_word' id='word_1_481' title='bbox 1690 2483 1720 2539; x_wconf 92' lang='lat' dir='ltr'>in</span> 
     </span>
     <span class='ocr_line' id='line_1_67' title="bbox 918 2549 1712 2622; baseline 0.001 -15"><span class='ocrx_word' id='word_1_482' title='bbox 918 2550 988 2607; x_wconf 91' lang='lat' dir='ltr'>line:</span> <span class='ocrx_word' id='word_1_483' title='bbox 1013 2553 1125 2608; x_wconf 75' lang='lat' dir='ltr'>«Roma</span> <span class='ocrx_word' id='word_1_484' title='bbox 1137 2552 1181 2607; x_wconf 90' lang='lat' dir='ltr'>via</span> <span class='ocrx_word' id='word_1_485' title='bbox 1196 2551 1294 2622; x_wconf 90' lang='lat' dir='ltr'>Appia,</span> <span class='ocrx_word' id='word_1_486' title='bbox 1308 2550 1396 2606; x_wconf 90' lang='lat' dir='ltr'>sancti</span> <span class='ocrx_word' id='word_1_487' title='bbox 1407 2549 1532 2605; x_wconf 88' lang='lat' dir='ltr'>Zeverini</span> <span class='ocrx_word' id='word_1_488' title='bbox 1544 2550 1666 2622; x_wconf 86' lang='lat' dir='ltr'>episcopi</span> <span class='ocrx_word' id='word_1_489' title='bbox 1680 2572 1685 2608; x_wconf 93' lang='lat'>:</span> <span class='ocrx_word' id='word_1_490' title='bbox 1703 2578 1712 2601; x_wconf 74' lang='grc' dir='ltr'>ι</span> 
     </span>
     <span class='ocr_line' id='line_1_68' title="bbox 918 2621 1719 2695; baseline 0.004 -17"><span class='ocrx_word' id='word_1_491' title='bbox 918 2623 970 2678; x_wconf 92' lang='lat' dir='ltr'>Pro</span> <span class='ocrx_word' id='word_1_492' title='bbox 985 2623 1140 2695; x_wconf 81' lang='lat' dir='ltr'>Zepbprirei.</span> <span class='ocrx_word' id='word_1_493' title='bbox 1167 2621 1254 2680; x_wconf 82' lang='lat' dir='ltr'>Tum:</span> <span class='ocrx_word' id='word_1_494' title='bbox 1279 2621 1333 2677; x_wconf 82' lang='lat' dir='ltr'>·in</span> <span class='ocrx_word' id='word_1_495' title='bbox 1358 2621 1479 2688; x_wconf 89' lang='lat' dir='ltr'>Oriente,</span> <span class='ocrx_word' id='word_1_496' title='bbox 1505 2629 1607 2678; x_wconf 83' lang='lat' dir='ltr'>sancte</span> <span class='ocrx_word' id='word_1_497' title='bbox 1630 2622 1719 2681; x_wconf 83' lang='lat' dir='ltr'>Tecleu</span> 
     </span>
     <span class='ocr_line' id='line_1_69' title="bbox 917 2693 1260 2764; baseline 0 -18"><span class='ocrx_word' id='word_1_498' title='bbox 917 2693 1035 2763; x_wconf 85' lang='lat' dir='ltr'>virginis</span> <span class='ocrx_word' id='word_1_499' title='bbox 1050 2701 1076 2748; x_wconf 90' lang='lat' dir='ltr'>et</span> <span class='ocrx_word' id='word_1_500' title='bbox 1093 2693 1233 2764; x_wconf 87' lang='lat' dir='ltr'>martyris.</span> <span class='ocrx_word' id='word_1_501' title='bbox 1252 2718 1260 2739; x_wconf 82' lang='lat'><strong>·</strong></span> 
     </span>
    </p>

    <p class='ocr_par' dir='ltr' id='par_1_17' title="bbox 917 2761 1720 2907">
     <span class='ocr_line' id='line_1_70' title="bbox 953 2761 1720 2838; baseline 0.007 -18"><span class='ocrx_word' id='word_1_502' title='bbox 953 2766 1157 2824; x_wconf 70' lang='lat' dir='ltr'>harenosas:</span> <span class='ocrx_word' id='word_1_503' title='bbox 1182 2790 1191 2811; x_wconf 84' lang='lat'>‹</span> <span class='ocrx_word' id='word_1_504' title='bbox 1207 2765 1236 2819; x_wconf 94' lang='lat' dir='ltr'>ln</span> <span class='ocrx_word' id='word_1_505' title='bbox 1261 2779 1330 2835; x_wconf 90' lang='lat' dir='ltr'>pago</span> <span class='ocrx_word' id='word_1_506' title='bbox 1345 2761 1532 2831; x_wconf 90' lang='lat' dir='ltr'>Cabilonensi,</span> <span class='ocrx_word' id='word_1_507' title='bbox 1556 2765 1644 2823; x_wconf 91' lang='lat' dir='ltr'>sancti</span> <span class='ocrx_word' id='word_1_508' title='bbox 1660 2766 1720 2838; x_wconf 78' lang='lat' dir='ltr'>cy-</span> 
     </span>
     <span class='ocr_line' id='line_1_71' title="bbox 917 2835 1165 2907; baseline 0 -17"><span class='ocrx_word' id='word_1_509' title='bbox 917 2835 1007 2907; x_wconf 91' lang='lat' dir='ltr'>priani</span> <span class='ocrx_word' id='word_1_510' title='bbox 1021 2835 1139 2891; x_wconf 89' lang='lat' dir='ltr'>abbatis.</span> <span class='ocrx_word' id='word_1_511' title='bbox 1156 2860 1165 2881; x_wconf 69' lang='lat' dir='ltr'>e</span> 
     </span>
    </p>

    <p class='ocr_par' dir='ltr' id='par_1_18' title="bbox 917 2905 1719 3048">
     <span class='ocr_line' id='line_1_72' title="bbox 953 2905 1719 2967; baseline 0.005 -5"><span class='ocrx_word' id='word_1_512' title='bbox 953 2905 1413 2962; x_wconf 57' lang='lat' dir='ltr'>nisime„cissos-mmmm.:</span> <span class='ocrx_word' id='word_1_513' title='bbox 1450 2931 1459 2952; x_wconf 78' lang='grc' dir='ltr'>ι</span> <span class='ocrx_word' id='word_1_514' title='bbox 1483 2905 1628 2963; x_wconf 88' lang='lat' dir='ltr'>Ammonis</span> <span class='ocrx_word' id='word_1_515' title='bbox 1656 2925 1719 2967; x_wconf 85' lang='lat' dir='ltr'>cnut</span> 
     </span>
     <span class='ocr_line' id='line_1_73' title="bbox 917 2977 1434 3048; baseline -0.004 -15"><span class='ocrx_word' id='word_1_516' title='bbox 917 2978 1009 3037; x_wconf 82' lang='lat' dir='ltr'>sociis.</span> <span class='ocrx_word' id='word_1_517' title='bbox 1028 2977 1169 3048; x_wconf 84' lang='lat' dir='ltr'>martyris.</span> <span class='ocrx_word' id='word_1_518' title='bbox 1187 2977 1253 3032; x_wconf 88' lang='lat' dir='ltr'>Julii</span> <span class='ocrx_word' id='word_1_519' title='bbox 1269 2977 1434 3047; x_wconf 84' lang='lat' dir='ltr'>trrartyris.·</span> 
     </span>
    </p>
   </div>
   <div class='ocr_carea' id='block_1_15' title="bbox 99 3032 1631 3121">
    <p class='ocr_par' dir='ltr' id='par_1_19' title="bbox 99 3032 1631 3121">
     <span class='ocr_line' id='line_1_74' title="bbox 99 3032 1631 3121; baseline 0.001 -21"><span class='ocrx_word' id='word_1_520' title='bbox 99 3047 258 3100; x_wconf 78' lang='lat' dir='ltr'>Pcrsssnx.</span> <span class='ocrx_word' id='word_1_521' title='bbox 288 3047 320 3100; x_wconf 92' lang='lat' dir='ltr'>In</span> <span class='ocrx_word' id='word_1_522' title='bbox 343 3063 428 3119; x_wconf 87' lang='lat' dir='ltr'>prima</span> <span class='ocrx_word' id='word_1_523' title='bbox 446 3048 552 3121; x_wconf 85' lang='lat' dir='ltr'>phrasis</span> <span class='ocrx_word' id='word_1_524' title='bbox 571 3046 776 3121; x_wconf 89' lang='lat' dir='ltr'>aliquantulum</span> <span class='ocrx_word' id='word_1_525' title='bbox 797 3032 900 3107; x_wconf 77' lang='lat' dir='ltr'>nni-G</span> <span class='ocrx_word' id='word_1_526' title='bbox 951 3051 982 3105; x_wconf 93' lang='lat' dir='ltr'>In</span> <span class='ocrx_word' id='word_1_527' title='bbox 999 3049 1147 3116; x_wconf 57' lang='lat' dir='ltr'>Vitricus,</span> <span class='ocrx_word' id='word_1_528' title='bbox 1166 3064 1242 3103; x_wconf 88' lang='grc' dir='ltr'>ιιιιιιι.</span> <span class='ocrx_word' id='word_1_529' title='bbox 1258 3046 1338 3113; x_wconf 67' lang='grc'>5949,</span> <span class='ocrx_word' id='word_1_530' title='bbox 1356 3047 1427 3101; x_wconf 90' lang='lat' dir='ltr'>nihil</span> <span class='ocrx_word' id='word_1_531' title='bbox 1444 3046 1478 3102; x_wconf 90' lang='lat' dir='ltr'>de</span> <span class='ocrx_word' id='word_1_532' title='bbox 1494 3045 1631 3103; x_wconf 85' lang='lat' dir='ltr'>Liberata.</span> 
     </span>
    </p>
   </div>
   <div class='ocr_carea' id='block_1_16' title="bbox 54 3114 863 4395">
    <p class='ocr_par' dir='ltr' id='par_1_20' title="bbox 59 3114 862 3241">
     <span class='ocr_line' id='line_1_75' title="bbox 59 3114 862 3195; baseline 0.006 -26"><span class='ocrx_word' id='word_1_533' title='bbox 59 3123 123 3170; x_wconf 85' lang='lat' dir='ltr'>tata</span> <span class='ocrx_word' id='word_1_534' title='bbox 139 3122 221 3195; x_wconf 81' lang='lat' dir='ltr'>estet</span> <span class='ocrx_word' id='word_1_535' title='bbox 236 3114 383 3174; x_wconf 80' lang='lat' dir='ltr'>Adoniane</span> <span class='ocrx_word' id='word_1_536' title='bbox 405 3120 490 3191; x_wconf 89' lang='lat' dir='ltr'>magis</span> <span class='ocrx_word' id='word_1_537' title='bbox 516 3127 616 3192; x_wconf 86' lang='lat' dir='ltr'>aptata.</span> <span class='ocrx_word' id='word_1_538' title='bbox 640 3122 720 3177; x_wconf 85' lang='lat' dir='ltr'>Deest</span> <span class='ocrx_word' id='word_1_539' title='bbox 743 3119 862 3175; x_wconf 87' lang='lat' dir='ltr'>secunda</span> 
     </span>
     <span class='ocr_line' id='line_1_76' title="bbox 59 3193 199 3241; baseline 0.007 -1"><span class='ocrx_word' id='word_1_540' title='bbox 59 3193 90 3240; x_wconf 90' lang='lat' dir='ltr'>et</span> <span class='ocrx_word' id='word_1_541' title='bbox 105 3193 199 3241; x_wconf 83' lang='lat' dir='ltr'>tertia.</span> 
     </span>
    </p>

    <p class='ocr_par' dir='ltr' id='par_1_21' title="bbox 56 3259 863 3828">
     <span class='ocr_line' id='line_1_77' title="bbox 96 3259 861 3331; baseline 0.005 -20"><span class='ocrx_word' id='word_1_542' title='bbox 96 3260 241 3313; x_wconf 75' lang='lat' dir='ltr'>Axrtnar.</span> <span class='ocrx_word' id='word_1_543' title='bbox 257 3265 283 3313; x_wconf 86' lang='lat' dir='ltr'>et</span> <span class='ocrx_word' id='word_1_544' title='bbox 294 3259 483 3316; x_wconf 77' lang='lat' dir='ltr'>Max-Lunae.</span> <span class='ocrx_word' id='word_1_545' title='bbox 495 3270 522 3315; x_wconf 91' lang='lat' dir='ltr'>et</span> <span class='ocrx_word' id='word_1_546' title='bbox 534 3262 768 3331; x_wconf 76' lang='lat' dir='ltr'>Uennonrsupost</span> <span class='ocrx_word' id='word_1_547' title='bbox 781 3261 861 3316; x_wconf 87' lang='lat' dir='ltr'>Libe-</span> 
     </span>
     <span class='ocr_line' id='line_1_78' title="bbox 56 3328 860 3403; baseline 0.007 -22"><span class='ocrx_word' id='word_1_548' title='bbox 56 3328 116 3381; x_wconf 85' lang='lat' dir='ltr'>ruti</span> <span class='ocrx_word' id='word_1_549' title='bbox 138 3328 297 3384; x_wconf 88' lang='lat' dir='ltr'>immediate</span> <span class='ocrx_word' id='word_1_550' title='bbox 316 3330 498 3402; x_wconf 82' lang='lat' dir='ltr'>subjungunt,</span> <span class='ocrx_word' id='word_1_551' title='bbox 515 3334 557 3386; x_wconf 84' lang='lat' dir='ltr'>vel</span> <span class='ocrx_word' id='word_1_552' title='bbox 575 3332 666 3403; x_wconf 91' lang='lat' dir='ltr'>potins</span> <span class='ocrx_word' id='word_1_553' title='bbox 679 3331 860 3402; x_wconf 84' lang='lat' dir='ltr'>conjungunt,</span> 
     </span>
     <span class='ocr_line' id='line_1_79' title="bbox 64 3398 863 3524; baseline 0.008 -72"><span class='ocrx_word' id='word_1_554' title='bbox 64 3406 117 3452; x_wconf 79' lang='lat' dir='ltr'>«et</span> <span class='ocrx_word' id='word_1_555' title='bbox 132 3398 257 3524; x_wconf 68' lang='lat' dir='ltr'>Greporii</span> <span class='ocrx_word' id='word_1_556' title='bbox 277 3402 408 3474; x_wconf 87' lang='lat' dir='ltr'>episcopi.</span> <span class='ocrx_word' id='word_1_557' title='bbox 426 3427 433 3447; x_wconf 86' lang='lat'><em>·</em></span> <span class='ocrx_word' id='word_1_558' title='bbox 461 3403 503 3455; x_wconf 87' lang='lat' dir='ltr'>Ex</span> <span class='ocrx_word' id='word_1_559' title='bbox 519 3401 677 3474; x_wconf 84' lang='lat' dir='ltr'>hujusmodi</span> <span class='ocrx_word' id='word_1_560' title='bbox 697 3403 792 3457; x_wconf 90' lang='lat' dir='ltr'>codice</span> <span class='ocrx_word' id='word_1_561' title='bbox 813 3419 863 3458; x_wconf 90' lang='lat' dir='ltr'>sua</span> 
     </span>
     <span class='ocr_line' id='line_1_80' title="bbox 57 3470 860 3543; baseline 0.001 -18"><span class='ocrx_word' id='word_1_562' title='bbox 57 3470 166 3541; x_wconf 88' lang='lat' dir='ltr'>accepit</span> <span class='ocrx_word' id='word_1_563' title='bbox 206 3479 280 3527; x_wconf 87' lang='lat' dir='ltr'>etrus</span> <span class='ocrx_word' id='word_1_564' title='bbox 299 3473 448 3542; x_wconf 83' lang='lat' dir='ltr'>Equilinus</span> <span class='ocrx_word' id='word_1_565' title='bbox 468 3473 496 3526; x_wconf 92' lang='lat' dir='ltr'>in</span> <span class='ocrx_word' id='word_1_566' title='bbox 512 3472 642 3543; x_wconf 81' lang='lat' dir='ltr'>Catalogo</span> <span class='ocrx_word' id='word_1_567' title='bbox 658 3472 730 3543; x_wconf 87' lang='lat' dir='ltr'>apud</span> <span class='ocrx_word' id='word_1_568' title='bbox 750 3472 860 3526; x_wconf 90' lang='lat' dir='ltr'>Floren-</span> 
     </span>
     <span class='ocr_line' id='line_1_81' title="bbox 58 3539 860 3614; baseline 0.004 -20"><span class='ocrx_word' id='word_1_569' title='bbox 58 3539 172 3606; x_wconf 88' lang='lat' dir='ltr'>tininm,</span> <span class='ocrx_word' id='word_1_570' title='bbox 188 3542 235 3612; x_wconf 89' lang='lat' dir='ltr'>qui</span> <span class='ocrx_word' id='word_1_571' title='bbox 251 3541 280 3597; x_wconf 94' lang='lat' dir='ltr'>in</span> <span class='ocrx_word' id='word_1_572' title='bbox 294 3542 346 3597; x_wconf 76' lang='lat' dir='ltr'>hirc</span> <span class='ocrx_word' id='word_1_573' title='bbox 370 3542 510 3612; x_wconf 83' lang='lat' dir='ltr'>Gregorio,</span> <span class='ocrx_word' id='word_1_574' title='bbox 527 3558 603 3614; x_wconf 79' lang='lat' dir='ltr'>eque</span> <span class='ocrx_word' id='word_1_575' title='bbox 618 3559 649 3596; x_wconf 91' lang='lat' dir='ltr'>ac</span> <span class='ocrx_word' id='word_1_576' title='bbox 673 3559 723 3599; x_wconf 84' lang='lat' dir='ltr'>rios</span> <span class='ocrx_word' id='word_1_577' title='bbox 742 3542 860 3611; x_wconf 74' lang='lat' dir='ltr'>hesitat,</span> 
     </span>
     <span class='ocr_line' id='line_1_82' title="bbox 58 3609 861 3685; baseline 0.004 -19"><span class='ocrx_word' id='word_1_578' title='bbox 58 3610 109 3666; x_wconf 83' lang='lat' dir='ltr'>Est</span> <span class='ocrx_word' id='word_1_579' title='bbox 121 3609 192 3665; x_wconf 80' lang='lat' dir='ltr'>forte</span> <span class='ocrx_word' id='word_1_580' title='bbox 201 3613 331 3683; x_wconf 86' lang='lat' dir='ltr'>repetitio</span> <span class='ocrx_word' id='word_1_581' title='bbox 342 3612 466 3682; x_wconf 82' lang='lat' dir='ltr'>Gregorii</span> <span class='ocrx_word' id='word_1_582' title='bbox 480 3613 740 3680; x_wconf 83' lang='lat' dir='ltr'>Autissiodorensis,</span> <span class='ocrx_word' id='word_1_583' title='bbox 756 3613 790 3667; x_wconf 92' lang='lat' dir='ltr'>de</span> <span class='ocrx_word' id='word_1_584' title='bbox 807 3631 861 3685; x_wconf 92' lang='lat' dir='ltr'>quo</span> 
     </span>
     <span class='ocr_line' id='line_1_83' title="bbox 58 3680 860 3754; baseline 0.006 -18"><span class='ocrx_word' id='word_1_585' title='bbox 58 3680 148 3736; x_wconf 90' lang='lat' dir='ltr'>locuti</span> <span class='ocrx_word' id='word_1_586' title='bbox 170 3696 266 3737; x_wconf 81' lang='lat' dir='ltr'>sumus</span> <span class='ocrx_word' id='word_1_587' title='bbox 285 3683 330 3738; x_wconf 90' lang='lat' dir='ltr'>dic</span> <span class='ocrx_word' id='word_1_588' title='bbox 350 3684 524 3754; x_wconf 78' lang='lat' dir='ltr'>precedenti.</span> <span class='ocrx_word' id='word_1_589' title='bbox 559 3685 576 3741; x_wconf 82' lang='lat' dir='ltr'>S</span> <span class='ocrx_word' id='word_1_590' title='bbox 613 3686 689 3745; x_wconf 84' lang='lat' dir='ltr'>nitur</span> <span class='ocrx_word' id='word_1_591' title='bbox 720 3684 749 3739; x_wconf 95' lang='lat' dir='ltr'>in</span> <span class='ocrx_word' id='word_1_592' title='bbox 769 3684 860 3741; x_wconf 90' lang='lat' dir='ltr'>citatis</span> 
     </span>
     <span class='ocr_line' id='line_1_84' title="bbox 57 3749 852 3828; baseline 0.003 -20"><span class='ocrx_word' id='word_1_593' title='bbox 57 3749 202 3808; x_wconf 86' lang='lat' dir='ltr'>codicibus</span> <span class='ocrx_word' id='word_1_594' title='bbox 215 3771 220 3807; x_wconf 91' lang='lat'><strong>:</strong></span> <span class='ocrx_word' id='word_1_595' title='bbox 232 3778 240 3799; x_wconf 87' lang='lat'>·</span> <span class='ocrx_word' id='word_1_596' title='bbox 251 3755 353 3822; x_wconf 73' lang='lat' dir='ltr'>Rornae,</span> <span class='ocrx_word' id='word_1_597' title='bbox 366 3755 502 3825; x_wconf 81' lang='lat' dir='ltr'>depositio</span> <span class='ocrx_word' id='word_1_598' title='bbox 513 3756 539 3811; x_wconf 85' lang='lat' dir='ltr'>S.</span> <span class='ocrx_word' id='word_1_599' title='bbox 551 3757 605 3828; x_wconf 90' lang='lat' dir='ltr'>Zcp</span> <span class='ocrx_word' id='word_1_600' title='bbox 627 3755 698 3811; x_wconf 92' lang='lat' dir='ltr'>erini</span> <span class='ocrx_word' id='word_1_601' title='bbox 709 3755 852 3827; x_wconf 81' lang='lat' dir='ltr'>episcopi.»</span> 
     </span>
    </p>

    <p class='ocr_par' dir='ltr' id='par_1_22' title="bbox 55 3822 861 4109">
     <span class='ocr_line' id='line_1_85' title="bbox 94 3822 861 3897; baseline 0.008 -20"><span class='ocrx_word' id='word_1_602' title='bbox 94 3822 328 3879; x_wconf 68' lang='lat' dir='ltr'>Aurorae-Mun</span> <span class='ocrx_word' id='word_1_603' title='bbox 358 3834 384 3879; x_wconf 92' lang='lat' dir='ltr'>et</span> <span class='ocrx_word' id='word_1_604' title='bbox 398 3827 498 3897; x_wconf 85' lang='lat' dir='ltr'>reliqui</span> <span class='ocrx_word' id='word_1_605' title='bbox 530 3844 624 3881; x_wconf 90' lang='lat' dir='ltr'>ornnes</span> <span class='ocrx_word' id='word_1_606' title='bbox 639 3827 747 3883; x_wconf 88' lang='lat' dir='ltr'>codices</span> <span class='ocrx_word' id='word_1_607' title='bbox 763 3825 861 3883; x_wconf 76' lang='lat' dir='ltr'>inedia</span> 
     </span>
     <span class='ocr_line' id='line_1_86' title="bbox 56 3893 860 3966; baseline 0.006 -19"><span class='ocrx_word' id='word_1_608' title='bbox 56 3900 133 3948; x_wconf 81' lang='lat' dir='ltr'>note</span> <span class='ocrx_word' id='word_1_609' title='bbox 150 3893 289 3966; x_wconf 89' lang='lat' dir='ltr'>incipiunt</span> <span class='ocrx_word' id='word_1_610' title='bbox 304 3896 442 3966; x_wconf 81' lang='lat' dir='ltr'>:‹Vigilia</span> <span class='ocrx_word' id='word_1_611' title='bbox 455 3897 543 3952; x_wconf 88' lang='lat' dir='ltr'>sancti</span> <span class='ocrx_word' id='word_1_612' title='bbox 556 3896 668 3952; x_wconf 81' lang='lat' dir='ltr'>Tharne</span> <span class='ocrx_word' id='word_1_613' title='bbox 681 3898 820 3966; x_wconf 80' lang='lat' dir='ltr'>apostoli.»</span> <span class='ocrx_word' id='word_1_614' title='bbox 829 3898 860 3953; x_wconf 94' lang='lat' dir='ltr'>In</span> 
     </span>
     <span class='ocr_line' id='line_1_87' title="bbox 55 3962 859 4039; baseline 0.005 -21"><span class='ocrx_word' id='word_1_615' title='bbox 55 3962 114 4018; x_wconf 87' lang='lat' dir='ltr'>fine</span> <span class='ocrx_word' id='word_1_616' title='bbox 128 3972 218 4019; x_wconf 67' lang='lat' dir='ltr'>annm</span> <span class='ocrx_word' id='word_1_617' title='bbox 238 3974 297 4035; x_wconf 90' lang='lat' dir='ltr'>post</span> <span class='ocrx_word' id='word_1_618' title='bbox 314 3967 440 4035; x_wconf 81' lang='lat' dir='ltr'>Liberali,</span> <span class='ocrx_word' id='word_1_619' title='bbox 459 3967 565 4022; x_wconf 92' lang='lat' dir='ltr'>addunt</span> <span class='ocrx_word' id='word_1_620' title='bbox 580 3974 716 4039; x_wconf 89' lang='lat' dir='ltr'>utsupra,</span> <span class='ocrx_word' id='word_1_621' title='bbox 736 3991 744 4012; x_wconf 78' lang='grc' dir='ltr'>ι</span> <span class='ocrx_word' id='word_1_622' title='bbox 759 3974 786 4020; x_wconf 91' lang='lat' dir='ltr'>et</span> <span class='ocrx_word' id='word_1_623' title='bbox 800 3982 859 4022; x_wconf 86' lang='lat' dir='ltr'>san·</span> 
     </span>
     <span class='ocr_line' id='line_1_88' title="bbox 55 4032 411 4109; baseline -0.008 -21"><span class='ocrx_word' id='word_1_624' title='bbox 55 4034 95 4089; x_wconf 92' lang='lat' dir='ltr'>cti</span> <span class='ocrx_word' id='word_1_625' title='bbox 112 4032 237 4107; x_wconf 89' lang='lat' dir='ltr'>Gregorii</span> <span class='ocrx_word' id='word_1_626' title='bbox 253 4037 384 4109; x_wconf 88' lang='lat' dir='ltr'>episcopi.</span> <span class='ocrx_word' id='word_1_627' title='bbox 402 4064 411 4085; x_wconf 63' lang='grc' dir='ltr'>ι</span> 
     </span>
    </p>

    <p class='ocr_par' dir='ltr' id='par_1_23' title="bbox 54 4104 858 4321">
     <span class='ocr_line' id='line_1_89' title="bbox 92 4104 858 4179; baseline 0.007 -17"><span class='ocrx_word' id='word_1_628' title='bbox 92 4104 253 4162; x_wconf 83' lang='lat' dir='ltr'>Cnsrnnau.</span> <span class='ocrx_word' id='word_1_629' title='bbox 264 4125 316 4162; x_wconf 93' lang='lat' dir='ltr'>uon</span> <span class='ocrx_word' id='word_1_630' title='bbox 327 4109 409 4164; x_wconf 88' lang='lat' dir='ltr'>babet</span> <span class='ocrx_word' id='word_1_631' title='bbox 417 4108 469 4163; x_wconf 90' lang='lat' dir='ltr'>nisi</span> <span class='ocrx_word' id='word_1_632' title='bbox 479 4109 596 4179; x_wconf 89' lang='lat' dir='ltr'>primam</span> <span class='ocrx_word' id='word_1_633' title='bbox 607 4109 858 4179; x_wconf 87' lang='lat' dir='ltr'>annuntiationem,</span> 
     </span>
     <span class='ocr_line' id='line_1_90' title="bbox 56 4174 857 4253; baseline 0.006 -23"><span class='ocrx_word' id='word_1_634' title='bbox 56 4174 125 4232; x_wconf 91' lang='lat' dir='ltr'>hinc</span> <span class='ocrx_word' id='word_1_635' title='bbox 151 4176 217 4232; x_wconf 91' lang='lat' dir='ltr'>inde</span> <span class='ocrx_word' id='word_1_636' title='bbox 239 4186 402 4247; x_wconf 85' lang='lat' dir='ltr'>truncatum,</span> <span class='ocrx_word' id='word_1_637' title='bbox 432 4197 631 4253; x_wconf 89' lang='lat' dir='ltr'>nonnunquam</span> <span class='ocrx_word' id='word_1_638' title='bbox 651 4181 857 4252; x_wconf 88' lang='lat' dir='ltr'>interpolatam,</span> 
     </span>
     <span class='ocr_line' id='line_1_91' title="bbox 54 4250 589 4321; baseline 0.015 -21"><span class='ocrx_word' id='word_1_639' title='bbox 54 4261 140 4318; x_wconf 89' lang='lat' dir='ltr'>quarn</span> <span class='ocrx_word' id='word_1_640' title='bbox 157 4262 213 4302; x_wconf 91' lang='lat' dir='ltr'>non</span> <span class='ocrx_word' id='word_1_641' title='bbox 228 4257 268 4304; x_wconf 90' lang='lat' dir='ltr'>est</span> <span class='ocrx_word' id='word_1_642' title='bbox 283 4267 352 4321; x_wconf 89' lang='lat' dir='ltr'>opus</span> <span class='ocrx_word' id='word_1_643' title='bbox 366 4250 411 4306; x_wconf 92' lang='lat' dir='ltr'>hic</span> <span class='ocrx_word' id='word_1_644' title='bbox 426 4251 589 4308; x_wconf 82' lang='lat' dir='ltr'>describere.</span> 
     </span>
    </p>

    <p class='ocr_par' dir='ltr' id='par_1_24' title="bbox 91 4317 856 4395">
     <span class='ocr_line' id='line_1_92' title="bbox 91 4317 856 4395; baseline 0.012 -24"><span class='ocrx_word' id='word_1_645' title='bbox 91 4317 274 4376; x_wconf 78' lang='lat' dir='ltr'>Bnnxsxtsu.</span> <span class='ocrx_word' id='word_1_646' title='bbox 294 4321 411 4392; x_wconf 89' lang='lat' dir='ltr'>incipit:</span> <span class='ocrx_word' id='word_1_647' title='bbox 437 4323 572 4389; x_wconf 77' lang='lat' dir='ltr'>«horris,</span> <span class='ocrx_word' id='word_1_648' title='bbox 602 4322 690 4378; x_wconf 91' lang='lat' dir='ltr'>sancti</span> <span class='ocrx_word' id='word_1_649' title='bbox 709 4323 856 4395; x_wconf 90' lang='lat' dir='ltr'>Zepherini</span> 
     </span>
    </p>
   </div>
   <div class='ocr_carea' id='block_1_17' title="bbox 912 3118 1719 4389">
    <p class='ocr_par' dir='ltr' id='par_1_25' title="bbox 915 3118 1719 3473">
     <span class='ocr_line' id='line_1_93' title="bbox 954 3118 1719 3195; baseline 0 -21"><span class='ocrx_word' id='word_1_650' title='bbox 954 3121 1122 3174; x_wconf 82' lang='lat' dir='ltr'>Fnouasris.</span> <span class='ocrx_word' id='word_1_651' title='bbox 1152 3118 1264 3181; x_wconf 91' lang='lat' dir='ltr'>babent,</span> <span class='ocrx_word' id='word_1_652' title='bbox 1291 3123 1321 3172; x_wconf 85' lang='lat' dir='ltr'>ut</span> <span class='ocrx_word' id='word_1_653' title='bbox 1349 3119 1504 3184; x_wconf 72' lang='lat' dir='ltr'>Aaronom,</span> <span class='ocrx_word' id='word_1_654' title='bbox 1530 3125 1601 3184; x_wconf 76' lang='lat' dir='ltr'>eta,</span> <span class='ocrx_word' id='word_1_655' title='bbox 1626 3135 1719 3195; x_wconf 73' lang='lat' dir='ltr'>supra,</span> 
     </span>
     <span class='ocr_line' id='line_1_94' title="bbox 923 3187 1719 3261; baseline -0.001 -16"><span class='ocrx_word' id='word_1_656' title='bbox 923 3197 969 3245; x_wconf 73' lang='lat' dir='ltr'>iet</span> <span class='ocrx_word' id='word_1_657' title='bbox 984 3191 1072 3245; x_wconf 92' lang='lat' dir='ltr'>sancti</span> <span class='ocrx_word' id='word_1_658' title='bbox 1098 3189 1222 3258; x_wconf 87' lang='lat' dir='ltr'>Gregorii</span> <span class='ocrx_word' id='word_1_659' title='bbox 1246 3187 1377 3258; x_wconf 89' lang='lat' dir='ltr'>episcopi.</span> <span class='ocrx_word' id='word_1_660' title='bbox 1393 3187 1486 3245; x_wconf 70' lang='lat' dir='ltr'>norim</span> <span class='ocrx_word' id='word_1_661' title='bbox 1511 3188 1598 3243; x_wconf 89' lang='lat' dir='ltr'>sancti</span> <span class='ocrx_word' id='word_1_662' title='bbox 1613 3188 1719 3261; x_wconf 90' lang='lat' dir='ltr'>Zephi-</span> 
     </span>
     <span class='ocr_line' id='line_1_95' title="bbox 917 3257 1719 3332; baseline 0 -17"><span class='ocrx_word' id='word_1_663' title='bbox 917 3261 971 3315; x_wconf 92' lang='lat' dir='ltr'>rini</span> <span class='ocrx_word' id='word_1_664' title='bbox 987 3259 1117 3332; x_wconf 86' lang='lat' dir='ltr'>episcopi.</span> <span class='ocrx_word' id='word_1_665' title='bbox 1135 3284 1144 3304; x_wconf 70' lang='grc' dir='ltr'>ι</span> <span class='ocrx_word' id='word_1_666' title='bbox 1159 3258 1273 3314; x_wconf 80' lang='lat' dir='ltr'>Addunt</span> <span class='ocrx_word' id='word_1_667' title='bbox 1289 3267 1396 3313; x_wconf 87' lang='lat' dir='ltr'>autern:</span> <span class='ocrx_word' id='word_1_668' title='bbox 1414 3258 1463 3312; x_wconf 76' lang='lat' dir='ltr'>«In</span> <span class='ocrx_word' id='word_1_669' title='bbox 1477 3257 1618 3327; x_wconf 83' lang='lat' dir='ltr'>Hispania,</span> <span class='ocrx_word' id='word_1_670' title='bbox 1629 3261 1719 3315; x_wconf 87' lang='lat' dir='ltr'>sancti</span> 
     </span>
     <span class='ocr_line' id='line_1_96' title="bbox 916 3327 1718 3387; baseline -0.004 0"><span class='ocrx_word' id='word_1_671' title='bbox 916 3331 1068 3387; x_wconf 79' lang='lat' dir='ltr'>Donntiani</span> <span class='ocrx_word' id='word_1_672' title='bbox 1082 3329 1198 3387; x_wconf 91' lang='lat' dir='ltr'>abbatis.</span> <span class='ocrx_word' id='word_1_673' title='bbox 1217 3356 1226 3377; x_wconf 86' lang='lat'><strong>›</strong></span> <span class='ocrx_word' id='word_1_674' title='bbox 1248 3330 1316 3384; x_wconf 90' lang='lat' dir='ltr'>Puto</span> <span class='ocrx_word' id='word_1_675' title='bbox 1341 3328 1457 3384; x_wconf 89' lang='lat' dir='ltr'>iudicari</span> <span class='ocrx_word' id='word_1_676' title='bbox 1483 3327 1649 3384; x_wconf 79' lang='lat' dir='ltr'>Douniuicmu</span> <span class='ocrx_word' id='word_1_677' title='bbox 1664 3329 1718 3385; x_wconf 92' lang='lat' dir='ltr'>ab-</span> 
     </span>
     <span class='ocr_line' id='line_1_97' title="bbox 915 3398 1653 3473; baseline -0.004 -16"><span class='ocrx_word' id='word_1_678' title='bbox 915 3402 1017 3469; x_wconf 88' lang='lat' dir='ltr'>batem,</span> <span class='ocrx_word' id='word_1_679' title='bbox 1033 3401 1066 3456; x_wconf 90' lang='lat' dir='ltr'>de</span> <span class='ocrx_word' id='word_1_680' title='bbox 1081 3418 1135 3473; x_wconf 91' lang='lat' dir='ltr'>quo</span> <span class='ocrx_word' id='word_1_681' title='bbox 1150 3401 1214 3457; x_wconf 85' lang='lat' dir='ltr'>uide</span> <span class='ocrx_word' id='word_1_682' title='bbox 1228 3399 1376 3456; x_wconf 86' lang='lat' dir='ltr'>Castellan.</span> <span class='ocrx_word' id='word_1_683' title='bbox 1393 3406 1420 3453; x_wconf 90' lang='lat' dir='ltr'>et</span> <span class='ocrx_word' id='word_1_684' title='bbox 1435 3398 1555 3467; x_wconf 79' lang='lat' dir='ltr'>Morsu,</span> <span class='ocrx_word' id='word_1_685' title='bbox 1570 3398 1653 3455; x_wconf 87' lang='lat' dir='ltr'>inira.</span> 
     </span>
    </p>

    <p class='ocr_par' dir='ltr' id='par_1_26' title="bbox 915 3469 1717 3670">
     <span class='ocr_line' id='line_1_98' title="bbox 951 3469 1716 3540; baseline 0.001 -13"><span class='ocrx_word' id='word_1_686' title='bbox 951 3474 1168 3529; x_wconf 71' lang='lat' dir='ltr'>bonomensis:</span> <span class='ocrx_word' id='word_1_687' title='bbox 1210 3472 1264 3526; x_wconf 81' lang='lat' dir='ltr'>«ln</span> <span class='ocrx_word' id='word_1_688' title='bbox 1300 3469 1441 3525; x_wconf 89' lang='lat' dir='ltr'>territorio</span> <span class='ocrx_word' id='word_1_689' title='bbox 1472 3469 1593 3540; x_wconf 82' lang='lat' dir='ltr'>Cynnla,</span> <span class='ocrx_word' id='word_1_690' title='bbox 1628 3471 1716 3528; x_wconf 90' lang='lat' dir='ltr'>sancti</span> 
     </span>
     <span class='ocr_line' id='line_1_99' title="bbox 915 3539 1717 3613; baseline 0.002 -15"><span class='ocrx_word' id='word_1_691' title='bbox 915 3542 1014 3613; x_wconf 89' lang='lat' dir='ltr'>Ospitii</span> <span class='ocrx_word' id='word_1_692' title='bbox 1029 3542 1204 3598; x_wconf 82' lang='lat' dir='ltr'>contessoris.</span> <span class='ocrx_word' id='word_1_693' title='bbox 1216 3540 1380 3599; x_wconf 82' lang='lat' dir='ltr'>blorrasterio</span> <span class='ocrx_word' id='word_1_694' title='bbox 1392 3539 1540 3607; x_wconf 89' lang='lat' dir='ltr'>Lirinensi,</span> <span class='ocrx_word' id='word_1_695' title='bbox 1559 3541 1647 3597; x_wconf 90' lang='lat' dir='ltr'>sancti</span> <span class='ocrx_word' id='word_1_696' title='bbox 1658 3542 1717 3600; x_wconf 92' lang='lat' dir='ltr'>Co-</span> 
     </span>
     <span class='ocr_line' id='line_1_100' title="bbox 916 3611 1713 3670; baseline 0.001 -2"><span class='ocrx_word' id='word_1_697' title='bbox 916 3614 1002 3670; x_wconf 91' lang='lat' dir='ltr'>lnmbi</span> <span class='ocrx_word' id='word_1_698' title='bbox 1016 3614 1132 3669; x_wconf 91' lang='lat' dir='ltr'>abbatis.</span> <span class='ocrx_word' id='word_1_699' title='bbox 1147 3638 1156 3659; x_wconf 77' lang='lat'>.</span> <span class='ocrx_word' id='word_1_700' title='bbox 1178 3611 1235 3670; x_wconf 83' lang='lat' dir='ltr'>Sub</span> <span class='ocrx_word' id='word_1_701' title='bbox 1256 3613 1299 3667; x_wconf 91' lang='lat' dir='ltr'>bis</span> <span class='ocrx_word' id='word_1_702' title='bbox 1314 3611 1475 3668; x_wconf 90' lang='lat' dir='ltr'>nominibus</span> <span class='ocrx_word' id='word_1_703' title='bbox 1490 3619 1620 3669; x_wconf 88' lang='lat' dir='ltr'>neutrum</span> <span class='ocrx_word' id='word_1_704' title='bbox 1636 3615 1713 3670; x_wconf 84' lang='lat' dir='ltr'>noui.</span> 
     </span>
    </p>

    <p class='ocr_par' dir='ltr' id='par_1_27' title="bbox 914 3680 1715 4109">
     <span class='ocr_line' id='line_1_101' title="bbox 950 3680 1715 3755; baseline -0.001 -14"><span class='ocrx_word' id='word_1_705' title='bbox 950 3685 1044 3742; x_wconf 90' lang='lat' dir='ltr'>Editio</span> <span class='ocrx_word' id='word_1_706' title='bbox 1084 3683 1273 3742; x_wconf 79' lang='lat' dir='ltr'>Lernaeo-Coe.</span> <span class='ocrx_word' id='word_1_707' title='bbox 1307 3683 1432 3755; x_wconf 89' lang='lat' dir='ltr'>incipit:</span> <span class='ocrx_word' id='word_1_708' title='bbox 1463 3680 1594 3755; x_wconf 81' lang='lat' dir='ltr'>‹Vigilia</span> <span class='ocrx_word' id='word_1_709' title='bbox 1628 3683 1715 3740; x_wconf 88' lang='lat' dir='ltr'>sancti</span> 
     </span>
     <span class='ocr_line' id='line_1_102' title="bbox 915 3752 1715 3828; baseline 0.001 -18"><span class='ocrx_word' id='word_1_710' title='bbox 915 3755 1027 3812; x_wconf 76' lang='lat' dir='ltr'>Thomas</span> <span class='ocrx_word' id='word_1_711' title='bbox 1037 3752 1164 3828; x_wconf 88' lang='lat' dir='ltr'>apostoli.</span> <span class='ocrx_word' id='word_1_712' title='bbox 1177 3755 1257 3826; x_wconf 85' lang='lat' dir='ltr'>Apud</span> <span class='ocrx_word' id='word_1_713' title='bbox 1269 3754 1476 3821; x_wconf 84' lang='lat' dir='ltr'>Alexandriam,</span> <span class='ocrx_word' id='word_1_714' title='bbox 1491 3753 1635 3814; x_wconf 85' lang='lat' dir='ltr'>beatorum</span> <span class='ocrx_word' id='word_1_715' title='bbox 1646 3772 1715 3811; x_wconf 90' lang='lat' dir='ltr'>mar·</span> 
     </span>
     <span class='ocr_line' id='line_1_103' title="bbox 915 3823 1713 3909; baseline 0 -28"><span class='ocrx_word' id='word_1_716' title='bbox 915 3835 1009 3909; x_wconf 71' lang='lat' dir='ltr'>tyrum</span> <span class='ocrx_word' id='word_1_717' title='bbox 1026 3826 1181 3894; x_wconf 89' lang='lat' dir='ltr'>Armnonis,</span> <span class='ocrx_word' id='word_1_718' title='bbox 1198 3836 1278 3892; x_wconf 88' lang='lat' dir='ltr'>·etc.,</span> <span class='ocrx_word' id='word_1_719' title='bbox 1300 3825 1365 3881; x_wconf 90' lang='lat' dir='ltr'>satis</span> <span class='ocrx_word' id='word_1_720' title='bbox 1380 3842 1456 3897; x_wconf 87' lang='lat' dir='ltr'>pure,</span> <span class='ocrx_word' id='word_1_721' title='bbox 1467 3823 1507 3881; x_wconf 90' lang='lat' dir='ltr'>uti</span> <span class='ocrx_word' id='word_1_722' title='bbox 1522 3823 1606 3883; x_wconf 84' lang='lat' dir='ltr'>etiam</span> <span class='ocrx_word' id='word_1_723' title='bbox 1620 3825 1649 3881; x_wconf 94' lang='lat' dir='ltr'>in</span> <span class='ocrx_word' id='word_1_724' title='bbox 1659 3825 1713 3892; x_wconf 84' lang='lat' dir='ltr'>ln-</span> 
     </span>
     <span class='ocr_line' id='line_1_104' title="bbox 916 3894 1715 3968; baseline 0 -15"><span class='ocrx_word' id='word_1_725' title='bbox 916 3899 962 3953; x_wconf 91' lang='lat' dir='ltr'>bo.</span> <span class='ocrx_word' id='word_1_726' title='bbox 979 3899 1088 3954; x_wconf 81' lang='lat' dir='ltr'>Ultimae</span> <span class='ocrx_word' id='word_1_727' title='bbox 1099 3896 1303 3955; x_wconf 87' lang='lat' dir='ltr'>annuntiationi</span> <span class='ocrx_word' id='word_1_728' title='bbox 1315 3914 1414 3953; x_wconf 85' lang='lat' dir='ltr'>novam</span> <span class='ocrx_word' id='word_1_729' title='bbox 1427 3896 1506 3968; x_wconf 90' lang='lat' dir='ltr'>plane</span> <span class='ocrx_word' id='word_1_730' title='bbox 1516 3894 1632 3953; x_wconf 78' lang='lat' dir='ltr'>lerneam</span> <span class='ocrx_word' id='word_1_731' title='bbox 1643 3894 1715 3955; x_wconf 93' lang='lat' dir='ltr'>indi·</span> 
     </span>
     <span class='ocr_line' id='line_1_105' title="bbox 915 3957 1713 4038; baseline 0 -14"><span class='ocrx_word' id='word_1_732' title='bbox 915 3969 955 4031; x_wconf 88' lang='lat' dir='ltr'>dit</span> <span class='ocrx_word' id='word_1_733' title='bbox 971 3969 1023 4023; x_wconf 89' lang='lat' dir='ltr'>hoc</span> <span class='ocrx_word' id='word_1_734' title='bbox 1039 3970 1138 4025; x_wconf 85' lang='lat' dir='ltr'>rriodo:</span> <span class='ocrx_word' id='word_1_735' title='bbox 1164 3971 1214 4023; x_wconf 88' lang='lat' dir='ltr'>·ln</span> <span class='ocrx_word' id='word_1_736' title='bbox 1230 3967 1401 4038; x_wconf 89' lang='lat' dir='ltr'>Amphitrea,</span> <span class='ocrx_word' id='word_1_737' title='bbox 1416 3975 1573 4023; x_wconf 87' lang='lat' dir='ltr'>sanctornm</span> <span class='ocrx_word' id='word_1_738' title='bbox 1594 3957 1713 4032; x_wconf 85' lang='lat' dir='ltr'>Liberali</span> 
     </span>
     <span class='ocr_line' id='line_1_106' title="bbox 914 4039 1496 4109; baseline -0.002 -14"><span class='ocrx_word' id='word_1_739' title='bbox 914 4046 941 4095; x_wconf 92' lang='lat' dir='ltr'>et</span> <span class='ocrx_word' id='word_1_740' title='bbox 957 4039 1080 4108; x_wconf 90' lang='lat' dir='ltr'>Gregorii</span> <span class='ocrx_word' id='word_1_741' title='bbox 1094 4040 1296 4109; x_wconf 88' lang='lat' dir='ltr'>episcopcrum,</span> <span class='ocrx_word' id='word_1_742' title='bbox 1313 4048 1339 4093; x_wconf 86' lang='lat' dir='ltr'>ot</span> <span class='ocrx_word' id='word_1_743' title='bbox 1353 4039 1470 4094; x_wconf 77' lang='lat' dir='ltr'>confess.</span> <span class='ocrx_word' id='word_1_744' title='bbox 1488 4065 1496 4084; x_wconf 66' lang='grc' dir='ltr'>ι</span> 
     </span>
    </p>

    <p class='ocr_par' dir='ltr' id='par_1_28' title="bbox 912 4108 1713 4389">
     <span class='ocr_line' id='line_1_107' title="bbox 949 4108 1713 4181; baseline 0.003 -17"><span class='ocrx_word' id='word_1_745' title='bbox 949 4109 1046 4164; x_wconf 79' lang='lat' dir='ltr'>Ratis.</span> <span class='ocrx_word' id='word_1_746' title='bbox 1058 4111 1085 4162; x_wconf 93' lang='lat' dir='ltr'>in</span> <span class='ocrx_word' id='word_1_747' title='bbox 1101 4109 1243 4164; x_wconf 87' lang='lat' dir='ltr'>additione</span> <span class='ocrx_word' id='word_1_748' title='bbox 1255 4108 1378 4178; x_wconf 88' lang='lat' dir='ltr'>Gregorii</span> <span class='ocrx_word' id='word_1_749' title='bbox 1395 4109 1527 4181; x_wconf 77' lang='lat' dir='ltr'>episcopi,</span> <span class='ocrx_word' id='word_1_750' title='bbox 1548 4117 1576 4163; x_wconf 91' lang='lat' dir='ltr'>et</span> <span class='ocrx_word' id='word_1_751' title='bbox 1591 4110 1665 4166; x_wconf 92' lang='lat' dir='ltr'>inde</span> <span class='ocrx_word' id='word_1_752' title='bbox 1686 4127 1713 4165; x_wconf 91' lang='lat' dir='ltr'>o·</span> 
     </span>
     <span class='ocr_line' id='line_1_108' title="bbox 913 4177 1713 4249; baseline 0.003 -16"><span class='ocrx_word' id='word_1_753' title='bbox 913 4177 1383 4249; x_wconf 86' lang='lat' dir='ltr'>sitioneZepherini,convenitcum</span> <span class='ocrx_word' id='word_1_754' title='bbox 1395 4178 1603 4243; x_wconf 82' lang='lat' dir='ltr'>Auranae.,etc.</span> <span class='ocrx_word' id='word_1_755' title='bbox 1616 4180 1647 4233; x_wconf 92' lang='lat' dir='ltr'>In</span> <span class='ocrx_word' id='word_1_756' title='bbox 1679 4196 1713 4235; x_wconf 90' lang='lat' dir='ltr'>ne</span> 
     </span>
     <span class='ocr_line' id='line_1_109' title="bbox 912 4245 1713 4373; baseline -0.002 -68"><span class='ocrx_word' id='word_1_757' title='bbox 912 4258 1003 4305; x_wconf 87' lang='lat' dir='ltr'>autem</span> <span class='ocrx_word' id='word_1_758' title='bbox 1017 4256 1154 4373; x_wconf 80' lang='lat' dir='ltr'>preterea</span> <span class='ocrx_word' id='word_1_759' title='bbox 1173 4248 1266 4303; x_wconf 89' lang='lat' dir='ltr'>addit:</span> <span class='ocrx_word' id='word_1_760' title='bbox 1303 4247 1393 4302; x_wconf 76' lang='lat' dir='ltr'>«Item</span> <span class='ocrx_word' id='word_1_761' title='bbox 1414 4246 1509 4302; x_wconf 87' lang='lat' dir='ltr'>eodem</span> <span class='ocrx_word' id='word_1_762' title='bbox 1535 4245 1590 4313; x_wconf 88' lang='lat' dir='ltr'>die,</span> <span class='ocrx_word' id='word_1_763' title='bbox 1616 4248 1713 4319; x_wconf 89' lang='lat' dir='ltr'>vigilia</span> 
     </span>
     <span class='ocr_line' id='line_1_110' title="bbox 912 4317 1297 4389; baseline -0.01 -14"><span class='ocrx_word' id='word_1_764' title='bbox 912 4320 998 4376; x_wconf 76' lang='lat' dir='ltr'>salicti</span> <span class='ocrx_word' id='word_1_765' title='bbox 1041 4319 1129 4374; x_wconf 79' lang='lat' dir='ltr'>hornae</span> <span class='ocrx_word' id='word_1_766' title='bbox 1143 4317 1270 4389; x_wconf 90' lang='lat' dir='ltr'>apostoli.</span> <span class='ocrx_word' id='word_1_767' title='bbox 1288 4341 1297 4363; x_wconf 87' lang='lat'><strong>›</strong></span> 
     </span>
    </p>
   </div>
   <div class='ocr_carea' id='block_1_18' title="bbox 54 4385 1709 4468">
    <p class='ocr_par' dir='ltr' id='par_1_29' title="bbox 54 4385 1709 4468">
     <span class='ocr_line' id='line_1_111' title="bbox 54 4385 1709 4468; baseline 0 -26"><span class='ocrx_word' id='word_1_768' title='bbox 54 4402 143 4468; x_wconf 78' lang='lat' dir='ltr'>papa.</span> <span class='ocrx_word' id='word_1_769' title='bbox 156 4387 210 4457; x_wconf 84' lang='lat' dir='ltr'>Qui</span> <span class='ocrx_word' id='word_1_770' title='bbox 228 4398 259 4444; x_wconf 90' lang='lat' dir='ltr'>nt</span> <span class='ocrx_word' id='word_1_771' title='bbox 271 4407 366 4447; x_wconf 87' lang='lat' dir='ltr'>omnes</span> <span class='ocrx_word' id='word_1_772' title='bbox 381 4392 533 4450; x_wconf 86' lang='lat' dir='ltr'>Christiani</span> <span class='ocrx_word' id='word_1_773' title='bbox 547 4409 682 4447; x_wconf 89' lang='lat' dir='ltr'>annorum</span> <span class='ocrx_word' id='word_1_774' title='bbox 698 4394 856 4464; x_wconf 87' lang='lat' dir='ltr'>duodocirn,</span> <span class='ocrx_word' id='word_1_775' title='bbox 871 4399 895 4457; x_wconf 86' lang='lat' dir='ltr'>D</span> <span class='ocrx_word' id='word_1_776' title='bbox 947 4391 1090 4446; x_wconf 69' lang='lat' dir='ltr'>Gnoses:</span> <span class='ocrx_word' id='word_1_777' title='bbox 1107 4388 1227 4459; x_wconf 83' lang='lat' dir='ltr'>«Vigilia</span> <span class='ocrx_word' id='word_1_778' title='bbox 1240 4386 1327 4444; x_wconf 85' lang='lat' dir='ltr'>sancti</span> <span class='ocrx_word' id='word_1_779' title='bbox 1338 4385 1450 4441; x_wconf 74' lang='lat' dir='ltr'>Thomas</span> <span class='ocrx_word' id='word_1_780' title='bbox 1458 4386 1593 4457; x_wconf 89' lang='lat' dir='ltr'>Apostoli.</span> <span class='ocrx_word' id='word_1_781' title='bbox 1606 4387 1709 4455; x_wconf 74' lang='lat' dir='ltr'>nome,</span> 
     </span>
    </p>
   </div>
   <div class='ocr_carea' id='block_1_19' title="bbox 16 4459 857 5660">
    <p class='ocr_par' dir='ltr' id='par_1_30' title="bbox 51 4459 857 5149">
     <span class='ocr_line' id='line_1_112' title="bbox 55 4459 857 4535; baseline 0.007 -23"><span class='ocrx_word' id='word_1_782' title='bbox 55 4473 86 4512; x_wconf 84' lang='lat' dir='ltr'>in</span> <span class='ocrx_word' id='word_1_783' title='bbox 102 4459 172 4515; x_wconf 82' lang='lat' dir='ltr'>festo</span> <span class='ocrx_word' id='word_1_784' title='bbox 182 4461 291 4518; x_wconf 85' lang='lat' dir='ltr'>Paschae</span> <span class='ocrx_word' id='word_1_785' title='bbox 307 4462 510 4520; x_wconf 85' lang='lat' dir='ltr'>Eucharistiam</span> <span class='ocrx_word' id='word_1_786' title='bbox 526 4462 672 4535; x_wconf 89' lang='lat' dir='ltr'>accipiant,</span> <span class='ocrx_word' id='word_1_787' title='bbox 688 4471 715 4518; x_wconf 88' lang='lat' dir='ltr'>et</span> <span class='ocrx_word' id='word_1_788' title='bbox 733 4474 763 4519; x_wconf 93' lang='lat' dir='ltr'>ut</span> <span class='ocrx_word' id='word_1_789' title='bbox 777 4464 857 4521; x_wconf 89' lang='lat' dir='ltr'>ordi-</span> 
     </span>
     <span class='ocr_line' id='line_1_113' title="bbox 55 4530 857 4606; baseline 0.01 -23"><span class='ocrx_word' id='word_1_790' title='bbox 55 4530 184 4585; x_wconf 87' lang='lat' dir='ltr'>nationes</span> <span class='ocrx_word' id='word_1_791' title='bbox 200 4533 460 4604; x_wconf 82' lang='lat' dir='ltr'>presbyterorumac</span> <span class='ocrx_word' id='word_1_792' title='bbox 475 4534 644 4600; x_wconf 79' lang='lat' dir='ltr'>Lesitarum,</span> <span class='ocrx_word' id='word_1_793' title='bbox 659 4541 779 4606; x_wconf 92' lang='lat' dir='ltr'>tempore</span> <span class='ocrx_word' id='word_1_794' title='bbox 796 4542 857 4590; x_wconf 90' lang='lat' dir='ltr'>sta-</span> 
     </span>
     <span class='ocr_line' id='line_1_114' title="bbox 55 4603 856 4676; baseline 0.009 -22"><span class='ocrx_word' id='word_1_795' title='bbox 55 4607 116 4654; x_wconf 88' lang='lat' dir='ltr'>tuto</span> <span class='ocrx_word' id='word_1_796' title='bbox 136 4603 298 4657; x_wconf 87' lang='lat' dir='ltr'>solemniter</span> <span class='ocrx_word' id='word_1_797' title='bbox 318 4604 424 4671; x_wconf 83' lang='lat' dir='ltr'>tierent,</span> <span class='ocrx_word' id='word_1_798' title='bbox 440 4604 594 4660; x_wconf 90' lang='lat' dir='ltr'>constituit.</span> <span class='ocrx_word' id='word_1_799' title='bbox 613 4630 621 4653; x_wconf 82' lang='lat'><strong>·</strong></span> <span class='ocrx_word' id='word_1_800' title='bbox 643 4606 856 4676; x_wconf 86' lang='lat' dir='ltr'>Sequunturan·</span> 
     </span>
     <span class='ocr_line' id='line_1_115' title="bbox 55 4671 856 4732; baseline 0.01 -8"><span class='ocrx_word' id='word_1_801' title='bbox 55 4671 249 4727; x_wconf 89' lang='lat' dir='ltr'>nuntiationes</span> <span class='ocrx_word' id='word_1_802' title='bbox 269 4675 302 4729; x_wconf 90' lang='lat' dir='ltr'>ad</span> <span class='ocrx_word' id='word_1_803' title='bbox 318 4675 436 4730; x_wconf 88' lang='lat' dir='ltr'>lubitum</span> <span class='ocrx_word' id='word_1_804' title='bbox 455 4675 595 4731; x_wconf 76' lang='lat' dir='ltr'>formatae:</span> <span class='ocrx_word' id='word_1_805' title='bbox 620 4677 672 4731; x_wconf 79' lang='lat' dir='ltr'>«In</span> <span class='ocrx_word' id='word_1_806' title='bbox 689 4677 783 4732; x_wconf 86' lang='lat' dir='ltr'>Tracia</span> <span class='ocrx_word' id='word_1_807' title='bbox 811 4678 856 4732; x_wconf 91' lang='lat' dir='ltr'>ci-</span> 
     </span>
     <span class='ocr_line' id='line_1_116' title="bbox 54 4741 854 4816; baseline 0.011 -22"><span class='ocrx_word' id='word_1_808' title='bbox 54 4741 141 4798; x_wconf 88' lang='lat' dir='ltr'>vitate</span> <span class='ocrx_word' id='word_1_809' title='bbox 156 4742 290 4814; x_wconf 86' lang='lat' dir='ltr'>Gelduba,</span> <span class='ocrx_word' id='word_1_810' title='bbox 309 4747 397 4801; x_wconf 88' lang='lat' dir='ltr'>natale</span> <span class='ocrx_word' id='word_1_811' title='bbox 412 4754 572 4801; x_wconf 88' lang='lat' dir='ltr'>sanctornm</span> <span class='ocrx_word' id='word_1_812' title='bbox 587 4747 654 4802; x_wconf 83' lang='lat' dir='ltr'>lolii</span> <span class='ocrx_word' id='word_1_813' title='bbox 672 4749 715 4803; x_wconf 88' lang='lat' dir='ltr'>vel</span> <span class='ocrx_word' id='word_1_814' title='bbox 739 4748 854 4816; x_wconf 83' lang='lat' dir='ltr'>iuliani,</span> 
     </span>
     <span class='ocr_line' id='line_1_117' title="bbox 53 4813 856 4892; baseline 0.01 -26"><span class='ocrx_word' id='word_1_815' title='bbox 53 4819 81 4866; x_wconf 89' lang='lat' dir='ltr'>et</span> <span class='ocrx_word' id='word_1_816' title='bbox 90 4813 229 4892; x_wconf 79' lang='lat' dir='ltr'>Liberali.</span> <span class='ocrx_word' id='word_1_817' title='bbox 243 4817 308 4870; x_wconf 91' lang='lat' dir='ltr'>ltem</span> <span class='ocrx_word' id='word_1_818' title='bbox 322 4818 349 4870; x_wconf 91' lang='lat' dir='ltr'>in</span> <span class='ocrx_word' id='word_1_819' title='bbox 364 4817 535 4887; x_wconf 90' lang='lat' dir='ltr'>Amphitrea,</span> <span class='ocrx_word' id='word_1_820' title='bbox 552 4827 707 4875; x_wconf 89' lang='lat' dir='ltr'>sanctornm</span> <span class='ocrx_word' id='word_1_821' title='bbox 731 4818 856 4891; x_wconf 87' lang='lat' dir='ltr'>Gregorii</span> 
     </span>
     <span class='ocr_line' id='line_1_118' title="bbox 52 4884 855 4956; baseline 0.009 -19"><span class='ocrx_word' id='word_1_822' title='bbox 52 4884 177 4955; x_wconf 84' lang='lat' dir='ltr'>episcopi</span> <span class='ocrx_word' id='word_1_823' title='bbox 189 4893 216 4938; x_wconf 92' lang='lat' dir='ltr'>et</span> <span class='ocrx_word' id='word_1_824' title='bbox 226 4886 367 4942; x_wconf 79' lang='lat' dir='ltr'>Liberali·</span> <span class='ocrx_word' id='word_1_825' title='bbox 378 4889 407 4941; x_wconf 93' lang='lat' dir='ltr'>ln</span> <span class='ocrx_word' id='word_1_826' title='bbox 419 4889 624 4956; x_wconf 78' lang='lat' dir='ltr'>Alexandrinis,</span> <span class='ocrx_word' id='word_1_827' title='bbox 641 4891 755 4946; x_wconf 91' lang='lat' dir='ltr'>cumino</span> <span class='ocrx_word' id='word_1_828' title='bbox 782 4908 855 4947; x_wconf 81' lang='lat' dir='ltr'>rurus</span> 
     </span>
     <span class='ocr_line' id='line_1_119' title="bbox 53 4909 854 5026; baseline 0.01 -19"><span class='ocrx_word' id='word_1_829' title='bbox 53 4969 109 5008; x_wconf 93' lang='lat' dir='ltr'>non</span> <span class='ocrx_word' id='word_1_830' title='bbox 126 4963 178 5009; x_wconf 84' lang='lat' dir='ltr'>est.</span> <span class='ocrx_word' id='word_1_831' title='bbox 195 4955 299 5026; x_wconf 86' lang='lat' dir='ltr'>Adjicit</span> <span class='ocrx_word' id='word_1_832' title='bbox 314 4958 341 5011; x_wconf 95' lang='lat' dir='ltr'>in</span> <span class='ocrx_word' id='word_1_833' title='bbox 358 4957 430 5013; x_wconf 88' lang='lat' dir='ltr'>flne:</span> <span class='ocrx_word' id='word_1_834' title='bbox 450 4960 501 5012; x_wconf 79' lang='lat' dir='ltr'>«ln</span> <span class='ocrx_word' id='word_1_835' title='bbox 519 4959 641 5026; x_wconf 90' lang='lat' dir='ltr'>Oriente,</span> <span class='ocrx_word' id='word_1_836' title='bbox 658 4909 854 5017; x_wconf 70' lang='lat' dir='ltr'>sancten&#39;ieclae</span> 
     </span>
     <span class='ocr_line' id='line_1_120' title="bbox 51 5025 854 5149; baseline 0.009 -71"><span class='ocrx_word' id='word_1_837' title='bbox 51 5025 195 5149; x_wconf 55' lang='lat' dir='ltr'>pirginisa</span> <span class='ocrx_word' id='word_1_838' title='bbox 207 5027 275 5082; x_wconf 89' lang='lat' dir='ltr'>Vide</span> <span class='ocrx_word' id='word_1_839' title='bbox 284 5044 343 5099; x_wconf 76' lang='lat' dir='ltr'>qnae</span> <span class='ocrx_word' id='word_1_840' title='bbox 353 5028 385 5083; x_wconf 92' lang='lat' dir='ltr'>de</span> <span class='ocrx_word' id='word_1_841' title='bbox 398 5030 499 5084; x_wconf 88' lang='lat' dir='ltr'>Thecla</span> <span class='ocrx_word' id='word_1_842' title='bbox 509 5030 632 5085; x_wconf 89' lang='lat' dir='ltr'>diximus</span> <span class='ocrx_word' id='word_1_843' title='bbox 648 5047 719 5084; x_wconf 85' lang='lat' dir='ltr'>xxm</span> <span class='ocrx_word' id='word_1_844' title='bbox 735 5032 854 5101; x_wconf 84' lang='lat' dir='ltr'>Septem·</span> 
     </span>
    </p>

    <p class='ocr_par' dir='ltr' id='par_1_31' title="bbox 73 5111 489 5159">
     <span class='ocr_line' id='line_1_121' title="bbox 73 5111 489 5159; baseline 0.005 -10"><span class='ocrx_word' id='word_1_845' title='bbox 73 5111 122 5150; x_wconf 88' lang='lat' dir='ltr'>ns.</span> <span class='ocrx_word' id='word_1_846' title='bbox 485 5151 489 5159; x_wconf 55' lang='lat'>,</span> 
     </span>
    </p>

    <p class='ocr_par' dir='ltr' id='par_1_32' title="bbox 16 5167 856 5660">
     <span class='ocr_line' id='line_1_122' title="bbox 88 5167 855 5241; baseline 0.008 -22"><span class='ocrx_word' id='word_1_847' title='bbox 88 5167 272 5223; x_wconf 79' lang='lat' dir='ltr'>Hannxoxes.</span> <span class='ocrx_word' id='word_1_848' title='bbox 291 5168 388 5241; x_wconf 90' lang='lat' dir='ltr'>incipit</span> <span class='ocrx_word' id='word_1_849' title='bbox 402 5173 502 5225; x_wconf 91' lang='lat' dir='ltr'>etiam:</span> <span class='ocrx_word' id='word_1_850' title='bbox 528 5173 653 5238; x_wconf 77' lang='lat' dir='ltr'>·llome,</span> <span class='ocrx_word' id='word_1_851' title='bbox 671 5172 761 5225; x_wconf 89' lang='lat' dir='ltr'>natale</span> <span class='ocrx_word' id='word_1_852' title='bbox 787 5188 855 5225; x_wconf 88' lang='lat' dir='ltr'>san-</span> 
     </span>
     <span class='ocr_line' id='line_1_123' title="bbox 16 5235 856 5314; baseline 0.005 -21"><span class='ocrx_word' id='word_1_853' title='bbox 16 5274 19 5279; x_wconf 86' lang='lat'>·</span> <span class='ocrx_word' id='word_1_854' title='bbox 50 5235 90 5293; x_wconf 82' lang='lat' dir='ltr'>ati</span> <span class='ocrx_word' id='word_1_855' title='bbox 107 5238 256 5309; x_wconf 87' lang='lat' dir='ltr'>Zepherini</span> <span class='ocrx_word' id='word_1_856' title='bbox 282 5255 356 5312; x_wconf 86' lang='lat' dir='ltr'>papae</span> <span class='ocrx_word' id='word_1_857' title='bbox 375 5248 401 5294; x_wconf 92' lang='lat' dir='ltr'>et</span> <span class='ocrx_word' id='word_1_858' title='bbox 424 5244 562 5313; x_wconf 83' lang='lat' dir='ltr'>martyris,</span> <span class='ocrx_word' id='word_1_859' title='bbox 580 5244 607 5296; x_wconf 92' lang='lat' dir='ltr'>in</span> <span class='ocrx_word' id='word_1_860' title='bbox 624 5244 667 5295; x_wconf 80' lang='lat' dir='ltr'>uia</span> <span class='ocrx_word' id='word_1_861' title='bbox 682 5243 779 5314; x_wconf 88' lang='lat' dir='ltr'>Appia.</span> <span class='ocrx_word' id='word_1_862' title='bbox 807 5242 856 5298; x_wconf 88' lang='lat' dir='ltr'>llic</span> 
     </span>
     <span class='ocr_line' id='line_1_124' title="bbox 50 5309 854 5378; baseline 0.004 -14"><span class='ocrx_word' id='word_1_863' title='bbox 50 5309 212 5378; x_wconf 88' lang='lat' dir='ltr'>constituit,</span> <span class='ocrx_word' id='word_1_864' title='bbox 243 5320 273 5366; x_wconf 92' lang='lat' dir='ltr'>ut</span> <span class='ocrx_word' id='word_1_865' title='bbox 304 5328 399 5366; x_wconf 90' lang='lat' dir='ltr'>ornnes</span> <span class='ocrx_word' id='word_1_866' title='bbox 426 5313 575 5369; x_wconf 85' lang='lat' dir='ltr'>Christiani</span> <span class='ocrx_word' id='word_1_867' title='bbox 596 5313 741 5366; x_wconf 76' lang='lat' dir='ltr'>ultierdecim</span> <span class='ocrx_word' id='word_1_868' title='bbox 770 5329 854 5367; x_wconf 86' lang='lat' dir='ltr'>anno·</span> 
     </span>
     <span class='ocr_line' id='line_1_125' title="bbox 50 5380 852 5451; baseline 0.005 -18"><span class='ocrx_word' id='word_1_869' title='bbox 50 5394 127 5444; x_wconf 88' lang='lat' dir='ltr'>rum,</span> <span class='ocrx_word' id='word_1_870' title='bbox 141 5380 324 5451; x_wconf 90' lang='lat' dir='ltr'>inpraesentia</span> <span class='ocrx_word' id='word_1_871' title='bbox 337 5383 500 5438; x_wconf 85' lang='lat' dir='ltr'>clericorum</span> <span class='ocrx_word' id='word_1_872' title='bbox 518 5391 544 5438; x_wconf 90' lang='lat' dir='ltr'>et</span> <span class='ocrx_word' id='word_1_873' title='bbox 568 5383 701 5438; x_wconf 80' lang='lat' dir='ltr'>laicorum</span> <span class='ocrx_word' id='word_1_874' title='bbox 718 5383 852 5450; x_wconf 87' lang='lat' dir='ltr'>bdelium,</span> 
     </span>
     <span class='ocr_line' id='line_1_126' title="bbox 49 5450 853 5524; baseline 0.002 -19"><span class='ocrx_word' id='word_1_875' title='bbox 49 5450 259 5506; x_wconf 85' lang='lat' dir='ltr'>Eucharistiam</span> <span class='ocrx_word' id='word_1_876' title='bbox 272 5453 300 5507; x_wconf 92' lang='lat' dir='ltr'>in</span> <span class='ocrx_word' id='word_1_877' title='bbox 310 5453 355 5508; x_wconf 91' lang='lat' dir='ltr'>die</span> <span class='ocrx_word' id='word_1_878' title='bbox 369 5454 488 5521; x_wconf 72' lang='lat' dir='ltr'>Paschae,</span> <span class='ocrx_word' id='word_1_879' title='bbox 500 5455 630 5509; x_wconf 86' lang='lat' dir='ltr'>deberent</span> <span class='ocrx_word' id='word_1_880' title='bbox 641 5453 774 5524; x_wconf 88' lang='lat' dir='ltr'>accipere.</span> <span class='ocrx_word' id='word_1_881' title='bbox 787 5456 853 5508; x_wconf 87' lang='lat' dir='ltr'>ltem</span> 
     </span>
     <span class='ocr_line' id='line_1_127' title="bbox 49 5522 854 5589; baseline 0.004 -13"><span class='ocrx_word' id='word_1_882' title='bbox 49 5522 161 5589; x_wconf 82' lang='lat' dir='ltr'>statuit,</span> <span class='ocrx_word' id='word_1_883' title='bbox 174 5530 204 5575; x_wconf 94' lang='lat' dir='ltr'>nt</span> <span class='ocrx_word' id='word_1_884' title='bbox 218 5524 313 5578; x_wconf 90' lang='lat' dir='ltr'>omnia</span> <span class='ocrx_word' id='word_1_885' title='bbox 323 5540 388 5578; x_wconf 88' lang='lat' dir='ltr'>vasa</span> <span class='ocrx_word' id='word_1_886' title='bbox 400 5527 494 5580; x_wconf 90' lang='lat' dir='ltr'>altaris</span> <span class='ocrx_word' id='word_1_887' title='bbox 505 5529 591 5579; x_wconf 85' lang='lat' dir='ltr'>vitrea</span> <span class='ocrx_word' id='word_1_888' title='bbox 610 5525 653 5578; x_wconf 78' lang='lat' dir='ltr'>uel</span> <span class='ocrx_word' id='word_1_889' title='bbox 670 5530 782 5578; x_wconf 87' lang='lat' dir='ltr'>stannea</span> <span class='ocrx_word' id='word_1_890' title='bbox 797 5540 854 5579; x_wconf 88' lang='lat' dir='ltr'>esse</span> 
     </span>
     <span class='ocr_line' id='line_1_128' title="bbox 53 5592 854 5660; baseline 0.004 -13"><span class='ocrx_word' id='word_1_891' title='bbox 53 5592 199 5660; x_wconf 87' lang='lat' dir='ltr'>deberent,</span> <span class='ocrx_word' id='word_1_892' title='bbox 216 5602 243 5648; x_wconf 91' lang='lat' dir='ltr'>et</span> <span class='ocrx_word' id='word_1_893' title='bbox 254 5602 284 5649; x_wconf 86' lang='lat' dir='ltr'>ut</span> <span class='ocrx_word' id='word_1_894' title='bbox 296 5595 406 5651; x_wconf 90' lang='lat' dir='ltr'>ordines</span> <span class='ocrx_word' id='word_1_895' title='bbox 416 5597 586 5652; x_wconf 90' lang='lat' dir='ltr'>sacerdotum</span> <span class='ocrx_word' id='word_1_896' title='bbox 598 5603 624 5649; x_wconf 92' lang='lat' dir='ltr'>et</span> <span class='ocrx_word' id='word_1_897' title='bbox 641 5595 786 5649; x_wconf 87' lang='lat' dir='ltr'>levitarum</span> <span class='ocrx_word' id='word_1_898' title='bbox 802 5603 854 5650; x_wconf 91' lang='lat' dir='ltr'>sta·</span> 
     </span>
    </p>
   </div>
   <div class='ocr_carea' id='block_1_20' title="bbox 52 5665 852 5744">
    <p class='ocr_par' dir='ltr' id='par_1_33' title="bbox 52 5665 852 5744">
     <span class='ocr_line' id='line_1_129' title="bbox 52 5665 852 5744; baseline -0.01 -15"><span class='ocrx_word' id='word_1_899' title='bbox 52 5672 119 5723; x_wconf 64' lang='lat' dir='ltr'>toto</span> <span class='ocrx_word' id='word_1_900' title='bbox 145 5677 270 5744; x_wconf 85' lang='lat' dir='ltr'>ternpore</span> <span class='ocrx_word' id='word_1_901' title='bbox 292 5672 401 5742; x_wconf 80' lang='lat' dir='ltr'>flerent,</span> <span class='ocrx_word' id='word_1_902' title='bbox 416 5681 443 5730; x_wconf 90' lang='lat' dir='ltr'>et</span> <span class='ocrx_word' id='word_1_903' title='bbox 457 5689 548 5731; x_wconf 83' lang='lat' dir='ltr'>corani</span> <span class='ocrx_word' id='word_1_904' title='bbox 575 5671 672 5727; x_wconf 81' lang='lat' dir='ltr'>inultis</span> <span class='ocrx_word' id='word_1_905' title='bbox 691 5665 852 5723; x_wconf 87' lang='lat' dir='ltr'>astantibus.</span> 
     </span>
    </p>
   </div>
   <div class='ocr_carea' id='block_1_21' title="bbox 909 4456 1711 5732">
    <p class='ocr_par' dir='ltr' id='par_1_34' title="bbox 910 4456 1711 5032">
     <span class='ocr_line' id='line_1_130' title="bbox 911 4456 1711 4541; baseline -0.008 -23"><span class='ocrx_word' id='word_1_906' title='bbox 911 4461 1046 4533; x_wconf 85' lang='lat' dir='ltr'>depositio</span> <span class='ocrx_word' id='word_1_907' title='bbox 1057 4460 1128 4516; x_wconf 91' lang='lat' dir='ltr'>beati</span> <span class='ocrx_word' id='word_1_908' title='bbox 1140 4457 1266 4541; x_wconf 88' lang='lat' dir='ltr'>Zeperini</span> <span class='ocrx_word' id='word_1_909' title='bbox 1281 4457 1412 4536; x_wconf 87' lang='lat' dir='ltr'>episcopi.</span> <span class='ocrx_word' id='word_1_910' title='bbox 1428 4457 1460 4515; x_wconf 91' lang='lat' dir='ltr'>ln</span> <span class='ocrx_word' id='word_1_911' title='bbox 1484 4456 1605 4538; x_wconf 81' lang='lat' dir='ltr'>Oriente,</span> <span class='ocrx_word' id='word_1_912' title='bbox 1622 4456 1711 4514; x_wconf 88' lang='lat' dir='ltr'>sancti</span> 
     </span>
     <span class='ocr_line' id='line_1_131' title="bbox 911 4527 1710 4603; baseline -0.008 -14"><span class='ocrx_word' id='word_1_913' title='bbox 911 4531 1049 4589; x_wconf 89' lang='lat' dir='ltr'>Anastasii</span> <span class='ocrx_word' id='word_1_914' title='bbox 1065 4533 1184 4603; x_wconf 84' lang='lat' dir='ltr'>episcopi</span> <span class='ocrx_word' id='word_1_915' title='bbox 1196 4537 1223 4585; x_wconf 92' lang='lat' dir='ltr'>et</span> <span class='ocrx_word' id='word_1_916' title='bbox 1237 4528 1411 4584; x_wconf 83' lang='lat' dir='ltr'>confessoris</span> <span class='ocrx_word' id='word_1_917' title='bbox 1423 4528 1454 4587; x_wconf 94' lang='lat' dir='ltr'>ln</span> <span class='ocrx_word' id='word_1_918' title='bbox 1466 4527 1638 4598; x_wconf 83' lang='lat' dir='ltr'>Arrrphrtrea,</span> <span class='ocrx_word' id='word_1_919' title='bbox 1650 4544 1710 4583; x_wconf 86' lang='lat' dir='ltr'>san·</span> 
     </span>
     <span class='ocr_line' id='line_1_132' title="bbox 910 4598 1709 4680; baseline -0.006 -22"><span class='ocrx_word' id='word_1_920' title='bbox 910 4603 948 4659; x_wconf 92' lang='lat' dir='ltr'>cti</span> <span class='ocrx_word' id='word_1_921' title='bbox 962 4603 1085 4674; x_wconf 88' lang='lat' dir='ltr'>Gregorii</span> <span class='ocrx_word' id='word_1_922' title='bbox 1103 4602 1223 4675; x_wconf 84' lang='lat' dir='ltr'>episcopi</span> <span class='ocrx_word' id='word_1_923' title='bbox 1237 4611 1264 4657; x_wconf 89' lang='lat' dir='ltr'>et</span> <span class='ocrx_word' id='word_1_924' title='bbox 1283 4598 1457 4656; x_wconf 79' lang='lat' dir='ltr'>confessoris.</span> <span class='ocrx_word' id='word_1_925' title='bbox 1477 4624 1485 4647; x_wconf 77' lang='grc' dir='ltr'>ι</span> <span class='ocrx_word' id='word_1_926' title='bbox 1514 4600 1554 4654; x_wconf 86' lang='lat' dir='ltr'>lta</span> <span class='ocrx_word' id='word_1_927' title='bbox 1577 4598 1709 4680; x_wconf 84' lang='lat' dir='ltr'>paulatim</span> 
     </span>
     <span class='ocr_line' id='line_1_133' title="bbox 911 4668 1710 4742; baseline -0.006 -12"><span class='ocrx_word' id='word_1_928' title='bbox 911 4691 945 4731; x_wconf 88' lang='lat' dir='ltr'>ex</span> <span class='ocrx_word' id='word_1_929' title='bbox 960 4676 1022 4729; x_wconf 83' lang='lat' dir='ltr'>aliis</span> <span class='ocrx_word' id='word_1_930' title='bbox 1032 4681 1219 4740; x_wconf 82' lang='lat' dir='ltr'>accreverunt,</span> <span class='ocrx_word' id='word_1_931' title='bbox 1254 4673 1283 4727; x_wconf 90' lang='lat' dir='ltr'>ui</span> <span class='ocrx_word' id='word_1_932' title='bbox 1295 4674 1322 4726; x_wconf 90' lang='lat' dir='ltr'>in</span> <span class='ocrx_word' id='word_1_933' title='bbox 1334 4668 1556 4742; x_wconf 78' lang='lat' dir='ltr'>hieronymianis</span> <span class='ocrx_word' id='word_1_934' title='bbox 1572 4671 1620 4725; x_wconf 80' lang='lat' dir='ltr'>rix</span> <span class='ocrx_word' id='word_1_935' title='bbox 1631 4669 1710 4726; x_wconf 82' lang='lat' dir='ltr'>indr-</span> 
     </span>
     <span class='ocr_line' id='line_1_134' title="bbox 910 4690 1708 4816; baseline -0.006 -15"><span class='ocrx_word' id='word_1_936' title='bbox 910 4745 962 4801; x_wconf 91' lang='lat' dir='ltr'>cati</span> <span class='ocrx_word' id='word_1_937' title='bbox 979 4754 1051 4800; x_wconf 90' lang='lat' dir='ltr'>snut.</span> <span class='ocrx_word' id='word_1_938' title='bbox 1075 4744 1184 4816; x_wconf 92' lang='lat' dir='ltr'>Pergit:</span> <span class='ocrx_word' id='word_1_939' title='bbox 1210 4770 1219 4792; x_wconf 82' lang='grc' dir='ltr'>ι</span> <span class='ocrx_word' id='word_1_940' title='bbox 1234 4690 1265 4799; x_wconf 67' lang='lat' dir='ltr'>in</span> <span class='ocrx_word' id='word_1_941' title='bbox 1281 4743 1422 4808; x_wconf 87' lang='lat' dir='ltr'>Hibernia,</span> <span class='ocrx_word' id='word_1_942' title='bbox 1444 4741 1531 4797; x_wconf 80' lang='lat' dir='ltr'>sanct-i</span> <span class='ocrx_word' id='word_1_943' title='bbox 1555 4742 1644 4814; x_wconf 87' lang='lat' dir='ltr'>Fregi,</span> <span class='ocrx_word' id='word_1_944' title='bbox 1662 4742 1708 4797; x_wconf 92' lang='lat' dir='ltr'>ab·</span> 
     </span>
     <span class='ocr_line' id='line_1_135' title="bbox 910 4811 1708 4894; baseline -0.008 -23"><span class='ocrx_word' id='word_1_945' title='bbox 910 4816 990 4871; x_wconf 93' lang='lat' dir='ltr'>batis.</span> <span class='ocrx_word' id='word_1_946' title='bbox 1007 4818 1085 4884; x_wconf 87' lang='lat' dir='ltr'>Item,</span> <span class='ocrx_word' id='word_1_947' title='bbox 1102 4816 1186 4872; x_wconf 75' lang='lat' dir='ltr'>neam</span> <span class='ocrx_word' id='word_1_948' title='bbox 1199 4813 1338 4871; x_wconf 74' lang='lat' dir='ltr'>memoriae</span> <span class='ocrx_word' id='word_1_949' title='bbox 1354 4813 1579 4894; x_wconf 27' lang='lat' dir='ltr'>HenricilCallrar</span> <span class='ocrx_word' id='word_1_950' title='bbox 1598 4811 1708 4891; x_wconf 73' lang='lat' dir='ltr'>presby-</span> 
     </span>
     <span class='ocr_line' id='line_1_136' title="bbox 910 4885 1707 4963; baseline -0.008 -21"><span class='ocrx_word' id='word_1_951' title='bbox 910 4888 960 4942; x_wconf 91' lang='lat' dir='ltr'>teri</span> <span class='ocrx_word' id='word_1_952' title='bbox 977 4896 1003 4942; x_wconf 91' lang='lat' dir='ltr'>et</span> <span class='ocrx_word' id='word_1_953' title='bbox 1030 4887 1204 4952; x_wconf 86' lang='lat' dir='ltr'>co·rlessoris,</span> <span class='ocrx_word' id='word_1_954' title='bbox 1221 4885 1327 4941; x_wconf 90' lang='lat' dir='ltr'>ordinis</span> <span class='ocrx_word' id='word_1_955' title='bbox 1354 4885 1568 4952; x_wconf 88' lang='lat' dir='ltr'>Carthusrensis,</span> <span class='ocrx_word' id='word_1_956' title='bbox 1583 4897 1707 4963; x_wconf 35' lang='lat' dir='ltr'>&#39;exemia</span> 
     </span>
     <span class='ocr_line' id='line_1_137' title="bbox 910 4955 1704 5032; baseline -0.008 -19"><span class='ocrx_word' id='word_1_957' title='bbox 910 4959 1064 5016; x_wconf 88' lang='lat' dir='ltr'>sanctitatis</span> <span class='ocrx_word' id='word_1_958' title='bbox 1075 4959 1137 5014; x_wconf 86' lang='lat' dir='ltr'>uiri.</span> <span class='ocrx_word' id='word_1_959' title='bbox 1149 4959 1179 5013; x_wconf 93' lang='lat' dir='ltr'>ln</span> <span class='ocrx_word' id='word_1_960' title='bbox 1198 4958 1309 5012; x_wconf 88' lang='lat' dir='ltr'>Oriente</span> <span class='ocrx_word' id='word_1_961' title='bbox 1327 4965 1426 5011; x_wconf 83' lang='lat' dir='ltr'>sancte</span> <span class='ocrx_word' id='word_1_962' title='bbox 1441 4955 1547 5009; x_wconf 71' lang='lat' dir='ltr'>Theclae</span> <span class='ocrx_word' id='word_1_963' title='bbox 1561 4967 1704 5032; x_wconf 41' lang='lat' dir='ltr'>virginae·</span> 
     </span>
    </p>

    <p class='ocr_par' dir='ltr' id='par_1_35' title="bbox 909 5023 1706 5732">
     <span class='ocr_line' id='line_1_138' title="bbox 945 5023 1706 5093; baseline -0.012 -10"><span class='ocrx_word' id='word_1_964' title='bbox 945 5029 1052 5083; x_wconf 74' lang='lat' dir='ltr'>blenau.</span> <span class='ocrx_word' id='word_1_965' title='bbox 1073 5030 1102 5082; x_wconf 94' lang='lat' dir='ltr'>in</span> <span class='ocrx_word' id='word_1_966' title='bbox 1118 5029 1171 5083; x_wconf 85' lang='lat' dir='ltr'>bne</span> <span class='ocrx_word' id='word_1_967' title='bbox 1195 5044 1230 5082; x_wconf 88' lang='lat' dir='ltr'>ex</span> <span class='ocrx_word' id='word_1_968' title='bbox 1245 5029 1341 5082; x_wconf 72' lang='lat' dir='ltr'>listis.</span> <span class='ocrx_word' id='word_1_969' title='bbox 1367 5023 1522 5093; x_wconf 87' lang='lat' dir='ltr'>descripsit,</span> <span class='ocrx_word' id='word_1_970' title='bbox 1546 5032 1596 5077; x_wconf 80' lang='lat' dir='ltr'>«et</span> <span class='ocrx_word' id='word_1_971' title='bbox 1619 5027 1706 5075; x_wconf 84' lang='lat' dir='ltr'>sancti</span> 
     </span>
     <span class='ocr_line' id='line_1_139' title="bbox 909 5090 1706 5169; baseline -0.011 -16"><span class='ocrx_word' id='word_1_972' title='bbox 909 5098 1032 5169; x_wconf 85' lang='lat' dir='ltr'>Gregorii</span> <span class='ocrx_word' id='word_1_973' title='bbox 1062 5099 1192 5169; x_wconf 86' lang='lat' dir='ltr'>episcopi.</span> <span class='ocrx_word' id='word_1_974' title='bbox 1212 5100 1313 5163; x_wconf 77' lang='lat' dir='ltr'>Rome,</span> <span class='ocrx_word' id='word_1_975' title='bbox 1340 5094 1475 5165; x_wconf 87' lang='lat' dir='ltr'>depositio</span> <span class='ocrx_word' id='word_1_976' title='bbox 1490 5093 1575 5147; x_wconf 87' lang='lat' dir='ltr'>sancti</span> <span class='ocrx_word' id='word_1_977' title='bbox 1601 5090 1706 5161; x_wconf 90' lang='lat' dir='ltr'>Zephy-</span> 
     </span>
     <span class='ocr_line' id='line_1_140' title="bbox 910 5161 1705 5243; baseline -0.01 -20"><span class='ocrx_word' id='word_1_978' title='bbox 910 5169 963 5223; x_wconf 92' lang='lat' dir='ltr'>rini</span> <span class='ocrx_word' id='word_1_979' title='bbox 979 5170 1110 5243; x_wconf 88' lang='lat' dir='ltr'>episcopi.</span> <span class='ocrx_word' id='word_1_980' title='bbox 1127 5171 1194 5223; x_wconf 88' lang='lat' dir='ltr'>ltern</span> <span class='ocrx_word' id='word_1_981' title='bbox 1208 5168 1302 5222; x_wconf 75' lang='lat' dir='ltr'>elidem</span> <span class='ocrx_word' id='word_1_982' title='bbox 1314 5166 1368 5233; x_wconf 89' lang='lat' dir='ltr'>die,</span> <span class='ocrx_word' id='word_1_983' title='bbox 1383 5165 1479 5235; x_wconf 85' lang='lat' dir='ltr'>vigilia</span> <span class='ocrx_word' id='word_1_984' title='bbox 1489 5163 1576 5243; x_wconf 78' lang='lat' dir='ltr'>sancti</span> <span class='ocrx_word' id='word_1_985' title='bbox 1593 5161 1705 5216; x_wconf 75' lang='lat' dir='ltr'>Thomas</span> 
     </span>
     <span class='ocr_line' id='line_1_141' title="bbox 909 5233 1705 5311; baseline -0.01 -17"><span class='ocrx_word' id='word_1_986' title='bbox 909 5239 1035 5311; x_wconf 89' lang='lat' dir='ltr'>apostoli,</span> <span class='ocrx_word' id='word_1_987' title='bbox 1052 5264 1060 5283; x_wconf 61' lang='grc' dir='ltr'>ι</span> <span class='ocrx_word' id='word_1_988' title='bbox 1083 5240 1128 5294; x_wconf 89' lang='lat' dir='ltr'>cui</span> <span class='ocrx_word' id='word_1_989' title='bbox 1143 5239 1242 5292; x_wconf 89' lang='lat' dir='ltr'>litteris</span> <span class='ocrx_word' id='word_1_990' title='bbox 1262 5236 1417 5293; x_wconf 85' lang='lat' dir='ltr'>nuinoribns</span> <span class='ocrx_word' id='word_1_991' title='bbox 1432 5233 1600 5304; x_wconf 81' lang='lat' dir='ltr'>superaddit,</span> <span class='ocrx_word' id='word_1_992' title='bbox 1624 5247 1705 5304; x_wconf 81' lang='lat' dir='ltr'>‹quae</span> 
     </span>
     <span class='ocr_line' id='line_1_142' title="bbox 910 5303 1703 5378; baseline -0.009 -14"><span class='ocrx_word' id='word_1_993' title='bbox 910 5310 1142 5364; x_wconf 84' lang='lat' dir='ltr'>inobservatione</span> <span class='ocrx_word' id='word_1_994' title='bbox 1165 5307 1265 5378; x_wconf 84' lang='lat' dir='ltr'>jejunii</span> <span class='ocrx_word' id='word_1_995' title='bbox 1294 5308 1429 5378; x_wconf 87' lang='lat' dir='ltr'>plerisque</span> <span class='ocrx_word' id='word_1_996' title='bbox 1447 5304 1514 5361; x_wconf 89' lang='lat' dir='ltr'>locis</span> <span class='ocrx_word' id='word_1_997' title='bbox 1541 5303 1703 5360; x_wconf 86' lang='lat' dir='ltr'>celebratur.</span> 
     </span>
     <span class='ocr_line' id='line_1_143' title="bbox 909 5376 1703 5448; baseline -0.009 -13"><span class='ocrx_word' id='word_1_998' title='bbox 909 5382 988 5445; x_wconf 87' lang='lat' dir='ltr'>item,</span> <span class='ocrx_word' id='word_1_999' title='bbox 1006 5379 1077 5434; x_wconf 90' lang='lat' dir='ltr'>beati</span> <span class='ocrx_word' id='word_1_1000' title='bbox 1099 5378 1266 5447; x_wconf 86' lang='lat' dir='ltr'>Philogonii‚</span> <span class='ocrx_word' id='word_1_1001' title='bbox 1289 5376 1335 5448; x_wconf 87' lang='lat' dir='ltr'>qni</span> <span class='ocrx_word' id='word_1_1002' title='bbox 1361 5392 1392 5430; x_wconf 91' lang='lat' dir='ltr'>ex</span> <span class='ocrx_word' id='word_1_1003' title='bbox 1411 5384 1526 5446; x_wconf 90' lang='lat' dir='ltr'>patrono</span> <span class='ocrx_word' id='word_1_1004' title='bbox 1549 5390 1703 5441; x_wconf 88' lang='lat' dir='ltr'>cansarum,</span> 
     </span>
     <span class='ocr_line' id='line_1_144' title="bbox 910 5445 1704 5531; baseline -0.009 -25"><span class='ocrx_word' id='word_1_1005' title='bbox 910 5452 997 5506; x_wconf 71' lang='lat' dir='ltr'>fructus</span> <span class='ocrx_word' id='word_1_1006' title='bbox 1009 5451 1225 5531; x_wconf 75' lang='lat' dir='ltr'>subepiscopus,</span> <span class='ocrx_word' id='word_1_1007' title='bbox 1236 5447 1482 5519; x_wconf 85' lang='lat' dir='ltr'>cujusmemoriam</span> <span class='ocrx_word' id='word_1_1008' title='bbox 1502 5446 1600 5517; x_wconf 90' lang='lat' dir='ltr'>insigni</span> <span class='ocrx_word' id='word_1_1009' title='bbox 1617 5445 1704 5500; x_wconf 85' lang='lat' dir='ltr'>honri·</span> 
     </span>
     <span class='ocr_line' id='line_1_145' title="bbox 909 5516 1704 5587; baseline -0.01 -10"><span class='ocrx_word' id='word_1_1010' title='bbox 909 5523 946 5577; x_wconf 92' lang='lat' dir='ltr'>lia</span> <span class='ocrx_word' id='word_1_1011' title='bbox 960 5522 1110 5577; x_wconf 82' lang='lat' dir='ltr'>celebrarit</span> <span class='ocrx_word' id='word_1_1012' title='bbox 1131 5519 1248 5573; x_wconf 84' lang='lat' dir='ltr'>ioannes</span> <span class='ocrx_word' id='word_1_1013' title='bbox 1268 5516 1587 5587; x_wconf 89' lang='lat' dir='ltr'>Constantinopolitnnns</span> <span class='ocrx_word' id='word_1_1014' title='bbox 1606 5532 1704 5586; x_wconf 90' lang='lat' dir='ltr'>cogno-</span> 
     </span>
     <span class='ocr_line' id='line_1_146' title="bbox 910 5587 1704 5661; baseline -0.005 -16"><span class='ocrx_word' id='word_1_1015' title='bbox 910 5600 1002 5645; x_wconf 90' lang='lat' dir='ltr'>mento</span> <span class='ocrx_word' id='word_1_1016' title='bbox 1017 5593 1073 5648; x_wconf 89' lang='lat' dir='ltr'>Chr</span> <span class='ocrx_word' id='word_1_1017' title='bbox 1094 5600 1239 5656; x_wconf 87' lang='lat' dir='ltr'>sostornus,</span> <span class='ocrx_word' id='word_1_1018' title='bbox 1257 5589 1377 5661; x_wconf 87' lang='lat' dir='ltr'>quinque</span> <span class='ocrx_word' id='word_1_1019' title='bbox 1392 5587 1490 5643; x_wconf 87' lang='lat' dir='ltr'>diebus</span> <span class='ocrx_word' id='word_1_1020' title='bbox 1503 5595 1565 5642; x_wconf 90' lang='lat' dir='ltr'>ante</span> <span class='ocrx_word' id='word_1_1021' title='bbox 1584 5590 1704 5642; x_wconf 85' lang='lat' dir='ltr'>natalem</span> 
     </span>
     <span class='ocr_line' id='line_1_147' title="bbox 909 5609 1705 5732; baseline -0.011 -12"><span class='ocrx_word' id='word_1_1022' title='bbox 909 5661 1023 5720; x_wconf 88' lang='lat' dir='ltr'>Christi.</span> <span class='ocrx_word' id='word_1_1023' title='bbox 1040 5688 1049 5711; x_wconf 72' lang='grc' dir='ltr'>ι</span> <span class='ocrx_word' id='word_1_1024' title='bbox 1071 5609 1141 5719; x_wconf 73' lang='lat' dir='ltr'>ilde</span> <span class='ocrx_word' id='word_1_1025' title='bbox 1155 5660 1242 5732; x_wconf 88' lang='lat' dir='ltr'>ipsam</span> <span class='ocrx_word' id='word_1_1026' title='bbox 1256 5659 1417 5717; x_wconf 89' lang='lat' dir='ltr'>concionem</span> <span class='ocrx_word' id='word_1_1027' title='bbox 1433 5658 1505 5732; x_wconf 90' lang='lat' dir='ltr'>apud</span> <span class='ocrx_word' id='word_1_1028' title='bbox 1521 5657 1633 5714; x_wconf 88' lang='lat' dir='ltr'>Surium</span> <span class='ocrx_word' id='word_1_1029' title='bbox 1652 5656 1705 5712; x_wconf 92' lang='lat' dir='ltr'>bac</span> 
     </span>
    </p>
   </div>
   <div class='ocr_carea' id='block_1_22' title="bbox 0 0 1922 6136">
    <p class='ocr_par' dir='ltr' id='par_1_36' title="bbox 0 0 1922 6136">
     <span class='ocr_line' id='line_1_148' title="bbox 0 0 1922 6136; baseline 0 0"><span class='ocrx_word' id='word_1_1030' title='bbox 0 0 1922 6136; x_wconf 95' lang='lat' dir='ltr'> </span> 
     </span>
    </p>
   </div>
  </div>
 </body>
</html>
