3834 6136
138 228 191 290 283

797 224 951 285 USUARDI
970 224 1132 284 MDNACHI

1740 222 1798 280 181

138 366 165 415 et
179 356 207 413 in
220 353 339 412 Pratiede
354 367 434 408 suuin
454 350 569 407 iaciens.
582 351 723 407 Usuardus
740 360 842 419 autem,
853 352 936 408 solita
953 354 1096 423 Aperant,
1109 356 1139 405 nt
1157 346 1251 403 videa
1271 346 1308 403 ud
1324 345 1466 403 laudatum
1482 345 1704 414 Tillemontium,
1715 355 1797 407 tomo

139 424 279 493 methodo,
290 422 449 496 panegyrim
464 422 491 478 iii
507 422 636 494 pauciora
651 422 787 492 redigens,
798 425 871 480 solos
886 424 936 479 mi-

138 501 216 566 lites:
225 497 326 554 omisso
344 508 439 567 puero,
454 497 692 550 commemoravit.
710 494 764 551 Nec
782 512 935 569 veruque

138 570 172 627 de
186 585 270 644 puero
285 568 334 622 illo
344 566 429 622 tradit
441 566 615 635 Viennensis,
627 567 695 622 adeo
708 566 849 638 explorata
859 576 933 633 sunt,

137 638 367 717 quemadmodum
400 638 591 709 gloriosissimi
623 638 734 696 Victoris
763 646 790 693 et
815 639 934 694 aliorum

137 715 222 769 trium
234 711 312 779 Acta,
321 711 355 765 ab
366 709 495 765 omnibus
504 710 622 765 eruditis
632 725 804 780 summopere
816 711 932 776 laudata,

136 792 163 841 et
176 801 192 840 a
204 783 235 841 C.
252 782 286 838 V.
302 781 450 838 Francisco
473 780 610 853 Bosqueto
625 782 744 853 primum
763 783 884 852 vulgata,
901 782 934 838 de

137 870 191 929 quo
205 855 270 910 uide
284 855 313 908 in
330 853 519 909 admonitione
534 854 634 925 praevia
650 852 785 909 Ruinaitii
801 855 872 909 inter
887 870 934 908 se-

136 929 235 999 lei-tap
272 971 278 982 .
294 924 355 982 299.
370 924 473 980 Gallice
487 923 580 980 eadem
592 925 729 981 recensuit
739 925 934 981 Tillcmoutius

136 998 238 1055 tomol
267 1042 274 1062 ,
291 1013 380 1069 apag.
395 996 589 1053 5191110011
605 997 686 1052 etiam
703 995 824 1052 Annales
839 997 933 1052 Massi·

136 1070 236 1127 lieuses
250 1069 279 1125 P.
294 1068 433 1195 Guesuady,
449 1084 509 1148 pag.
527 1068 587 1124 131.
606 1067 672 1135 Qua
691 1069 786 1124 omnia
806 1069 835 1123 in
855 1068 934 1125 Actis

136 1158 170 1198 ex
204 1139 391 1196 rolessoeluci
414 1138 533 1194 abimus.

193 1229 256 1267 orio
273 1213 422 1268 Trecensem
434 1210 534 1266 latiam
549 1210 624 1266 solus
639 1210 779 1267 Usuardus
797 1210 933 1284 superad-

136 1282 188 1351 dit,
204 1283 325 1354 antiquis
338 1281 410 1350 aliis‚
421 1290 468 1337 aut
480 1282 655 1353 preteritum,
666 1290 714 1338 aut
729 1282 861 1354 ignotam,
873 1299 933 1354 quae

135 1364 228 1412 taiueu
243 1356 322 1426 plane
335 1369 390 1408 non
406 1354 497 1408 miuus
514 1369 546 1408 ac
561 1353 671 1424 reliqui,
689 1370 724 1409 ex
737 1354 864 1409 unanimi
878 1369 934 1408 no-

136 1435 256 1482 strorum
270 1425 396 1482 codicum
411 1440 547 1480 consensu
562 1424 718 1480 Usuardina
738 1425 875 1481 censenda
892 1431 933 1481 est

136 1495 257 1552 Historia
271 1496 405 1568 passionis
419 1510 454 1550 ex
471 1494 618 1552 Camuzato
633 1511 665 1566 pa
688 1540 693 1550 .
710 1495 760 1552 381
777 1495 805 1552 10
821 1496 933 1553 Surium

134 1568 267 1624 translata
281 1573 332 1635 est,
345 1566 392 1623 sed
407 1583 489 1648 quani
504 1566 653 1622 Tricassini
668 1513 859 1640 {romptuarii
879 1585 933 1624 an-

135 1646 195 1699 ctor
208 1639 309 1697 fatetur
324 1638 475 1696 inconcinna
489 1639 674 1712 conscriptam.
689 1639 745 1694 Alii
761 1640 847 1713 magis
861 1640 932 1696 vitu-

989 424 1085 491 citato,
1104 436 1164 493 pag.
1176 419 1238 475 318.
1281 417 1370 475 otabis
1386 417 1486 473 Bedam
1504 415 1555 473 liae
1567 417 1613 499 die
1632 419 1796 547 800050οΝ.

990 512 1046 550 sam
1074 493 1174 549 referre
1196 508 1258 548 cuin
1285 489 1380 546 eodem
1401 486 1488 545 ierme
1514 491 1615 558 elogio,
1635 505 1691 562 quo
1730 491 1795 549 Ado

991 560 1662 638 pomiitxiiviilunii,ciijusqueepitomeuillicex
1672 562 1794 620 Usuardi

990 639 1063 708 stylo
1078 635 1267 692 exhibuimus.
1281 633 1409 691 Dabanus
1419 648 1499 704 supra
1509 632 1654 689 ductorem
1669 635 1794 706 sapiens,

991 710 1078 763 inulta
1099 708 1152 763 alia
1173 705 1312 777 adjunxit.
1328 706 1430 762 Verum
1445 720 1507 761 cuni
1523 719 1555 759 ea
1578 705 1613 760 ad
1634 704 1795 763 Usuardum

988 780 1104 835 minime
1124 779 1290 851 pertineant,
1311 776 1357 833 hic
1375 776 1455 832 Beda
1477 775 1560 831 areli
1601 775 1624 832 is
1648 776 1795 834 dissonan-

989 853 1066 917 tiam,
1080 867 1160 924 quam
1178 848 1306 905 nonnulli
1322 847 1431 905 codices
1446 847 1534 902 nostri
1579 848 1705 904 suardini
1722 850 1796 906 irni-

988 931 1091 991 tantur,
1108 923 1243 979 iudicasse
1257 919 1406 977 suffecerit.
1423 918 1533 991 DEdipo
1547 934 1617 991 opus
1632 929 1684 987 eat,
1705 928 1737 976 ut
1752 920 1795 977 iu·

988 996 1137 1066 telligatur,
1156 993 1223 1067 quid
1239 990 1453 1048 wandalbertus
1476 990 1560 1046 tertio
1581 1006 1632 1046 suo
1653 993 1795 1049 versiculo

988 1065 1129 1122 insinuare
1145 1065 1275 1120 voluerit.
1291 1064 1350 1119 Nisi
1365 1062 1471 1117 alludat
1484 1061 1518 1117 ad
1532 1061 1737 1119 dedicationem
1751 1079 1795 1122 ea

987 1138 1076 1193 alesia
1092 1139 1119 1193 S.
1137 1138 1221 1204 Petri,
1237 1135 1267 1190 in
1282 1151 1335 1207 qua
1350 1133 1506 1205 depositum
1530 1141 1572 1189 est
1590 1135 1680 1191 sancti
1697 1135 1796 1191 Wan-

987 1207 1110 1280 dregisili
1125 1223 1234 1279 corpus,
1244 1206 1277 1261 de
1290 1222 1344 1278 qua
1359 1205 1545 1261 meminerunt
1554 1204 1793 1278 Hieronymiaua.

987 1280 1040 1335 Sed
1053 1290 1119 1336 tunc
1136 1294 1231 1334 versus
1245 1277 1293 1333 ille
1308 1276 1343 1333 ad
1360 1276 1435 1333 diem
1450 1284 1610 1350 sequentem
1626 1277 1793 1350 pertineret.

988 1353 1028 1408 ita
1042 1351 1092 1408 bac
1106 1350 1152 1407 die
1170 1349 1273 1408 cecinit
1293 1367 1299 1404 :
1496 1376 1500 1382 ·

1051 1521 1176 1573 Praxedis
1188 1520 1306 1570 duodena
1324 1519 1433 1582 effulget
1452 1519 1561 1583 virginis
1573 1529 1651 1586 atquc

1053 1586 1188 1648 Prophetae
1200 1584 1316 1633 Danielis
1328 1585 1442 1634 nomine.
1453 1582 1632 1647 memeque.

1050 1647 1111 1712 ipsa
1124 1648 1192 1698 Luce
1210 1647 1246 1710 pii
1264 1645 1379 1696 solennis
1391 1644 1520 1695 dedicatio
1536 1645 1619 1699 Petri.

866 1764 1058 1823 AUCTARIA.

171 1869 319 1925 iloswuiin.
330 1865 402 1921 iuter
409 1863 590 1920 Massilienses
603 1871 630 1919 et
644 1860 746 1919 lutiam
758 1863 932 1930 Trecensem,
948 1865 970 1924 B
989 1862 1036 1930 liu,
1051 1860 1172 1920 Victoris
1184 1859 1283 1917 militis
1298 1869 1325 1916 et
1339 1860 1478 1934 martyris.
1491 1859 1607 1918 contriti
1621 1860 1651 1917 iu
1665 1863 1742 1919 mola
1751 1864 1792 1935 pi-

134 1938 214 2012 ponit
230 1956 235 1993 :
259 1937 384 1993 «Eodem
399 1936 454 2002 die,
470 1935 558 1990 sancti
576 1933 722 2003 Arbogasti
743 1934 933 2005 Stazburgen-

135 2010 172 2065 sis
188 2008 308 2081 episcopi
323 2015 350 2063 et
374 2006 573 2064 contessoris.»
596 2005 693 2062 Voluit
715 2005 807 2062 dicere
836 2008 933 2062 Stras-

134 2080 280 2150 carpensis,
292 2095 340 2151 pro
354 2077 563 2150 emeritinensis,
577 2079 620 2133 usi
632 2078 877 2148 Argentoratensis.

169 2152 324 2207 Puusariuri.
342 2165 427 2221 purus
439 2156 480 2205 est
495 2165 579 2222 usque
597 2149 631 2204 ad
653 2149 737 2204 sancti
756 2149 868 2207 Victoris
881 2148 931 2204 in-

134 2222 250 2291 clusive,
266 2221 313 2279 sed
326 2221 425 2277 desunt
436 2221 541 2294 reliqua
555 2222 660 2276 omnia.
780 2233 782 2237 ·

170 2292 595 2361 Aurueui.-Mix.,biriimiim.,
604 2293 726 2349 lirinum.
737 2299 765 2350 et
775 2293 929 2349 Lavinium.

133 2366 377 2423 annuntiationem
405 2365 464 2420 loca
488 2371 670 2432 commutant,
686 2364 788 2421 lutiam
816 2365 929 2419 Treceu.

133 2444 321 2510 preponentes
336 2435 503 2508 martyribus
522 2435 748 2493 Massiliensibus.
767 2437 797 2492 ln
815 2435 931 2491 110000-

134 2517 187 2565 tem
209 2509 366 2581 adjiciunt:
389 2508 518 2563 «Eodem
539 2507 595 2573 die,
614 2507 931 2579 00000Αο10000ιίΑο-

134 2579 303 2661 geiitineusis
322 2597 337 2634 e
359 2579 443 2650 iscopi
463 2588 490 2635 et
510 2579 713 2636 confessoris.»
738 2578 882 2652 videque
898 2577 931 2634 de

135 2667 194 2723 ipso
213 2650 320 2706 notavit
335 2597 478 2704 Boionius.

170 2721 292 2778 Aiuuuc.
302 2726 329 2776 et
342 2722 439 2776 Diuic.
455 2719 592 2790 incipiunt
606 2737 622 2776 a
636 2719 776 2786 Prarede;
795 2735 876 2800 quam
891 2736 931 2775 se-

37 2798 41 2806 “
134 2794 228 2865 quitur
251 2792 357 2849 Daniel.
374 2791 478 2849 Caetera
502 2791 626 2861 proxime
648 2791 865 2861 precedentibus
889 2791 931 2846 si-

134 2866 213 2919 miles
237 2870 310 2918 suut.
331 2864 362 2918 ln
386 2865 492 2918 Diuico
513 2862 547 2917 ad
576 2864 727 2935 marginem
753 2864 928 2935 apponitur:

142 2934 269 2990 «Octava
283 2933 371 2989 sancti
387 2934 596 2988 Bonaveutmae.
613 2957 622 2980 ι

169 3005 326 3063 Cauruuuri.
346 3023 352 3060 :
376 3005 498 3062 «Obitus
516 3004 639 3060 Danielis
658 3004 808 3076 propheta.
825 3006 929 3073 Roma,

133 3085 233 3133 sunctae
247 3076 378 3133 Praxedis
393 3076 518 3148 virginis.
535 3075 600 3143 Qum
613 3076 667 3131 luit
681 3093 759 3131 soror
774 3077 858 3132 beatae
874 3077 929 3130 Po-

133 3149 261 3205 tentiauae
273 3147 398 3220 virginis.
409 3147 527 3205 Civitate
538 3147 607 3203 Mass
621 3148 667 3213 lia,
678 3148 767 3218 passio
777 3147 928 3204 beatissimi

988 1934 1082 1990 storia.
1099 1936 1166 1991 Item
1188 1933 1271 1989 trium
1294 1932 1427 1999 militum,
1443 1932 1492 2006 qui
1511 1949 1574 1990 cnm
1597 1932 1695 1990 eodem
1719 1935 1792 2007 pessi

988 2014 1062 2062 sunt.
1080 2030 1089 2053 ι
1112 2005 1184 2062 Vide
1199 2005 1313 2061 uomina
1328 2004 1466 2078 superius.

1024 2078 1120 2134 Conuii
1136 2078 1169 2134 D.
1186 2094 1224 2133 nu
1236 2077 1362 2144 Curvae,
1376 2077 1500 2149 signatus
1513 2076 1553 2135 C:
1572 2077 1680 2147 «Iteui,
1690 2084 1793 2136 sancte

987 2149 1219 2222 Sympboiosae.»
1241 2148 1292 2205 Mic
1311 2148 1411 2220 passim
1427 2148 1555 2206 recurrit.

1023 2221 1159 2277 Viricau.
1175 2236 1252 2275 uum.
1268 2220 1339 2277 5919
1353 2220 1429 2276 deest
1449 2220 1572 2277 Danielis
1595 2227 1621 2277 et
1638 2221 1731 2278 Iulia.
1747 2223 1791 2278 Au

987 2299 1086 2350 catera
1101 2308 1169 2365 pura
1182 2291 1249 2359 sint,
1266 2291 1373 2349 dubito.

1021 2364 1173 2429 Airuurs„
1196 2364 1225 2419 iu
1247 2363 1323 2420 fine:
1345 2365 1437 2420 «item
1466 2371 1566 2421 sauata
1593 2362 1791 2438 Symphoruaa

987 2435 1116 2561 viffmss'
1134 2461 1142 2483 ι
1165 2436 1263 2492 Voluit
1277 2435 1369 2492 dicere
1384 2435 1480 2491 aidica.

1046 2522 1220 2564 bunuarium
1239 2525 1245 2562 :
1267 2507 1398 2574 «Traces,
1415 2513 1515 2564 sauctae
1532 2507 1652 2564 lulianae
1672 2508 1791 2581 uirginis

986 2586 1013 2633 et
1024 2579 1162 2651 martyris.
1179 2581 1259 2647 item,
1271 2586 1370 2636 sauctae
1381 2578 1585 2651 symphorosae.
1598 2579 1703 2649 Salvia,
1720 2596 1789 2637 sau·

986 2649 1023 2706 oti
1040 2650 1161 2705 Seronati
1172 2669 1209 2706 aii
1225 2650 1369 2706 Sereuedi?
1383 2651 1558 2712 contessoris.
1576 2674 1585 2698 ·

1022 2720 1215 2778 Cimbricum:
1245 2724 1298 2777 «In
1318 2721 1427 2787 Galliis,
1448 2722 1583 2779 adventus
1601 2731 1629 2781 et
1648 2725 1787 2797 susceptio

985 2792 1786 2866 corporissanctiDomnini,ieluDomiuimartyris,exsa·

985 2866 1070 2919 craA
1092 2864 1203 2920 uitaniau
1224 2865 1378 2936 provincia,
1394 2867 1558 2921 translatum
1586 2867 1615 2922 iu
1637 2867 1742 2935 Selula,
1759 2867 1787 2922 in

985 2950 1053 3006 pago
1072 2880 1261 3015 qloloriceusi
1290 2936 1319 2990 in
1345 2937 1405 2992 loco
1434 2937 1588 3006 antiquitus
1616 2938 1718 3015 Magno
1743 2939 1789 2995 lo-

985 3021 1028 3071 co,
1057 3005 1121 3061 dein
1147 3008 1259 3062 nomine
1287 3007 1373 3074 dicto,
1399 3023 1472 3063 anno
1499 3011 1608 3066 incarn.
1634 3009 1788 3067 Dominicis

985 3093 1191 3133 occursurum·
1207 3079 1279 3146 Quid
1289 3077 1349 3134 haec
1360 3079 1453 3136 omnia
1467 3080 1636 3153 significent,
1648 3080 1737 3138 fateor
1746 3098 1788 3137 me

985 3163 1040 3203 uon
1056 3149 1122 3205 satis
1134 3149 1206 3205 clare
1226 3151 1393 3221 intelligere.

133 3219 254 3277 Victoris
269 3220 446 3291 martyris,et
460 3235 522 3275 cuin
538 3234 569 3274 eo
584 3218 888 3286 Alexandri,l'eliciani
900 3223 967 3280 etG
1018 3220 1140 3277 uarius.
1169 3221 1215 3277 SS.
1239 3221 1362 3277 Timotb.
1384 3230 1411 3278 et
1439 3222 1562 3295 Apollin.
1591 3241 1598 3281 :
1636 3224 1788 3283 «Ciuitate

132 3291 250 3364 Longini
278 3292 411 3349 rnilitum.
439 3291 546 3358 Truces,
574 3298 675 3347 sanctae
703 3290 782 3346 lutiae
809 3290 927 3362 virginis

133 3364 272 3436 martyris,
284 3363 362 3435 cnjus
373 3379 472 3435 eorpus
483 3362 511 3418 iu
522 3363 636 3419 ecclesia
650 3362 734 3418 beatae
744 3362 846 3430 Mariae,
856 3362 928 3434 apud

130 3435 292 3493 laudarense
307 3435 462 3492 coeuobiuiii
484 3435 611 3507 quiescit.
630 3461 638 3480 ·

167 3508 345 3562 Buuiiuiiiss.
370 3507 495 3576 incipit:
523 3507 647 3567 ‹itomau
674 3514 774 3563 sanctae
797 3505 928 3562 Praxedis

130 3578 257 3649 virginis.
274 3576 380 3632 Haecin
396 3577 472 3631 oiiiui
486 3577 610 3631 castitate
629 3585 657 3631 et
679 3579 735 3647 lege
749 3577 845 3632 diviua
860 3593 928 3632 eru-

133 3650 199 3715 dita,
215 3665 276 3703 curu
299 3662 392 3701 sorore
407 3663 456 3701 sua
476 3647 553 3702 beata
572 3648 743 3715 Potentiana,
759 3657 819 3719 post
833 3655 928 3702 trans-

105 3750 108 3756 .
133 3728 200 3775 itum
212 3715 344 3773 Pudentis
358 3716 401 3771 sui
413 3716 507 3787 patris,
518 3717 547 3771 in
558 3716 716 3788 virginitate
729 3718 889 3786 permansit,
900 3726 927 3774 et

128 3788 253 3860 jejuniis,
270 3786 373 3915 Viliiffls
393 3795 475 3860 atque
499 3787 670 3844 orationibus
692 3789 800 3845 assidue
815 3804 925 3855 vacans,

150 3862 211 3917 lena
229 3861 304 3932 operi
327 3876 358 3914 us
373 3858 453 3915 bonis
478 3868 505 3914 et
527 3860 720 3931 eleemosynis,
741 3859 871 3931 migravit
892 3859 926 3915 ad

130 3877 282 3990 duriatum.
294 3930 379 4001 Cujus
388 3946 488 4001 corpus
503 3929 548 3984 via
562 3929 664 3986 Salaria
675 3931 757 4002 juxta
768 3930 925 4002 predictam

130 4019 206 4060 suani
234 4018 355 4058 sororem
379 4003 517 4071 sepultum
545 4008 595 4056 est.
616 4002 695 4071 item,
715 4002 838 4058 Danielis
864 4018 926 4074 pro·

130 4074 228 4146 pbetm.
244 4097 252 4121 ι
274 4075 306 4130 10
321 4074 433 4130 Victore
446 4089 530 4144 purus
544 4080 594 4140 est,
606 4089 692 4146 usque
706 4074 740 4129 ad
761 4098 771 4120 ‹
786 4073 926 4130 excrucia-

129 4154 174 4202 tus
189 4144 287 4217 pieriis,
303 4170 313 4194 ι
337 4144 384 4200 ubi
402 4144 441 4200 sic
456 4145 543 4216 pergit
559 4162 565 4199 :
585 4145 760 4201 ‹Novissimo
779 4152 808 4200 in
824 4146 925 4201 molam

129 4216 273 4290 pistoriam
287 4215 396 4285 missus,
407 4215 435 4270 iu
446 4232 499 4289 qua
509 4232 632 4289 sparsum
648 4217 784 4289 vertigine
798 4216 925 4273 animalis

128 4287 260 4346 macerari
273 4289 353 4356 solet,
368 4295 449 4360 atque
464 4290 503 4344 ita
516 4288 663 4357 contritus,
672 4288 723 4345 sub
737 4288 847 4345 Asteria
859 4305 925 4360 prm·

129 4359 186 4416 side
198 4363 360 4432 martyrium
369 4360 581 4417 consummavit.
591 4361 697 4417 Etcum
705 4360 814 4431 eopassi
823 4367 917 4427 suut·

128 4440 180 4488 eto.
196 4433 228 4488 ln
240 4431 312 4487 lulia
327 4448 412 4503 purus
426 4439 475 4487 est.
492 4430 578 4488 Addit
597 4432 624 4488 in
642 4430 695 4487 siue
713 4450 718 4488 :
742 4455 751 4478 ι
770 4432 852 4502 Apud
866 4432 925 4487 Ar-

128 4504 267 4576 gentinam
287 4500 439 4570 civitatem,
456 4504 543 4560 sancti
561 4503 718 4576 Arbogasti,
733 4502 854 4576 ejusdem
871 4503 923 4559 loci

128 4575 248 4648 episcopi
263 4582 290 4631 et
304 4574 502 4631 contessoris.»

163 4646 344 4702 Msauuoruu.
361 4646 551 4718 propheticum
567 4645 686 4716 elogium
702 4662 777 4702 more
792 4662 843 4702 suo
860 4663 923 4702 cou-

128 4716 267 4789 globavit:
284 4717 357 4788 quod
371 4716 417 4772 bio
432 4733 486 4772 nou
498 4724 575 4773 vacat
586 4715 749 4773 describere.
759 4718 790 4772 10
803 4717 923 4774 Praxede

127 4803 184 4844 non
214 4787 286 4843 nibil
312 4785 502 4859 interpolatus,
528 4794 662 4860 martyres
689 4787 872 4844 Massilienses
896 4795 923 4844 ct

127 4859 226 4916 luliam
241 4858 423 4914 Tricassinam
439 4858 552 4925 omittit,
563 4858 604 4915 sic
615 4859 642 4914 iu
653 4858 707 4914 fine
720 4858 754 4914 de
769 4859 922 4931 Arbogasto

126 4930 275 5003 subjiciens
292 4947 297 4985 :
319 4953 328 4976 ι
343 4930 374 4985 10
389 4929 501 4984 civitate
517 4931 676 5000 urgentius,
686 4930 822 5002 depositio
833 4931 921 4987 sanati

126 5003 282 5075 Arbogasti,
293 4999 413 5073 ejusdem
430 5000 553 5057 civitatis
568 5001 687 5072 episcopi
703 5011 729 5057 et
744 5001 919 5058 confessoris.

126 5075 177 5131 Hic
190 5076 264 5130 inter
276 5082 373 5130 oaetera
389 5072 521 5128 miracula
536 5072 671 5129 virtutum
687 5072 710 5144 ej
716 5090 757 5138 us,
773 5073 920 5145 [tagoberti

125 5147 197 5216 regis
210 5145 333 5203 Francia
343 5145 456 5201 unicum
470 5144 570 5212 lilium,
579 5143 612 5199 de
626 5143 691 5200 ieris
703 5145 884 5202 dilaceratum
894 5152 921 5202 et

126 5227 275 5286 mortuum,
292 5217 350 5274 suis
365 5216 491 5289 precibus
506 5214 698 5282 resuscitavit3
714 5225 742 5273 et
754 5216 789 5273 ob
804 5217 857 5275 hoc
872 5234 920 5273 reis

125 5288 277 5345 liubiaauni
288 5297 407 5346 castrum
418 5286 818 5415 etofpidumecclesiaisuuctae
828 5287 920 5345 Maria

126 5356 155 5411 in
170 5358 317 5430 Argentina
331 5359 456 5417 tradidit.
481 5367 626 5431 paeantem
637 5359 806 5431 Arbogustus
818 5361 921 5416 multos

125 5442 211 5483 anuos
224 5431 306 5496 viiiit,
315 5439 341 5487 et
356 5431 481 5503 pluribus
497 5431 637 5488 miraculis
651 5431 761 5499 claruit,
773 5440 800 5488 et
814 5431 843 5487 in
856 5448 920 5504 pace

126 5497 217 5553 sinivit
232 5500 328 5568 vitam,
342 5511 369 5556 et
384 5504 412 5558 in
427 5504 542 5560 ecclesia
557 5503 645 5561 sancti
659 5503 802 5561 Michaelis
821 5504 919 5574 sepul-

126 5574 215 5624 turam
231 5570 284 5626 sibi
297 5570 355 5627 fieri
372 5573 447 5630 lecit.
464 5598 473 5622 ·
824 5630 826 5635 ,

160 5640 594 5703 stirme-cimus.-Uirmncm
606 5664 612 5703 :
631 5644 781 5702 «Praxedis
792 5644 918 5716 virginis,

124 5713 226 5771 sororis
239 5720 339 5770 sauctae
350 5716 527 5784 Potentiana,
543 5734 603 5790 quae
617 5719 710 5774 Romae
724 5716 807 5773 simul
842 5717 920 5772 uiss-

124 5791 201 5846 cuut.
212 5784 335 5842 Danielis
351 5786 501 5858 propbeta.
517 5789 549 5844 10
562 5788 670 5858 Galliis,
686 5789 800 5848 civitate
818 5733 920 5849 dassi-

983 3290 1118 3362 Carentis,
1134 3293 1168 3349 de
1189 3293 1271 3349 ositio
1285 3294 1374 3350 sancti
1390 3294 1510 3350 Leubini
1533 3295 1658 3368 episcopi
1674 3305 1701 3353 et
1714 3313 1787 3353 con-

983 3362 1133 3420 sessoris.»
1185 3380 1260 3420 unon
1292 3366 1427 3433 Carnutis,
1452 3366 1587 3424 Lentim?
1605 3369 1646 3425 De
1667 3384 1724 3442 quo
1748 3385 1787 3425 xv

982 3431 1016 3490 Se
1037 3442 1057 3490 t.

1018 3451 1117 3561 linium
1133 3506 1322 3565 LuaecoCoi..
1336 3507 1662 3580 iucipitaPraiiede,ubi
1677 3527 1736 3568 000
1746 3510 1788 3567 ni·

983 3574 1022 3630 hil
1043 3578 1208 3648 interpolata
1226 3588 1276 3635 est.
1294 3579 1425 3652 Sequitur
1441 3583 1536 3636 Daniel
1561 3591 1588 3639 et
1607 3582 1691 3649 lutra,
1708 3599 1786 3655 pure.

982 3646 1051 3703 Tum
1067 3648 1101 3704 dc
1116 3649 1239 3716 Victore,
1252 3650 1297 3705 ubi
1314 3651 1404 3706 solum
1416 3651 1577 3709 inseruntur
1592 3654 1708 3710 uomina
1725 3655 1788 3711 Dio-

981 3719 1087 3774 cletiani
1111 3727 1138 3775 et
1156 3721 1319 3776 Maximiani
1334 3727 1526 3793 tyrannorum.
1547 3726 1579 3782 ln
1596 3722 1652 3782 bue
1669 3732 1785 3783 sutem:

984 3814 998 3868 Ιι
1022 3790 1090 3870 item
1117 3791 1226 3860 Treoas,
1250 3793 1340 3864 passio
1362 3803 1522 3851 sauctorum
1543 3803 1699 3868 martyrum
1728 3797 1789 3925 quia

981 3876 1065 3916 inseri
1093 3870 1199 3943 poterat
1219 3880 1321 3919 nomen
1347 3865 1469 3937 Claudii)
1487 3867 1662 3940 imperatoris
1682 3865 1733 3924 bar
1752 3886 1789 3925 a-

981 3947 1087 4000 rorum,
1102 3932 1172 3990 lusti
1188 3943 1215 3991 et
1228 3934 1391 4004 Secundini,
1406 3953 1438 3992 aa
1458 3938 1577 3997 aliorum
1598 3940 1665 4012 quin
1688 3956 1723 3997 ue
1735 3940 1787 3998 suh

980 4004 1132 4084 Aureliano
1148 4006 1322 4076 imperatore.
1342 4007 1447 4065 Eodem
1463 4009 1518 4077 die,
1534 4013 1623 4070 sancti
1638 4013 1679 4071 dr
1699 4012 1786 4085 ogasti

980 4076 1101 4147 episcopi
1128 4077 1337 4148 Argentineusis
1369 4087 1396 4135 et
1423 4082 1599 4140 confessoris.
1628 4083 1693 4140 Iso
1720 4083 1785 4153 dis,

979 4145 1124 4226 beatorum
1153 4158 1306 4221 martyrum
1335 4151 1476 4224 Dionysii.
1506 4155 1599 4223 Ponti,
1653 4156 1784 4223 amnonis,

979 4216 1223 4346 gummitanum,
1239 4237 1303 4278 oum
1318 4222 1385 4278 aliis
1399 4232 1513 4296 septem.
1529 4250 1539 4274 ›
1561 4225 1786 4285 intimasset

1004 4304 1124 4344 usionis

1014 4360 1212 4430 Beuniifeditio
1225 4363 1312 4418 altera
1327 4363 1356 4421 iii
1371 4365 1426 4422 fine
1441 4366 1553 4439 subjicit
1571 4387 1577 4425 z
1602 4394 1612 4417 ι
1625 4369 1708 4438 item,
1724 4385 1784 4427 ssu·

980 4439 1031 4488 atas
1048 4431 1275 4505 symphorose.»

1014 4503 1140 4560 Gnuvuu.
1155 4522 1161 4560 :
1175 4504 1347 4575 «indiuisa,
1362 4508 1447 4565 Helia.
1461 4517 1489 4568 et
1501 4511 1659 4568 Stertionis.
1673 4511 1784 4570 Vastra·

940 4573 1021 4638 ndis
1042 4575 1182 4647 martyris.
1199 4576 1328 4650 Dionysii
1351 4586 1378 4635 et
1393 4581 1485 4649 Ponti,
1500 4581 1653 4648 Custiouis,
1667 4583 1783 4656 Papirii,

978 4645 1079 4727 Saturii
1103 4654 1131 4704 et
1152 4648 1271 4704 aliorum
1295 4665 1326 4704 se
1348 4657 1412 4708 tem.
1430 4652 1586 4710 Eleutherii
1610 4654 1782 4728 [Deutlierii]

979 4727 1098 4799 pueriet
1111 4719 1295 4800 ¹contessoris.
1315 4666 1368 4788 Opui
1389 4739 1452 4780 cuin
1467 4735 1559 4783 oraret
1573 4724 1607 4781 ad
1622 4727 1783 4799 sepulcrum

977 4798 1064 4844 sancti
1083 4790 1216 4859 Victoris,
1232 4791 1324 4847 emisit
1340 4793 1480 4864 spiritum.
1499 4795 1645 4869 Arbogasti
1659 4796 1785 4870 episcopi

976 4860 1187 4931 Argentiuensis
1200 4870 1226 4918 et
1239 4863 1416 4922 contessoris.
1426 4866 1481 4934 Qui
1491 4867 1525 4924 de
1540 4869 1633 4925 Scotia
1646 4884 1784 4942 egressus,

977 4931 1085 5002 plenam
1110 4934 1261 4990 virtutibus
1291 4935 1378 4992 vitain
1401 4954 1495 5010 agens,
1517 4941 1638 5012 praelatae
1660 4940 1784 4998 eeclesia

977 5002 1094 5084 gloriose
1117 5005 1251 5086 praefuit,
1270 5013 1393 5089 tempore
1418 5010 1565 5083 Dagoberti
1594 5012 1678 5084 regis,
1704 5011 1784 5084 cujus

976 5083 1057 5130 etiam
1075 5090 1189 5156 uuioum
1212 5076 1361 5146 tilium,1n
1384 5082 1532 5139 venatione
1556 5098 1627 5156 equo
1643 5082 1781 5155 dejectum

975 5153 1003 5202 et
1016 5153 1175 5218 protritum,
1192 5148 1317 5205 oratione
1335 5150 1396 5207 fusa
1408 5152 1443 5208 ad
1457 5153 1544 5209 vitain
1560 5155 1714 5213 revocavit.
1728 5156 1784 5211 Ai-

975 5216 1035 5273 bini
1051 5218 1227 5276 confessoris.
1243 5220 1273 5275 10
1293 5221 1365 5294 AEgy
1387 5230 1425 5291 to,
1440 5224 1564 5282 Danielis
1578 5226 1699 5296 abbatis,
1717 5242 1784 5301 pre-

975 5289 1079 5361 sbyteri
1108 5297 1135 5345 et
1163 5289 1341 5372 confessoris.
1368 5238 1480 5365 q'recas,
1505 5296 1593 5368 passio
1622 5306 1784 5356 mortorum

974 5368 1128 5431 martyrum
1151 5359 1284 5443 [Claudii]
1302 5367 1481 5435 imperatoris
1496 5367 1690 5438 barbarorum,
1711 5369 1784 5426 Just‘i

974 5439 1001 5488 ct
1015 5431 1178 5559 Setcundiui,
1196 5450 1259 5490 cuin
1271 5433 1335 5490 aliis
1351 5437 1485 5510 quinque,
1500 5439 1551 5495 sub
1566 5439 1720 5497 Aureliano
1733 5441 1783 5497 iiii·

976 5519 1040 5575 pera
1054 5520 1113 5560 ore.
1128 5529 1136 5552 ι

977 5645 982 5655 Ι
1010 5576 1119 5656 Moira.
1131 5576 1165 5631 de
1178 5575 1251 5632 lulia
1267 5577 1428 5635 subnectit:
1448 5578 1555 5662 «Cujus
1564 5597 1674 5639 sacrum
1682 5599 1784 5665 corpus

975 5662 1005 5701 in
1020 5647 1161 5727 territorio
1184 5647 1352 5718 Meldorum,
1369 5650 1399 5705 iii
1422 5650 1537 5709 ccclesia
1557 5653 1644 5711 beatae
1665 5653 1784 5728 virginis

974 5717 1078 5786 Mairae,
1094 5717 1268 5777 Jordarensis
1289 5722 1451 5778 monasterii
1472 5725 1647 5795 translatum,
1662 5724 1784 5783 001100-

974 5788 1089 5848 norilice
1102 5799 1252 5853 veneratur
1266 5791 1423 5853 humatum.
1437 5794 1543 5855 Eodem
1555 5796 1612 5869 die,
1620 5797 1651 5854 iu
1661 5794 1784 5859 Celleuai
