3834 6136
205 214 256 270 799

872 203 1025 262 USUhllDl
1043 202 1204 263 honneur

1814 198 1870 261 800

205 336 289 403 tione,
307 333 358 391 suh
374 331 499 389 Pascasio
520 328 643 387 consule.
664 329 746 385 Passa
764 336 805 385 est
822 335 913 384 autem
928 328 1006 385 Ydus
1020 332 1046 390 Α
1062 329 1201 410 martyris.
1216 324 1314 384 Judoci
1324 323 1498 383 confessoris.
1513 321 1643 379 hetberti
1661 321 1871 381 Cameracensis

204 406 374 472 Decembris,
395 412 422 459 et
438 404 467 459 in
482 404 544 460 loco
566 403 595 458 in
616 418 671 473 quo
686 416 814 472 percussa
829 409 880 469 est,
894 401 1002 457 basilici

205 485 299 549 postea
335 476 476 532 fabricata.
511 499 521 522 ι
557 475 596 529 De
637 471 772 528 hutberto
810 472 1007 530 Cameraceusa

205 548 290 605 nihil.

243 646 339 700 Betis.
359 651 420 715 post
432 658 558 714 pereussa
581 647 618 696 eat
638 642 746 721 supplet
764 641 843 696 Beda
861 642 1004 712 elogium:

214 742 223 764 ι
239 718 293 773 Nec
304 723 394 771 tamen
406 722 526 794 mortua,
537 714 624 770 donec
635 711 810 769 vementibus
820 713 1007 769 sacerdotibus

205 787 430 844 communionem
443 784 582 841 Dominici
598 783 721 857 corporis
735 791 763 840 et
776 784 918 853 sanguinis
932 799 1006 840 acee-

207 859 258 932 pit.
280 884 288 906 ·
314 858 383 912 'lum
404 876 410 914 :
435 857 527 912 ‹ltem
546 856 635 912 sancti
656 856 747 912 Ursini
766 856 905 937 martyris.
923 879 932 901 ·
954 856 1006 911 Pro

205 930 329 985 riutberti
352 938 393 984 est
411 928 580 992 Anthiberti;
599 928 627 983 in
647 928 766 984 secunda
783 925 905 984 editione
925 927 1006 999 paulo

207 1001 307 1056 melius
319 1000 468 1071 corrigitur
481 999 602 1055 Auberti.

242 1090 385 1144 meusne.
405 1095 432 1143 et
451 1086 643 1144 Max-Lumen.
666 1087 748 1143 etiam
771 1086 955 1155 Uessuuium,
976 1086 1006 1142 ni

207 1160 298 1226 iallor,
322 1169 403 1229 atque
422 1159 488 1213 item
505 1158 743 1215 Auserem-llis.
763 1174 824 1215 cum
842 1158 931 1215 solitis
949 1157 1007 1213 suis

207 1230 337 1286 omnibus
351 1228 433 1284 sociis
448 1230 476 1284 in
493 1230 583 1285 Luciae
594 1229 683 1301 elogio
699 1229 769 1286 idem
786 1230 842 1286 iere
858 1236 1005 1301 reponunt,

207 1301 280 1374 quod
296 1300 423 1356 dedimus
436 1316 470 1354 ex
492 1301 588 1356 Bntm.
602 1308 705 1356 etcum
720 1302 815 1357 eodem
830 1317 926 1355 omnes
940 1300 1006 1355 scri·

206 1373 276 1428 hunt
302 1373 504 1428 siracusanum.
529 1370 583 1428 Sex
605 1371 697 1426 ultimi
722 1373 749 1427 in
773 1373 826 1427 line
847 1372 963 1439 addunt,
984 1377 1008 1426 et

207 1442 377 1513 confessoris.

244 1532 401 1589 Qnuunsx.
418 1549 424 1586 :
447 1556 456 1576 ι
472 1531 552 1604 Apud
568 1531 721 1586 Siracusam
736 1530 838 1586 Sicilire
853 1530 1005 1597 civitatem,

208 1603 297 1676 passio
311 1610 412 1658 sanctae
429 1602 520 1660 Luciae
532 1603 657 1672 virginis,
674 1603 725 1657 sub
740 1602 878 1658 consulari
893 1600 1006 1656 Pascha·

205 1675 257 1730 sio.
277 1674 433 1742 Cameraco,
452 1673 540 1730 sancti
565 1673 692 1729 riutberti
715 1673 835 1745 episcopi
851 1681 878 1728 et
893 1671 1046 1752 confes-B

206 1745 285 1801 soris.
303 1747 333 1800 ln
359 1762 427 1817 pago
448 1747 576 1812 Pontivo,
597 1746 684 1801 sancti
703 1744 800 1800 ludoci
816 1744 965 1800 sacerdotis
980 1752 1008 1799 et

206 1817 381 1883 contessoris,
404 1817 450 1890 qui
474 1818 508 1872 de
526 1817 647 1872 culmine
664 1816 739 1897 regni
761 1816 813 1870 sihi
835 1815 1005 1882 hereditarii,

206 1887 240 1943 ad
255 1886 357 1943 Christi
373 1895 560 1959 paupertatem
572 1903 600 1942 se
613 1886 727 1957 redegit,
739 1894 766 1940 et
778 1887 843 1941 vitae
860 1885 1008 1942 laudabilis

206 1973 318 2014 cursum
333 1959 506 2014 sanctissime
520 1958 734 2013 consummavit.
747 1981 755 2003 ·

242 2044 419 2100 Bnuxsinnx.
432 2045 596 2116 anticipavit
607 2045 706 2099 testum
720 2045 806 2100 sancti
823 2044 961 2102 riutberti.
977 2047 1008 2102 lu

207 2114 292 2170 Lucia
309 2115 375 2170 satis
390 2115 491 2170 similis
501 2124 541 2170 est
555 2115 698 2171 codicibus
708 2133 789 2188 supra
803 2116 905 2172 citatis.
923 2116 1008 2174 Addit

207 2185 349 2258 sequentia
367 2204 372 2242 :
395 2212 404 2231 ι
419 2187 449 2242 ln
464 2187 605 2253 Hibernia,
620 2188 708 2242 saneti
725 2188 852 2243 Fiuniani
864 2188 972 2243 abbatis
982 2196 1009 2243 et

206 2256 381 2314 confessoris.
405 2258 545 2326 Ravenna,
567 2265 726 2314 sanctorum
752 2260 859 2314 Ursiani
882 2267 911 2314 et
934 2259 1009 2314 Leu-

207 2327 299 2385 chadii
325 2329 523 2384 consessorum.
546 2330 581 2384 Et
602 2337 702 2384 sauctae
724 2330 833 2397 Odilias,
856 2346 916 2402 qum
935 2330 1007 2401 apud

207 2399 279 2471 Orpe
293 2397 374 2469 juxta
391 2400 553 2456 Geldoniam
567 2401 664 2455 villam
679 2401 833 2458 brabantiae
848 2400 976 2473 quiescit.
991 2425 1000 2447 ι

207 2469 360 2527 Conlundit
374 2470 505 2539 Odiliam,
519 2488 583 2527 cum
600 2471 692 2527 Adilia
702 2472 740 2527 Or
762 2473 830 2528 ieusi
844 2491 850 2537 ;
870 2472 929 2528 haec
942 2473 1008 2528 coli·

206 2549 254 2597 tur
266 2558 325 2595 xxx
337 2541 423 2598 lunii.
439 2545 574 2599 Ueruum:
596 2543 721 2599 «Eodem
734 2489 789 2611 (iis,
803 2544 836 2599 de
856 2543 938 2598 ositio
948 2559 1008 2599 san·

207 2613 246 2668 cti
268 2612 412 2667 Athanasii
433 2614 541 2669 abbatis
559 2622 586 2668 et
606 2614 780 2669 contessoris.
797 2639 806 2661 ι
833 2560 921 2681 guam
935 2615 1009 2670 inter

207 2682 300 2754 plures
313 2682 478 2754 Athanasios
493 2684 615 2740 indicare
630 2684 708 2752 velit,
723 2700 757 2740 ex
774 2687 832 2741 solo
849 2686 952 2741 obbatis
967 2685 1009 2741 ti-

207 2754 268 2809 tulo
284 2755 423 2809 nonsatis
439 2756 546 2811 divino.
903 2774 907 2778 ’

244 2841 424 2899 chenousrr.
437 2843 470 2898 de
482 2845 565 2901 Lucia
576 2844 672 2901 inserit
688 2863 694 2900 :
714 2846 797 2902 ‹Hmc
808 2846 1008 2918 priusmatrem

206 2913 345 2985 propriam
361 2932 376 2969 a
399 2914 477 2969 lluxu
490 2915 632 2986 sanguinis
651 2916 789 2984 liberavit,
805 2924 832 2971 ct
850 2933 899 2972 sua
915 2918 1009 2973 omnia

207 2999 268 3056 que
287 2984 393 3054 habuit,
415 2986 581 3057 pauperibus
602 2988 739 3058 erogavit;
765 2996 876 3067 propter
898 2987 1009 3059 quoda

208 3071 308 3127 sponso
332 3073 381 3112 suo
407 3073 521 3130 pagano,
546 3073 638 3114 coram
668 3058 793 3115 Pascasro
819 3066 861 3114 est
882 3050 1045 3115 accusataC

208 3128 281 3199 quod
296 3127 453 3186 Christiana
475 3137 556 3197 esset,
573 3137 675 3212 etpost
695 3131 803 3201 longam
818 3130 1008 3187 concertatio-

207 3213 271 3252 nem
288 3198 321 3255 dc
339 3198 403 3270 lide,
416 3199 493 3273 jussa
506 3208 547 3257 est
563 3202 626 3259 duci
647 3202 681 3258 ad
701 3203 827 3274 lupanar,
842 3217 924 3274 quam
943 3218 1007 3258 cum

208 3268 330 3337 lenones,
347 3297 355 3318 ι
376 3281 441 3339 etc,
457 3272 513 3328 lere
530 3281 561 3328 ut
575 3273 683 3330 codices
695 3289 787 3346 supra.
811 3275 896 3344 ‹lpso
909 3272 965 3341 die,
978 3273 1007 3329 in

208 3344 375 3398 monasterio
389 3344 544 3416 lloenberg,
555 3344 765 3426 argentinensis
777 3344 915 3417 dyocesis,
926 3344 1007 3416 depo·

207 3411 273 3468 sitio
283 3421 383 3471 sanctae
395 3415 495 3472 Odilim
504 3417 631 3489 virginus.
643 3417 706 3474 llaec
716 3415 808 3475 Odilia
818 3417 872 3473 luit
884 3415 943 3471 filia
952 3432 1008 3471 ma·

208 3483 254 3554 gni
270 3484 413 3566 principis,
430 3494 458 3541 et
471 3504 544 3544 caeca
557 3497 630 3554 nata,
647 3487 848 3560 propterquod
863 3488 935 3560 patri
950 3495 1009 3544 erat

208 3569 301 3619 exosa,
317 3564 345 3610 et
361 3558 516 3612 interlicere
533 3559 623 3613 voluit
636 3574 706 3625 eam,
721 3559 769 3615 sed
781 3566 867 3614 mater
881 3566 908 3613 et
923 3559 1009 3614 irater

208 3623 267 3746 ep'us
287 3634 467 3704 servaverunt
485 3643 555 3695 eam,
571 3645 631 3699 quae
647 3637 740 3701 postea
758 3629 787 3683 in
803 3628 941 3699 baptismo
955 3629 1008 3684 luit

209 3695 384 3772 uiuminata3
411 3703 438 3748 et
467 3706 529 3765 post
557 3705 674 3753 mortem
701 3699 796 3770 patris,
826 3698 1008 3754 ducentarum

208 3777 349 3842 virgiuum
367 3772 452 3819 mater
463 3774 504 3821 est
518 3768 624 3834 ellectu,
639 3784 750 3825 omnem
768 3768 948 3823 hereditatem
964 3784 1008 3840 pa·

209 3839 260 3887 tris
275 3834 331 3888 boo
345 3833 480 3906 obligans,
494 3836 550 3893 duo
564 3839 730 3893 monasteria
744 3846 917 3894 construens.
933 3839 1007 3907 Haec,

208 3910 240 3959 ut
264 3903 368 3960 dicitur
395 3907 515 3962 animaru
539 3906 626 3978 patris
645 3908 687 3961 sui
706 3907 740 3962 de
764 3908 873 3964 inferno
894 3907 957 3981 [clii
975 3909 1008 3964 de

208 3948 380 4048 purgatorio]
395 3976 534 4043 liberavit,
547 3984 574 4032 et
588 3977 643 4031 alia
658 3978 738 4047 plura
752 3979 885 4036 miracula
901 3980 968 4036 lecit
981 3989 1009 4035 et

209 4043 289 4124 obiit.
304 4048 366 4116 Ipso
376 4044 431 4114 dio,
443 4047 580 4120 depositio
590 4048 677 4104 sancti
688 4049 794 4118 Jodoei,
806 4051 858 4106 silii
872 4052 943 4131 regis
953 4052 1007 4106 hu·

209 4113 271 4186 glise
285 4124 312 4170 et
327 4115 476 4186 heremitae,
493 4119 540 4192 qui
560 4125 704 4191 postquam
719 4122 850 4178 sarculum
866 4123 895 4178 iu
907 4138 1009 4193 Juven-

208 4192 268 4241 tute
282 4185 404 4260 reliquit,
422 4189 452 4244 in
468 4206 565 4262 magna
575 4191 744 4249 abstinentia
753 4200 780 4249 et
792 4193 926 4265 patientia
935 4193 1008 4249 vixit

208 4256 305 4313 multis
315 4258 404 4315 annis.
418 4261 469 4317 Hic
483 4262 547 4334 quia
559 4277 675 4334 regnum
685 4270 826 4320 terrenum
840 4281 889 4336 pro
902 4265 1007 4321 cmlesti

207 4331 382 4402 contempsit,
394 4331 422 4386 in
436 4348 534 4404 magno
545 4333 636 4390 labore
646 4333 773 4408 reliquiis
786 4344 945 4393 sanctorum
959 4336 1008 4391 illa

207 4398 309 4526 pitans,
330 4416 379 4457 rex
400 4403 428 4458 in
452 4405 530 4461 omlis
550 4405 639 4461 factus
661 4415 711 4475 est,
732 4415 759 4462 et
784 4415 906 4480 petentes
924 4423 952 4463 se
973 4400 1046 4462 exli

228 4471 389 4530 remissione
402 4475 450 4530 Uei
460 4475 613 4533 exaudivit.
626 4477 687 4548 lpso
699 4478 756 4547 die,
767 4479 904 4552 depositio
917 4478 1005 4534 sancti

206 4542 333 4666 Aptberti
355 4546 476 4619 episcopi
492 4547 695 4604 Cameracensis
710 4550 739 4604 iu
759 4551 886 4607 doctrina
901 4558 929 4607 et
949 4551 1008 4605 vita

209 4628 332 4684 genosi.
351 4642 360 4664 ι

242 4701 401 4780 ᾼουιοιηατ.
416 4706 538 4761 secundo
556 4707 617 4762 loco
632 4714 694 4779 post
713 4723 838 4777 percusso
854 4715 900 4774 eat,
916 4708 1008 4763 intar-

207 4778 274 4824 serit
295 4790 300 4827 :
333 4797 342 4819 ι
361 4775 422 4845 Ipso
441 4775 496 4842 die,
520 4777 639 4847 gloriosa
660 4778 787 4849 exceptio
810 4779 841 4834 B.
863 4779 974 4835 blartini
993 4796 1009 4834 a

207 4840 377 4922 Burgundia,
393 4861 474 4971 quam
491 4862 546 4901 uon
558 4848 648 4903 solum
663 4849 796 4906 miracula
805 4849 933 4904 decoram
948 4851 1007 4906 red-

207 4910 349 4983 diderunt,
369 4933 398 4972 se
434 4915 584 4973 liberalitas
605 4935 767 4991 magnorum
786 4935 940 4990 procerum,
957 4939 1008 4977 co-

208 4989 376 5115 mitatuspue
399 4987 549 5060 promiscui
573 5005 655 5045 sexus
674 4990 812 5045 illustrem
837 4991 1000 5047 fecerunt.»

207 5056 318 5117 lincea
339 5075 382 5116 em
403 5059 527 5114 referunt
543 5061 623 5116 codd.
644 5062 802 5128 vasuou,
823 5062 960 5119 hurrurs.
981 5072 1008 5120 et

207 5132 379 5190 Cauorxcuu.
392 5131 472 5186 Prior
488 5138 580 5186 noster
595 5132 624 5187 in
638 5133 692 5187 line
706 5131 802 5204 adjicit
819 5151 825 5189 :
850 5135 906 5189 «Et
920 5135 1007 5190 saneti

207 5204 304 5260 Judoci
321 5202 495 5259 confessoris.
512 5226 521 5247 ι

241 5300 388 5360 Vrcronm.
411 5312 438 5360 et
453 5305 521 5361 linc.
539 5304 620 5360 Suus.
637 5305 709 5377 sign.
730 5321 808 5362 num.
827 5306 900 5365 130:
924 5307 1008 5363 ‹Eo-

206 5373 268 5428 dcm
283 5373 338 5442 die,
356 5375 445 5432 sancti
460 5376 602 5433 Eustachii
617 5393 680 5433 cum
695 5377 777 5433 sociis
791 5378 858 5435 suis.
873 5404 881 5426 ι
903 5378 1008 5436 Volunt

207 5443 297 5499 dicere
312 5446 456 5513 Eustrntii,
473 5447 506 5502 de
520 5464 575 5520 quo
591 5447 727 5505 videndus
742 5448 839 5505 Sunius
862 5456 889 5505 et
904 5451 1008 5506 Homa-

206 5528 284 5568 uum.
309 5515 362 5568 ·ln
379 5518 509 5597 Hispania
523 5519 635 5575 civitate
653 5521 786 5581 Emerita.
803 5521 893 5592 passio
908 5529 1007 5578 sanctae

208 5582 322 5637 Eulaliae
338 5586 463 5656 virginis.
479 5614 487 5635 ι
510 5589 580 5646 Vide
590 5592 717 5663 superius
731 5592 761 5646 iu
774 5593 884 5664 propriu
901 5593 1008 5648 festivi·

209 5659 273 5720 tate,
287 5668 305 5707 x
320 5654 487 5714 Decembris.

243 5741 695 5807 uisura-cimus.-Uimnscn
717 5751 828 5809 «Lucia
848 5753 966 5826 virginis
980 5761 1008 5811 et

1062 401 1195 473 episcopi.
1213 425 1222 449 ι

1096 497 1231 554 ericxu.
1245 496 1297 552 sub
1312 510 1388 550 num.
1405 492 1476 550 esto
1488 493 1564 548 deest
1576 489 1743 559 hutbertus,
1760 491 1810 548 sed
1824 493 1867 550 ad·

1058 568 1179 641 jicitur:
1207 567 1313 639 «Apud
1330 565 1491 631 Sebastiam,
1512 563 1602 635 passio
1623 562 1713 618 sancti
1733 564 1865 620 Eustratii

1061 639 1193 712 martyris
1203 648 1230 694 et
1241 638 1381 694 sociorum
1391 635 1450 708 ejus
1460 633 1604 700 auxentii,
1619 632 1768 702 Nandarii,
1782 635 1866 707 Euge

1061 711 1101 766 nii
1112 719 1193 783 atque
1208 709 1322 778 Orestis,
1336 706 1536 780 imperantibus
1548 705 1728 762 Diocletiano
1740 713 1769 762 et
1784 705 1865 763 linxi-

1062 782 1166 849 minuo,
1181 781 1277 853 judice
1290 780 1431 852 Agricola.
1448 803 1457 825 .

1096 881 1265 938 Fuonrurm.
1286 878 1448 951 adjiciunt:
1477 876 1583 950 ‹hpud
1604 877 1764 944 Ravennae,
1781 878 1862 934 sancti

1061 953 1181 1011 Ursicini
1196 951 1336 1024 martyris.
1349 975 1358 998 ·
1379 950 1487 1008 Colitur
1500 948 1653 1005 x1xlunii.

1095 1051 1313 1106 Beneuentum:
1330 1071 1339 1093 ‹
1354 1046 1485 1105 Reversis
1495 1045 1581 1103 sancti
1591 1045 1717 1114 Martini,
1728 1047 1861 1118 gloriosis·

1061 1122 1125 1179 simi
1140 1123 1282 1179 Turonum
1296 1119 1441 1177 antistitis.
1457 1142 1466 1165 ι

1098 1218 1192 1275 Editio
1206 1217 1395 1275 Luenco-Con.
1409 1219 1439 1273 in
1454 1215 1540 1272 Lucia
1550 1215 1607 1271 lere
1617 1216 1720 1272 similis
1737 1224 1780 1273 cst
1792 1219 1860 1275 sodi·

1061 1290 1140 1346 cibus
1155 1289 1251 1345 media
1262 1298 1342 1345 notae.
1355 1291 1393 1345 lie
1406 1288 1539 1343 liutberto
1553 1287 1642 1353 addit,
1656 1294 1682 1342 et
1695 1287 1857 1358 consenorir.

1061 1362 1210 1444 Sequitur:
1239 1362 1291 1416 «ln
1306 1376 1374 1441 pago
1391 1359 1521 1426 Pontino,
1538 1359 1627 1414 sancti
1642 1358 1737 1416 lodoci
1752 1360 1859 1434 presby·

1062 1442 1114 1489 terr
1128 1440 1156 1488 et
1168 1432 1343 1499 confessoris,
1357 1430 1409 1486 filii
1425 1446 1453 1486 re
1473 1431 1496 1485 is
1512 1430 1655 1486 Britaniae.
1673 1429 1727 1497 Qui
1742 1432 1796 1487 beo
1811 1449 1859 1488 ser-

1062 1505 1121 1560 vire
1139 1502 1307 1571 desiderans,
1323 1518 1437 1573 regnum
1455 1447 1533 1556 iratri
1554 1519 1604 1557 suo
1624 1502 1742 1569 seniori,
1756 1505 1860 1559 nomine

1061 1575 1177 1633 Michael
1195 1575 1317 1640 demisit,
1338 1573 1469 1645 venitque
1493 1572 1527 1628 ad
1550 1572 1696 1628 heremum
1717 1573 1859 1631 Pontiuun

1062 1663 1125 1704 cum
1138 1646 1275 1718 discipulo
1286 1662 1335 1700 suo
1346 1644 1487 1711 Volmaro,
1499 1645 1657 1716 reseditque
1667 1643 1752 1716 juxta
1767 1645 1858 1702 llumeu

1062 1719 1151 1784 hltee,
1166 1718 1196 1772 in
1212 1733 1267 1789 quo
1287 1715 1348 1772 loco
1370 1717 1506 1772 Dominus
1520 1715 1572 1770 sibi
1589 1732 1623 1788 ap
1663 1715 1721 1771 ruit
1736 1717 1766 1771 in
1781 1716 1858 1772 iorma

1062 1788 1198 1863 peregrini
1220 1795 1337 1861 quatuor
1355 1787 1474 1854 vicibus,
1496 1793 1590 1858 petens
1612 1803 1818 1859 eeemosynam
1830 1789 1857 1844 ab

1061 1878 1104 1928 eo,
1120 1861 1167 1934 qui
1179 1866 1286 1915 tantum
1301 1858 1403 1914 hahens
1418 1875 1504 1913 unum
1518 1873 1616 1930 panem
1634 1874 1685 1930 pro
1701 1875 1731 1914 se
1745 1867 1772 1914 et
1785 1859 1857 1914 disci·

1062 1933 1128 2005 pulo
1139 1948 1199 1998 suo,
1215 1930 1341 1986 eumdem
1356 1929 1454 1985 divisit
1469 1930 1499 1984 in
1514 1935 1634 2001 quatuor
1648 1937 1744 2002 partes
1753 1937 1780 1986 et
1792 1930 1858 1987 dedit

1062 2002 1175 2075 petenti,
1193 2017 1242 2074 pro
1255 2001 1365 2073 quibus,
1378 1999 1476 2055 divino
1490 2000 1658 2072 disponente
1672 2001 1805 2069 concilio,
1816 2003 1859 2056 mi·

1062 2075 1185 2131 raculose
1201 2072 1302 2128 meruit
1324 2080 1442 2144 quatuor
1459 2072 1602 2127 naviculas
1618 2072 1688 2127 vino
1703 2083 1733 2129 et
1754 2072 1860 2145 panibus

1062 2154 1174 2201 onustas
1186 2144 1317 2215 recipere,
1335 2143 1500 2224 tandemque
1515 2143 1627 2201 Christo
1644 2143 1729 2211 duce,
1744 2152 1773 2199 et
1785 2160 1859 2216 ange-

1062 2217 1152 2273 lorum
1169 2214 1302 2287 obsequio
1312 2212 1345 2270 ad
1356 2215 1477 2271 coelestia
1489 2213 1630 2286 migravit.
1650 2216 1750 2272 Castro
1764 2215 1861 2271 landu-

1063 2289 1151 2355 nensi,
1174 2287 1263 2342 natale
1286 2295 1387 2341 sanctae
1412 2285 1511 2342 Odiliae
1535 2286 1655 2357 virginis
1674 2294 1704 2342 et
1726 2286 1862 2342 abbatisse

1061 2365 1173 2414 centum
1188 2358 1222 2413 tri
1243 2365 1302 2412 unta
1317 2357 1491 2424 monialium,
1509 2356 1572 2411 hliae
1587 2358 1668 2413 ducis
1685 2358 1862 2429 llogenburch

1063 2429 1195 2486 hdalrici.
1234 2446 1272 2484 aec
1286 2435 1369 2484 tantm
1380 2428 1433 2483 fuit
1443 2428 1705 2485 sanctitatiscoram
1718 2431 1785 2496 Deo,
1796 2429 1864 2503 quod

1063 2509 1168 2628 patrem
1182 2500 1302 2555 suumin
1315 2498 1537 2571 purgatoriosibi
1552 2515 1568 2552 a
1586 2501 1643 2555 beo
1657 2500 1829 2568 ordinatum,
1840 2502 1865 2555 in

1073 2579 1147 2627 atero
1164 2572 1276 2638 montis,
1290 2570 1336 2627 ubi
1352 2571 1439 2642 ipsius
1452 2570 1586 2626 situatum
1601 2580 1643 2627 est
1655 2573 1863 2637 monasterium,

1063 2644 1240 2710 existentem,
1256 2643 1314 2698 suis
1330 2641 1513 2713 lachrymosis
1531 2641 1712 2699 orationibus
1727 2643 1761 2699 ab
1775 2643 1864 2700 ecdem

1063 2715 1202 2770 liberavit.
1227 2713 1292 2780 Quae
1317 2713 1401 2769 etiam
1426 2720 1486 2786 post
1509 2712 1681 2770 reviviscens
1705 2713 1742 2770 ad
1765 2724 1865 2797 tempus

1063 2786 1155 2852 breve,
1171 2784 1243 2840 dixit
1265 2801 1293 2840 se
1316 2786 1345 2841 iu
1362 2784 1545 2841 contubernio
1561 2792 1664 2841 sanctie
1678 2786 1776 2843 Luciae
1788 2786 1865 2842 luisse

1063 2864 1090 2912 et
1104 2857 1207 2913 vidisse
1243 2855 1335 2924 audie,
1359 2871 1418 2927 quae
1443 2871 1492 2910 nec
1512 2856 1610 2912 oculus
1630 2856 1718 2926 vidit,
1734 2873 1785 2914 nec
1797 2857 1865 2913 auris

1062 2928 1180 2984 audivit.
1194 2954 1202 2976 ·
1224 2873 1305 2983 ilum
1317 2926 1612 2998 hienarranturqnam
1628 2927 1658 2983 in
1668 2927 1815 2986 nulloslio
1826 2944 1865 2985 co·
1908 2998 1910 3002 Α

1062 2998 1124 3056 dice
1138 2999 1282 3070 reperiam.

1098 3096 1224 3153 Gnnvrx.
1243 3114 1249 3152 :
1273 3097 1439 3164 «Ravenna,
1455 3106 1614 3154 sauctorum
1629 3098 1745 3157 Urciani
1764 3125 1774 3145 ·
1797 3099 1865 3184 [pato

1062 3167 1181 3223 indicari
1200 3167 1370 3235 Ursicinum,
1390 3185 1442 3239 pro
1463 3185 1515 3239 qno
1535 3170 1584 3224 alii
1603 3170 1739 3229 Ursiuum
1759 3189 1865 3245 scripn-

1063 3238 1141 3313 rnnt}
1163 3245 1211 3294 «et
1224 3237 1374 3295 Leuchadii
1389 3240 1588 3297 confessorum.
1600 3242 1766 3312 Mediolani,
1778 3243 1865 3300 iuven·

1063 3311 1104 3367 tio
1119 3319 1278 3366 sanctorum
1299 3311 1417 3378 linarii,
1438 3311 1585 3381 Prothasii,
1608 3312 1738 3372 Gervssii
1758 3323 1787 3371 et
1801 3314 1865 3373 Celsi

1062 3383 1152 3455 pueri.
1163 3381 1268 3438 Eodem
1284 3381 1340 3449 die,
1355 3381 1492 3455 depositio
1503 3383 1576 3439 beati
1590 3384 1704 3455 Judoci,
1718 3385 1865 3514 prcsbppui

1063 3461 1091 3510 et
1105 3451 1280 3510 confessoris.
1296 3452 1350 3519 Qui
1367 3469 1432 3510 cum
1447 3460 1517 3509 esset
1533 3454 1605 3525 regis
1619 3456 1773 3514 Britonum
1788 3458 1807 3513 li
1820 3457 1865 3524 us,

1063 3533 1091 3582 et
1112 3532 1223 3582 mortuo
1261 3531 1319 3580 atre
1342 3524 1376 3580 ad
1394 3524 1570 3597 suscipienda
1590 3528 1670 3598 regni
1688 3528 1867 3601 gnbernacels

1063 3603 1225 3675 urgeretur,
1246 3611 1323 3666 ugam
1339 3595 1432 3676 inivit,
1448 3595 1616 3668 veniensque
1632 3598 1667 3654 ad
1684 3617 1703 3673 p
1760 3618 1788 3657 m
1801 3601 1866 3658 Pon·

1063 3667 1165 3732 tinum,
1175 3667 1326 3721 solitariam
1338 3666 1376 3722 ibi
1388 3674 1474 3722 vitam
1485 3665 1589 3723 ducere
1599 3670 1697 3742 coepit.
1758 3672 1767 3728 i
1782 3672 1865 3728 vitant

1064 3737 1150 3808 signis
1166 3737 1298 3806 inclytus,
1315 3737 1432 3811 quadam
1451 3737 1513 3794 vice
1525 3738 1589 3795 duci
1601 3740 1758 3814 llaymoni,
1774 3743 1866 3816 eitipe·

1064 3807 1209 3875 riclitanti,
1225 3806 1331 3864 fontem
1354 3809 1411 3864 suis
1425 3808 1599 3866 orationibus
1617 3810 1652 3867 de
1674 3821 1753 3872 terra
1765 3814 1864 3880 eduxit,

1063 3876 1229 3950 tandemque
1248 3879 1346 3950 plenus
1370 3879 1523 3937 sanctitatis
1543 3882 1652 3954 quievit
1672 3885 1751 3942 circa
1772 3901 1865 3943 manu

1063 3949 1442 4007 Dominiocn111.1nhlsatia
1456 3960 1547 4008 castro
1563 3953 1760 4027 Landuuensi,
1776 3956 1866 4015 natalis

1063 4028 1167 4076 sanctae
1182 4020 1281 4077 0diliae
1291 4022 1408 4104 virginis
1421 4021 1577 4079 abbatissae.
1589 4024 1657 4094 Quae
1672 4027 1753 4084 claro
1763 4027 1866 4102 quidem

1063 4093 1233 4148 Francorum
1251 4108 1394 4163 sanguiue,
1416 4094 1463 4150 sed
1477 4110 1551 4151 caeca
1567 4105 1640 4164 nata,
1659 4114 1727 4155 cum
1743 4099 1781 4156 ob
1795 4100 1867 4157 hoca

1063 4171 1140 4235 patre
1153 4163 1242 4220 occidi
1255 4162 1331 4234 jussa
1346 4164 1455 4232 luisset,
1473 4174 1590 4221 amatre
1605 4179 1731 4236 servata,
1747 4178 1866 4227 etsstu

1048 4242 1108 4295 ¹cto
1123 4233 1247 4291 Erhardo
1262 4234 1455 4307 Ratispouensi
1471 4237 1601 4318 episcopo
1615 4239 1761 4298 divinitus
1774 4242 1866 4298 edmo-

1063 4305 1122 4360 nito
1137 4305 1283 4377 baptizata,
1296 4305 1387 4361 visum
1400 4316 1513 4381 recepit.
1529 4308 1666 4367 Posthac
1681 4312 1712 4368 in
1727 4313 1865 4385 gratiam

1062 4384 1138 4449 patre
1149 4385 1285 4449 suscepta,
1297 4378 1507 4445 monasterium,
1519 4381 1594 4450 quod
1605 4389 1684 4454 pater
1695 4382 1863 4448 fundaverat,

1063 4447 1212 4519 regendum
1228 4449 1343 4521 accepit.
1365 4448 1416 4505 Ubi
1439 4451 1535 4507 multis
1553 4450 1715 4524 virginibus
1731 4454 1862 4518 aduenis,

1063 4519 1093 4574 in
1111 4535 1211 4600 inagna·
1231 4520 1376 4575 sanctitate
1392 4520 1500 4591 vivens,
1518 4522 1664 4581 miraculis
1682 4525 1769 4582 etiam
1786 4541 1864 4583 coru-

1062 4607 1151 4657 scans,
1165 4591 1274 4662 quievit
1295 4592 1322 4646 iu
1339 4607 1413 4664 pace.
1432 4617 1440 4638 ι

1099 4688 1208 4744 Munus.
1223 4688 1301 4745 addit
1315 4691 1377 4746 aliis
1390 4692 1500 4761 litteris,
1514 4710 1577 4749 cum
1604 4696 1717 4767 ustis,
1732 4705 1793 4771 post
1804 4713 1862 4769 per·

1062 4776 1138 4814 cussa
1151 4766 1197 4826 rat,
1222 4776 1296 4818 ·ncc
1309 4768 1402 4817 tamen
1413 4770 1531 4832 mortua,
1548 4765 1637 4824 donec
1654 4768 1856 4836 uenientibus·

1062 4837 1114 4886 etc.
1133 4831 1201 4885 Tum
1218 4850 1223 4887 :
1243 4832 1335 4887 ‹ltem
1352 4834 1443 4889 Ursini
1459 4837 1622 4908 martyris·
1643 4839 1863 4897 DeAutbertoin

1063 4902 1134 4956 siue:
1160 4926 1169 4948 ι
1185 4911 1213 4957 et
1228 4903 1412 4970 confessoris;
1433 4905 1513 4978 cujus
1527 4908 1584 4963 vita
1606 4909 1728 4968 illustris
1744 4911 1863 4984 gloriosis

1062 4973 1198 5027 virtutum
1218 4974 1318 5030 claruit
1339 4975 1461 5045 indiciis,
1485 4986 1609 5060 tempore
1629 4982 1781 5054 Dagoberti
1800 4983 1863 5063 regis

1063 5044 1243 5124 Francorum.
1259 5046 1364 5102 Eodem
1390 5048 1444 5115 die,
1462 5057 1550 5106 sancti
1572 5051 1673 5109 Judoci
1691 5055 1861 5111 confesaons.

1063 5114 1166 5170 Eodem
1178 5115 1222 5171 dre
1234 5116 1262 5171 in
1273 5117 1412 5175 territorio
1422 5119 1462 5175 Ar
1480 5121 1620 5179 entinensi
1643 5134 1750 5182 sanctur
1758 5124 1862 5184 Otbiliar

1064 5185 1191 5267 virginis.
1204 5187 1353 5257 llaveunae,
1363 5191 1449 5270 sancti
1461 5136 1644 5250 iussimus·
1665 5197 1787 5253 Demum
1796 5195 1863 5278 typis

1064 5257 1219 5314 minoribus
1242 5277 1248 5314 :
1281 5283 1290 5305 ‹
1311 5260 1390 5316 Faria
1412 5271 1508 5334 quarta
1527 5273 1590 5336 post
1610 5265 1716 5334 Luciae,
1730 5266 1862 5341 jejumum

1061 5329 1222 5385 triduanum
1237 5329 1364 5387 hiemale.
1377 5331 1441 5389 Sive
1451 5332 1552 5390 decimi
1565 5337 1680 5407 mensis,
1693 5337 1730 5397 de
1740 5355 1797 5413 quo
1806 5344 1862 5394 octo

1063 5399 1200 5456 habentur
1210 5400 1335 5458 homiliae
1345 5402 1529 5477 Leonispapae
1541 5406 1562 5462 l.
1575 5407 1607 5463 ln
1615 5408 1701 5492 Orpe,
1708 5425 1780 5483 pago
1787 5408 1863 5483 juxta

1062 5470 1238 5541 Geldoniam,
1249 5480 1353 5531 sanctae
1364 5473 1465 5532 hdiliae
1475 5476 1594 5548 virginis
1604 5478 1787 5538 abbatisam·
1802 5477 1862 5537 uixi

1062 5559 1145 5624 supra
1158 5542 1281 5626 Adiliam
1293 5542 1422 5626 colim
1430 5545 1518 5614 lunii,
1530 5547 1595 5604 vide
1606 5548 1676 5607 licta
1687 5565 1722 5608 eo
1736 5551 1791 5608 die.
1803 5548 1862 5607 Edi·

1062 5621 1153 5671 tiones
1191 5620 1337 5673 osterroree
1352 5613 1426 5672 idem
1450 5616 1553 5675 habent
1565 5617 1601 5675 de
1621 5620 1708 5678 Lucia
1726 5622 1758 5679 in
1777 5628 1852 5679 texts

1062 5682 1137 5767 idem
1160 5629 1190 5741 i)
1224 5683 1475 5773 „dehutbartq
1497 5695 1614 5762 excepta
1636 5692 1774 5776 temporis
1790 5669 1863 5755 noni

1061 5752 1188 5815 Deinde*
1316 5754 1715 5839 apluntmmmctitudocr
1728 5762 1866 5825 mom.
