3834 6136
123 190 176 250 695
785 182 940 242 t'stlaanl
957 183 1130 244 MONACHI.
1725 183 1779 242 699

124 326 249 384 Adonem
264 322 392 380 hahuisse
406 319 601 392 antiqraphum
617 318 728 391 aliquod
745 316 858 389 pretato
868 318 920 399 Ep·
943 316 968 375 A
980 312 1174 393 praepilatas,
1188 309 1426 394 nartpr'effieitar.
1441 307 1602 391 Plusculum
1626 307 1784 380 desumpsit

127 394 278 455 ternacensi
294 393 396 460 simile,
410 410 444 448 ex
460 408 515 464 quo
528 390 770 447 annuntiationem
789 404 865 444 suam
881 405 922 445 src
982 383 1045 439 Ado
1059 400 1094 440 ex
1107 390 1195 465 artata
1204 382 1332 449 historie,
1349 397 1462 464 inqua,
1477 380 1608 436 edrtronrs
1623 378 1784 461 Mantuanae

125 467 271 540 expressit,
286 465 373 521 veluti
390 465 423 521 ab
439 462 599 520 Usuardoin
616 469 738 517 textuex
753 459 925 531 ipsodescri·
980 454 1061 522 4479,
1084 455 1124 510 ita
1143 454 1262 536 legitur:
1283 454 1462 537 §propiorem
1484 467 1594 533 quoqne¹
1606 450 1702 533 ᾴριιιιιι
1728 466 1784 506 sure

125 548 172 614 pta
185 547 227 595 est
242 553 321 605 ;cum
334 532 700 601 hecsoladilierentiaqnod
713 531 926 604 proPlrilerneni
979 525 1340 607 rmntnncudetnamn
1366 525 1473 594 affecere
1504 539 1553 605 rap
1566 523 1655 589 attan,
1685 527 1725 577 ata
1754 527 1785 576 ut

124 610 241 673 Adonis,
259 608 359 664 malins
375 608 473 664 Noster
485 623 519 662 ex
537 605 594 660 anti
616 603 742 660 nioribns
761 602 923 669 restitnerit,
980 613 1067 653 omnes
1082 598 1105 653 ei
1123 602 1266 666 puncturas
1279 595 1457 650 membrorum
1530 610 1562 648 us
1589 593 1721 648 solventes
1752 592 1785 648 de

125 679 386 741 PhilominiCaetera
399 621 694 749 videapndlauiatnm
710 672 923 731 Florentinium.
980 669 1172 750 srrperiora'bns·
1185 684 1243 723 eum
1255 610 1529 747 praecipitarentssrx¹
1553 662 1668 721 laudato
1687 635 1784 746 Arione

126 754 296 811 Thesaurum
313 749 426 807 effodiet
440 749 566 822 quisquis
580 747 847 803 horumsanctorum
856 743 926 801 Acta
980 747 1075 796 nostra
1096 755 1192 796 omura
1211 739 1291 807 plane
1320 737 1445 793 derrvata
1468 743 1545 803 sunt,
1567 742 1681 792 serrato
1705 735 1783 792 bean

126 824 255 883 alicunde
287 823 399 878 enrerit.
420 819 501 893 Apud
511 818 741 878 wandalbertum
768 814 859 873 tribus
881 815 926 873 his
980 811 1093 893 tyranni
1113 811 1236 879 nomine,
1261 807 1336 883 quod
1359 823 1533 890 perperama
1553 807 1684 890 quano
1698 821 1784 932 perro

126 897 271 955 versiculis
282 894 438 951 laudantur:
980 890 1120 939 invectum
1132 890 1182 951 est,
1194 897 1257 938 cura
1270 896 1305 937 ex
1323 879 1455 952 praedicta
1469 881 1598 951 llronysn
1611 885 1705 950 episto
1715 892 1743 945 a,
1754 883 1784 934 nt

189 977 464 1035 crernananoamarr
479 974 628 1025 caemani
643 971 859 1030 eustominusque
980 953 1140 1010 etiamalihi
1167 949 1649 1034 conmanducmannenissirna
1672 955 1784 1005 conans

190 1041 313 1092 Octavam
333 1041 458 1090 dirimam
475 1038 627 1088 Decembris
638 1043 697 1083 anae
710 1031 850 1084 Kalendas.
979 1023 1256 1090 bietramCointam,
1274 1023 1453 1095 Apollomam
1468 1028 1496 1077 et
1515 1019 1580 1077 Sera
1601 1035 1697 1077 ronam
1719 1027 1783 1076 ante

193 1104 250 1152 Hae
268 1105 363 1160 partiar
374 1103 442 1151 narrt
455 1101 638 1161 tortarisiusaa
650 1098 758 1146 arnano.
979 1093 1126 1152 horribilia
1136 1103 1164 1151 et
1177 1094 1298 1151 terrifica
1310 1094 1387 1151 Decii
1403 1093 1506 1160 edicte,
1522 1037 1782 1164 furibundapopuli

162 1185 294 1256 Serapion
309 1182 424 1239 debetur
437 1181 542 1237 auctori
558 1176 773 1249 Romanipervi,
792 1175 926 1258 qniprre-
979 1165 1115 1223 seditione
1143 1166 1229 1250 fuisse
1250 1166 1441 1237 interemptos.
1472 1162 1587 1221 Conanti
1619 1161 1782 1291 lgetgepaa

128 1252 926 1398 llllllatlllr‘llltlntlllllletll”elilim
979 1237 1783 1391 lieleillitilitlldlt‘lltllttlalatet

129 1414 197 1455 num
208 1398 335 1468 epistola.
350 1396 422 1466 apud
439 1394 569 1452 Rrrhnnm
585 1393 634 1451 lib.
650 1408 758 1464 recep.
774 1390 927 1462 ³¹,eana
981 1396 1058 1463 num.
1076 1382 1087 1436 l
1130 1423 1137 1442 .
1154 1380 1198 1463 vel
1214 1389 1307 1462 potrus
1318 1379 1449 1452 fonsrpse
1463 1378 1536 1447 apud
1551 1376 1711 1434 Eusebium
1720 1374 1782 1459 edr-

129 1470 267 1540 superins,
283 1485 354 1524 xxm
370 1467 504 1532 ianuarii,
520 1467 650 1530 ldetram;
671 1463 798 1522 Cointam
821 1477 883 1526 vrri,
898 1466 927 1516 et
978 1459 1066 1533 iloltts
1084 1451 1238 1534 Yaleqttnae
1263 1451 1312 1534 hh.
1328 1468 1368 1521 V1,
1389 1467 1450 1522 0⁸9·
1471 1449 1517 1517 Η,
1534 1465 1571 1506 0¹
1590 1465 1648 1524 (1¹10
1676 1455 1781 1522 1000914

129 1542 306 1613 Apolloniam
320 1556 358 1596 rx.
377 1538 520 1595 Februarii
538 1537 675 1594 dedimus.
700 1535 745 1593 Sic
759 1532 853 1605 paucis
867 1546 926 1586 rem
981 1523 1145 1580 llurnartrus
1160 1539 1189 1579 m
1202 1522 1317 1580 selectas
1332 1539 1393 1597 paq.
1411 1521 1472 1579 tot.

129 1613 339 1686 complectitur:
354 1610 540 1675 Alexandriae,
557 1606 719 1680 Serapionis,
731 1605 778 1676 qai
791 1600 926 1659 sablleeia

866 1736 1058 1797 Acclama

167 1866 340 1931 Carrucam,
372 1863 400 1918 in
428 1862 520 1944 prima
537 1860 609 1943 ,satis
633 1858 789 1941 purusqsia
834 1857 907 1940 ergit
923 1852 1225 1939 :Bgine,sed·eadem
1241 1872 1327 1913 mauu
1339 1853 1490 1940 ascriptum
1501 1859 1560 1912 est:
1580 1831 1779 1910 ‹Sanctiioau

136 1961 146 1984 ι
162 1935 349 1992 Alexandriae:
362 1933 434 1988 beati
450 1931 608 2003 Seraproms
622 1939 761 2002 martyris.
777 1930 808 1985 ln
845 1928 930 1986 aodr-
984 1944 1028 1984 urs
1042 1935 1163 1985 eremitae
1174 1937 1201 1985 et
1210 1929 1387 1986 confessoris.
1402 1952 1411 1977 ι

130 2008 184 2069 cia,
200 2005 288 2061 sancti
305 2003 450 2059 Anatholii
464 2001 597 2129 esiaoopi.
614 2026 623 2049 ι
1018 1999 1174 2056 Aureum:
1196 1999 1267 2072 «ipso
1282 1998 1338 2068 die,
1353 1996 1497 2056 translatio
1512 1995 1696 2054 Erkenrraldi
1708 1995 1780 2053 Lou-

166 2076 368 2131 Bausaacsra:
392 2073 469 2142 «Apu
499 2071 930 2144 Alexandriam,sanctiSerapio·
983 2069 1126 2127 douleusis
1140 2071 1232 2143 episco
1253 2089 1298 2128 a·
1319 2071 1428 2130 Colitur
1437 2068 1668 2143 sxAprilis.·1n
1684 2066 1781 2125 Laodi-

131 2148 185 2211 nis,
200 2145 313 2216 gloriosi
328 2144 469 2217 martyris.
482 2145 567 2212 Quem
584 2143 636 2200 sub
648 2144 731 2201 Decio
741 2143 847 2201 Caesare
861 2161 930 2217 per·
983 2143 1037 2208 cia,
1053 2143 1141 2199 saneti
1156 2089 1301 2200 Anatiolii
1316 2141 1469 2215 episcopi.»
1741 2209 1748 2221 .

130 2224 284 2285 secutores,
299 2224 366 2285 etc,
393 2240 402 2264 ι
430 2215 540 2282 liniens,
564 2223 617 2272 «et
641 2215 681 2272 sio
696 2214 799 2272 Christi
824 2226 931 2289 martyr
1019 2214 1214 2271 Florianum:
1238 2210 1783 2286 1luterritorioRotomaqensiinrrlh

131 2289 245 2346 allectus
273 2296 325 2346 est.
352 2313 361 2336 ι
392 2289 466 2344 lnter
490 2287 684 2344 Hemcleenses
706 2288 818 2342 tertium
849 2295 931 2345 uocat
984 2285 1069 2356 Angi,
1083 2287 1171 2342 sancti
1187 2285 1327 2342 Laurentii
1340 2283 1537 2358 archiepiscopi
1554 2293 1581 2341 et
1609 2281 1782 2349 confessoris,

131 2360 331 2417 Philemonem.
354 2358 486 2428 Sequitur
502 2376 509 2413 ε
533 2383 543 2405 ‹
558 2358 658 2414 Adhuc
674 2358 702 2412 in
719 2357 825 2426 l'racia,
839 2361 931 2416 natale
985 2356 1033 2430 qni
1048 2365 1156 2413 tantum
1170 2357 1243 2429 apud
1258 2360 1345 2414 Deum
1356 2357 1415 2413 vita
1429 2365 1457 2413 et
1471 2355 1616 2412 miraculis
1629 2353 1783 2425 extititglo

131 2441 290 2488 sanctornm
316 2437 470 2498 martymm
488 2428 591 2495 Edirti,
615 2427 931 2502 Euthiaiattrmogenis
985 2427 1086 2496 riosus,
1120 2435 1151 2484 ut
1182 2428 1255 2484 inter
1285 2429 1339 2485 elia
1373 2428 1459 2484 multa
1498 2425 1645 2494 miracula,
1683 2432 1783 2498 septem

131 2511 158 2560 et
172 2501 317 2558 Felioiani.
329 2500 397 2557 ltem
408 2499 468 2557 liuh
483 2499 657 2556 contessoris.
672 2525 681 2547 ·
985 2507 1109 2555 mortuos
1119 2499 1276 2568 suscitasse,
1293 2497 1416 2557 veridica
1431 2497 1608 2556 attestatione
1629 2505 1778 2554 nummus·

167 2574 350 2629 Hananorerr.
365 2591 371 2627 ε
396 2574 448 2629 «ln
461 2571 662 2640 Anqliasancti
673 2572 814 2629 Laurentii
829 2574 932 2642 episco-
1021 2570 1231 2628 cranemerae:
1246 2570 1341 2627 Natale
1354 2570 1442 2627 sancti
1456 2569 1554 2641 Antiqi
1579 2567 1779 2626 condemns·

131 2644 161 2718 pi
176 2651 203 2700 et
216 2643 382 2699 contessoris
404 2644 471 2699 item
480 2642 567 2699 sancti
581 2641 654 2708 liuh,
665 2644 747 2715 primi
756 2645 932 2701 Avenionen·
1021 2640 1116 2698 Editio
1130 2641 1320 2701 busaeo-Coa.
1332 2641 1448 2713 incipit:
1470 2639 1686 2708 «Alexandriae,
1701 2637 1784 2696 uncti

132 2715 171 2772 sis
187 2714 311 2770 ecclesia
323 2714 444 2787 episcopi
462 2721 489 2769 et
503 2713 680 2770 confessoris.
696 2739 705 2762 ι
723 2715 773 2771 Ειι
787 2717 814 2770 in
825 2716 933 2772 Roma·
985 2712 1154 2784 Serapionis,
1171 2728 1253 2785 quem
1264 2720 1462 2785 persecutores,
1479 2711 1532 2769 auh
1556 2711 1643 2768 Decio
1665 2709 1784 2792 principe

133 2801 170 2841 no
182 2801 223 2842 ιιι
235 2784 410 2841 Novembris.
434 2784 584 2851 «Viennae,
601 2785 687 2842 sancti
710 2786 847 2843 Enatichii
875 2787 931 2859 epi·
985 2784 1082 2841 domui
1093 2801 1149 2841 sue
1164 2792 1315 2858 repertum,
1334 2793 1387 2841 etc.
1408 2785 1476 2841 item
1493 2782 1785 2854 Alexandrianum

133 2855 220 2925 scopi.
238 2882 247 2905 ι
263 2855 335 2912 Vide
345 2857 430 2913 citato
440 2855 484 2911 die
500 2855 640 2923 Auctoris,
653 2854 701 2911 nbi
711 2857 856 2922 Eairlaias,
882 2858 930 2926 al.‚
985 2861 1145 2913 sanctorum
1163 2864 1318 2925 martyrum
1347 2855 1438 2924 Helai,
1458 2852 1625 2927 Trophonii,
1641 2851 1776 2910 Martialis

133 2928 280 2995 Hesychius
300 2927 465 2998 appellatur.
488 2926 618 2998 Sequitur
645 2926 753 2996 longior
767 2927 885 2983 historia
898 2928 932 2984 de
985 2925 1138 2982 Alexandri
1164 2935 1192 2983 et
1219 2927 1336 2993 Silvani,
1361 2927 1555 2999 sociorumque
1582 2940 1693 2981 eorum.
1711 2893 1785 3005 Apud

133 3000 209 3055 Isaac
223 2997 391 3069 patriarcha,
405 2997 486 3068 cujus
498 3005 602 3062 partem
618 2996 666 3053 hic
678 2997 814 3068 subjicio:
837 3000 933 3055 «isaac
985 2996 1253 3064 Thrabeam,nataie
1268 3005 1426 3054 sauctorum
1445 3006 1601 3069 martyrum
1614 2993 1786 3054 Clementini

134 3069 308 3142 patriarche.
321 3068 372 3125 llic
386 3070 420 3126 de
434 3067 548 3124 senibus
562 3067 731 3140 parentibus,
762 3084 810 3140 per
833 3085 932 3141 repro-
985 3067 1119 3194 episcopi.
1130 3067 1267 3124 Theodori
1282 3076 1309 3124 et
1319 3067 1482 3132 Philomini,
1498 3067 1546 3141 qni
1557 3067 1715 3123 incivitate
1726 3064 1784 3121 lira·

133 3141 295 3197 missionem
310 3141 422 3196 Domini
440 3147 581 3204 natusest,
593 3146 619 3196 et
631 3139 664 3195 ab
679 3140 776 3207 anceio
790 3156 891 3196 nomen
907 3141 932 3197 ei
985 3154 1044 3196 oea
1058 3139 1129 3210 passi
1141 3147 1215 3195 sunt.
1232 3138 1317 3197 Colon
1323 3140 1348 3195 ia
1356 3139 1519 3211 Agrippina,
1532 3138 1563 3194 in
1576 3134 1784 3195 ecclesiarauati

134 3211 295 3282 impositum
310 3220 370 3276 est,
386 3211 499 3268 etillius
509 3210 803 3282 meritumetdignitas
816 3211 932 3283 prophe·
947 3209 970 3270 C
987 3208 1103 3266 Andreae
1131 3211 1260 3281 apostoli,
1280 3211 1508 3267 commemoratio
1538 3209 1629 3266 sancti
1643 3206 1784 3267 Cuniberti

133 3290 191 3339 tata
205 3291 255 3339 est.
270 3283 322 3338 llic
336 3282 459 3339 dolorem
481 3283 578 3338 mortis
594 3282 690 3338 matris
710 3284 876 3353 temperavit
902 3284 932 3339 in
986 3279 1185 3352 archiepiscopi
1201 3289 1228 3338 et
1241 3282 1430 3339 contemmis.»
1452 3280 1526 3349 Quid
1539 3279 1587 3337 hio
1600 3277 1783 3349 velit,uescio;

133 3353 330 3425 conjunctione
345 3354 571 3411 Rebeccaeuxoris
585 3370 651 3419 suas,
672 3352 706 3410 de
719 3370 773 3426 qna
787 3354 857 3410 dnos
875 3353 933 3425 ipse
987 3351 1130 3410 Cuniberti
1146 3352 1283 3410 festivitas
1302 3362 1342 3411 est
1360 3369 1444 3424 snpra
1457 3369 1499 3408 xrr
1512 3350 1694 3408 Novembris.

134 3426 228 3497 genuit
243 3425 327 3491 lilios,
343 3426 449 3482 scilicet
464 3427 535 3481 Esau
550 3435 577 3481 et
591 3424 685 3483 Jacob.
705 3450 714 3474 ι
739 3435 804 3492 etc..
828 3442 888 3498 quae
903 3425 933 3481 in
1024 3422 1150 3480 Genuam.
1166 3442 1172 3480 :
1195 3425 1341 3482 ·Platonis
1357 3425 1497 3496 martyris.
1513 3422 1707 3491 Alexandriae,
1730 3434 1784 3476 sau·

133 3497 219 3551 sacris
247 3496 355 3568 paginis
369 3497 469 3553 melius
494 3494 614 3551 deducta
639 3503 713 3551 sunt.
731 3497 800 3550 Tum
829 3495 934 3565 aqitde
987 3502 1095 3551 ctorum
1111 3496 1202 3564 lielei,
1217 3495 1523 3567 Trophini.ldarcialis,
1532 3493 1689 3551 Alexandri
1703 3489 1785 3549 easti-

134 3565 292 3638 Serapione,
304 3565 369 3621 inde
383 3568 417 3621 de
432 3565 668 3629 Heracleensibus,
683 3566 749 3621 satis
760 3582 838 3637 pure.
851 3566 934 3621 Derai·
987 3563 1052 3619 vani
1073 3573 1239 3648 martyrum,
1254 3582 1316 3623 arrm
1332 3567 1395 3621 aliis
1411 3566 1518 3622 multis.
1543 3565 1652 3621 Albrici
1668 3581 1684 3620 e
1705 3559 1784 3633 iacopt

134 3653 197 3710 que.
220 3635 325 3707 «Apud
339 3634 549 3692 Alexandriam.
568 3636 768 3706 quinquaqinta
789 3634 933 3693 rhetorum
988 3634 1171 3706 Trajectensrs
1180 3644 1207 3692 et
1222 3636 1395 3693 confessoris.
1410 3636 1531 3693 Heraclii
1547 3636 1642 3705 episco
1664 3635 1684 3691 i.
1725 3632 1785 3691 ido-

136 3716 302 3776 martyrum,
319 3721 388 3776 qnos
415 3705 496 3760 beata
518 3704 668 3760 Katherine
691 3706 841 3771 convertit,
862 3706 935 3762 inter
987 3705 1040 3761 lini
1058 3706 1303 3779 episcopiliodani
1313 3706 1444 3780 episcopi.
1460 3706 1613 3780 Pyamonis
1663 3705 1748 3763 battis
1759 3710 1785 3760 at

135 3792 204 3848 qnos
217 3775 384 3845 principales
398 3775 509 3829 fuerunt
527 3775 691 3845 Eustorgius
702 3784 729 3830 et
739 3777 823 3844 Apro.
839 3799 848 3821 ι
869 3776 934 3832 Plus
988 3777 1164 3833 confessoris.
1181 3778 1243 3835 Rufi
1256 3778 1434 3836 confessoris.
1452 3778 1560 3849 Attingi
1573 3773 1784 3834 confessorisln

134 3845 240 3915 aliquid
257 3844 350 3912 audet,
365 3862 447 3914 qnam
462 3845 510 3900 alii
525 3845 633 3901 codices
647 3844 691 3899 die
704 3844 879 3914 praecedenti.
989 3847 1098 3915 Galliis,
1109 3847 1281 3905 Veneranda
1296 3850 1413 3921 virginis
1431 3856 1459 3906 et
1474 3847 1699 3920 meministine
1714 3856 1787 3903 tem-

171 3917 316 3979 Aourcmr.
333 3916 361 3970 in
377 3916 453 3971 dne:
477 3914 628 3985 «laenate,
648 3916 749 3973 natalis
768 3915 857 3973 saneti
872 3917 935 3973 An·
989 3934 1055 3990 pore
1069 3918 1215 3987 Antonini,
1232 3920 1345 3992 prohde
1356 3919 1459 3978 Christi
1471 3920 1499 3976 in
1511 3921 1786 3990 liqnoexteusaprar·

135 3989 195 4057 tiqii
211 3987 387 4042 confessoris.
404 4009 413 4033 i
432 3985 504 4041 ldem
522 3985 603 4042 habet
611 3985 704 4044 Codex
716 3989 746 4043 l).
761 4004 799 4044 nu
809 3986 933 4057 Curvae,
988 3988 1032 4044 vis
1046 3989 1142 4046 crudis
1152 3991 1278 4057 ceditur,
1294 3990 1395 4048 deinde
1409 3992 1528 4049 lebetem
1541 4006 1624 4064 aqna,
1643 3990 1719 4057 oleo,
1731 3992 1785 4061 pias

134 4060 258 4129 signatus
272 4055 303 4116 C.
318 4056 389 4115 Vide
406 4056 601 4127 Castellanum,
623 4073 708 4131 aquo
721 4067 836 4117 vocatur
859 4061 934 4116 Anti·
988 4076 1021 4117 ac
1036 4061 1169 4133 sulphure
1194 4063 1358 4119 bullientem
1388 4064 1497 4138 aliaque
1522 4069 1660 4119 tormenta
1686 4055 1786 4120 Christi

135 4131 207 4186 dina.
989 4131 1094 4188 uirtute
1103 4149 1244 4206 superans,
1261 4150 1323 4191 cum
1335 4134 1398 4191 aliis
1412 4134 1551 4207 pluribus,
1559 4132 1607 4214 qui
1618 4133 1648 4189 in
1660 4132 1787 4207 ejurare·

171 4201 636 4261 Marma-claras.-Uarmraaa:
656 4201 850 4260 «Clementini
865 4219 935 4259 mar·
990 4202 1110 4259 sessione
1138 4204 1327 4273 crediderunt,
1350 4206 1450 4278 capitis
1478 4205 1634 4262 abscisione
1663 4210 1736 4261 mart
1769 4198 1785 4213 ““

135 4274 279 4346 tyriacum
294 4274 387 4331 sociis.
404 4273 562 4344 Serapionis
576 4273 706 4347 martyris
722 4274 857 4344 inclyti·
991 4274 1106 4347 gloriam
1122 4284 1268 4332 consecuta
1290 4284 1340 4333 est.
1358 4279 1438 4344 ltem,
1457 4277 1544 4334 beatas
1562 4275 1708 4335 memorias
1746 4274 1787 4330 la·

171 4346 319 4402 Aucansrs.
338 4345 400 4401 Alia
414 4362 495 4401 mann
508 4345 657 4413 adjicitur:
677 4346 831 4418 «ipsanio,
847 4347 935 4403 sancti
990 4345 1072 4405 oilla.
1088 4347 1185 4403 uxoris
1200 4348 1346 4404 Theodosii
1365 4348 1572 4421 imperatoris·

135 4416 277 4473 Laurentii
293 4417 413 4488 episcopi
430 4416 618 4485 Dubiinensis‚
636 4418 717 4490 legati
732 4419 818 4475 totins
834 4417 936 4473 Hiber·
1026 4417 1135 4474 llouarr.
1155 4437 1161 4474 :
1180 4443 1190 4467 ι
1209 4419 1312 4476 Eodem
1325 4418 1380 4489 die,
1392 4420 1465 4477 beati
1480 4418 1623 4476 Laurentii
1637 4435 1653 4475 e
1673 4417 1791 4489 isoopisi

136 4488 201 4554 niae,
217 4488 264 4560 qui
277 4489 341 4544 vitae
356 4487 518 4559 temporalis
531 4488 661 4544 ultimum
677 4489 750 4544 diem
767 4488 936 4545 transeundo
991 4488 1167 4547 confessoris.
1185 4515 1194 4537 ·
1212 4489 1333 4553 Additur
1349 4490 1504 4547 minoribus
1515 4489 1627 4563 typisz·
1670 4488 1789 4547 ublinsn·

136 4558 369 4614 interminandum
387 4560 501 4628 gloriam
521 4559 636 4625 adeptus
650 4567 703 4627 est,
724 4561 769 4632 qni
795 4560 937 4615 miraculis
951 4569 975 4627 Ι)
991 4558 1028 4613 sis
1042 4567 1069 4614 et
1083 4561 1208 4633 primatis
1223 4562 1471 4634 hyberniaecajus
1487 4562 1544 4617 vita
1554 4558 1789 4618 sanctissimaba·

137 4628 260 4684 illustrat
275 4630 455 4685 Ecclesiam·
473 4630 538 4686 Vita
552 4630 723 4700 exstatapud
740 4629 937 4687 Srrrium.Vide
991 4628 1081 4686 betur.
1097 4657 1106 4679 ·
1130 4632 1276 4689 Editiones
1291 4634 1456 4704 posteriores
1476 4632 1510 4689 de
1526 4632 1678 4689 Laurentio
1692 4626 1789 4689 Dubii·

138 4700 221 4755 etiam
239 4709 333 4755 notam
346 4700 376 4755 P.
393 4700 522 4756 liothier.
541 4701 624 4757 Plura
648 4701 754 4757 dabunt
774 4701 861 4770 varia,
877 4718 937 4774 quae
992 4702 1070 4757 mensi
1086 4702 1127 4759 sic
1142 4705 1235 4784 lepunt
1253 4722 1259 4759 :
1284 4703 1382 4774 «Apud
1398 4703 1612 4775 Rothomagam,
1629 4702 1705 4760 beati
1717 4700 1789 4756 bau-

138 4785 222 4841 penes
234 4786 284 4824 nos
299 4777 374 4838 sunt,
387 4773 586 4839 manuscripta.
992 4772 1076 4829 rentii
1090 4773 1271 4831 Dublrnensis
1286 4775 1407 4848 episcopi
1421 4782 1448 4831 et
1463 4773 1639 4833 confessoris.
1656 4797 1667 4822 ι

173 4841 205 4896 lu
219 4839 370 4908 Vasacen,
385 4856 464 4897 num.
480 4840 562 4909 5949,
577 4841 695 4899 rubricis
710 4843 739 4898 iu
754 4842 858 4900 codicis
868 4858 937 4898 mar·

857 5027 1069 5046 aun-,m-

135 5122 216 5182 XVII
232 5128 296 5182 Kai.
1685 5136 1736 5194 Die
1747 5134 1788 5192 ib·

171 5213 254 5286 Apud
266 5215 375 5287 Nolam,
406 5216 564 5291 Campania
580 5217 689 5288 urbem,
705 5219 805 5277 nablis
829 5218 904 5278 beati
932 5223 1033 5283 Felicis
1048 5227 1181 5300 episcopi,
1198 5228 1264 5302 quia
1282 5228 1384 5301 quinto
1399 5226 1511 5286 decimo
1527 5225 1621 5285 aetatis
1638 5243 1698 5285 sue
1709 5240 1790 5291 auno,

137 5310 336 5370 miraculorum
352 5314 441 5388 gloria
456 5315 576 5388 insignis
587 5316 651 5385 fuit,
664 5325 692 5374 et
704 5317 755 5375 sub
770 5319 908 5377 Martiano
922 5315 1039 5393 preside
1054 5334 1117 5375 cum
1127 5316 1191 5374 aliis
1203 5317 1320 5391 triginta
1333 5317 1504 5390 martyrium
1511 5313 1791 5391 complevitdpsudis

137 5399 226 5454 sancti
241 5400 370 5474 Engenii,
396 5401 464 5476 qnid
488 5404 561 5475 apud
576 5419 675 5476 papum
697 5404 924 5476 Parisiacensem,
941 5412 1134 5464 consummato
1150 5406 1277 5480 martyrii
1293 5423 1387 5474 eumn,
1404 5407 1492 5464 beatas
1516 5406 1790 5481 passionisooroasm

137 5487 260 5556 percepit
272 5505 287 5544 a
300 5490 429 5546 Domino.
443 5489 537 5564 [Apud
551 5493 711 5563 bouillart,
727 5495 756 5549 in
771 5496 892 5567 maraine
910 5513 919 5551 :
935 5495 1040 5553 Eodem
1054 5495 1111 5564 die,
1127 5497 1216 5555 sanati
1231 5498 1333 5556 discuti
1347 5497 1470 5572 episcopi
1483 5505 1511 5555 et
1527 5490 1810 5569 cantnwrtsapni.

137 5575 335 5632 monasterium
348 5577 376 5635 S.
392 5578 533 5648 Germani,
548 5580 686 5639 dedicatio
709 5584 830 5641 ecclesie
844 5583 874 5640 in
891 5583 997 5664 honore
1006 5585 1035 5644 S.
1054 5585 1191 5645 lobannis
1204 5586 1347 5662 Baptista,
1369 5585 1515 5662 noctique
1524 5585 1661 5645 lobannis
1674 5578 1792 5660 spcstdi

137 5668 165 5720 et
179 5663 354 5733 evangeliste
368 5675 396 5723 et
410 5667 437 5725 S.
453 5669 607 5739 Martialis3
623 5680 784 5731 sanctornm
798 5683 954 5747 martyrum
965 5674 1120 5733 baummiii
1135 5673 1303 5743 Sabatini,
1318 5672 1525 5752 christophori,
1534 5689 1645 5734 uacuos
1657 5671 1707 5733 SS.
1722 5686 1796 5743 w,

138 5745 272 5812 fessorum
285 5753 408 5824 Martini,
420 5757 556 5831 Gregorii,
570 5760 715 5821 Benedicti
729 5770 757 5820 et
770 5770 871 5822 sanate
884 5762 977 5824 Mariae
991 5761 1183 5841 Maleum]
1337 5770 1340 5775 '
1705 5794 1712 5801 ·
