3834 6136
73 164 142 240 ara'
602 174 917 242 uunarrmmcrtm.
938 217 973 228 -
991 186 1095 245 neas.
1115 190 1197 248 ilua.
1679 201 1731 262 350

72 322 131 364 runt
145 301 257 362 Rustici
273 312 300 360 et
314 302 403 385 Firmi
421 303 524 388 civium
549 305 781 431 Perqamensium,
812 311 986 438 l'e-Aqiag.
1004 313 1063 369 loe.
1081 313 1380 387 laeditionihusaliis,
1398 319 1438 376 sic
1457 319 1560 379 habet:
1598 327 1727 387 «Eodem

72 396 155 435 rena.
178 401 186 420 ·
212 377 282 431 Turn
300 377 455 432 narriorrhus
465 386 539 450 typis
551 398 556 434 :
580 403 589 424 ι
604 379 698 434 letale
712 389 869 438 sanctorum
947 384 979 451 ie,
996 384 1122 452 Verona,
1135 395 1292 444 sanctorum
1304 398 1456 462 martyrum
1467 395 1572 452 Rustici
1586 406 1612 454 et
1620 398 1706 457 Firmi
1718 444 1725 458 .

72 447 213 530 h'ttrnidici
229 447 385 529 presbyteri
403 457 429 529 et
445 450 574 530 nrartyris
588 467 650 506 curn
672 452 734 506 aliis
764 455 867 511 multis.
924 454 1081 512 Catalaunis
1095 458 1217 528 civitate,
1227 461 1313 516 saneti
1324 463 1604 539 llomitianiepiseopi
1615 477 1725 529 eleon-

72 525 110 580 lle
122 520 223 595 quihus
234 521 392 592 Cyprianus
404 537 431 574 m
441 523 556 591 epistola
566 521 747 591 adeliaconos,
758 525 868 598 presby·
923 526 1043 584 sessoris.
1065 554 1073 576 ι
1090 529 1206 588 Ponitur
1223 532 1252 589 itt
1267 533 1401 591 Romano.

74 601 178 652 ternset
190 592 299 664 plebem
312 590 585 663 Carthaginensem.»
600 594 670 652 Vide
682 596 868 666 Ruinartium,

797 722 1006 736 ν-υ-η--ιι

74 779 108 839 W
119 778 194 834 Mli-
1618 792 1668 849 Die
1683 795 1726 852 ill.

103 871 195 926 Reme
210 867 256 922 via
271 864 428 932 Tiburtina,
445 865 545 922 natalis
558 865 630 922 beati
645 868 784 924 laurentii
800 868 998 933 archidiaconi.
1011 873 1057 944 qui
1074 883 1207 945 praesente
1221 875 1309 931 Decio
1335 876 1511 950 imperatore,
1529 889 1592 952 post
1606 883 1727 955 plurima

73 966 206 1015 tormenta
228 955 359 1019 carceris,
374 956 519 1010 verberum
535 956 718 1026 diversorum,
736 960 902 1016 laminarum
919 960 1086 1031 ardentium.
1109 963 1143 1018 ad
1159 964 1289 1020 ultimum
1309 966 1338 1021 in
1353 967 1485 1025 craticula
1505 968 1594 1026 ferree
1608 981 1724 1046 assatos,

75 1048 234 1121 martyrium
249 1044 410 1118 complevit.
427 1045 531 1100 Eodem
547 1046 593 1101 die
607 1047 710 1116 Romae,
727 1047 847 1105 militurn
860 1059 971 1107 centurn
986 1054 1126 1126 sexaginta
1143 1055 1277 1128 quinque.

833 1177 949 1234 NOTAE.

106 1272 222 1331 Codices
235 1269 299 1344 puri
313 1276 379 1326 sunt
399 1270 521 1337 Protea,
537 1271 684 1340 Hermion,
706 1274 960 1346 alatnerp.-alleior,
977 1278 1128 1350 llesrcepd„
1143 1280 1317 1352 Arataerpien.
1333 1290 1361 1340 et
1384 1284 1594 1356 tria-tcta,
1629 1290 1723 1348 Mane-

76 1369 137 1430 rnt.,
165 1360 256 1419 Belial
262 1358 354 1432 prime
368 1358 457 1426 editio,
476 1359 585 1414 dreani.
601 1369 628 1416 et
642 1363 745 1420 diolco.

678 1491 880 1549 veniabilis
899 1495 1102 1553 LECTlONES.

107 1591 163 1646 Pro
178 1588 324 1654 Tiburtino,
334 1587 458 1643 scribunt
466 1588 579 1643 Belinus
590 1598 617 1645 et
626 1589 749 1647 llelanus
764 1593 863 1664 prrir·
921 1596 1096 1652 nuntiatione
1106 1598 1241 1669 expungit
1259 1608 1392 1672 martyres
1402 1611 1525 1670 centum,
1537 1603 1639 1675 legens,
1651 1605 1720 1661 inili-

70 1663 135 1729 tino,
152 1659 860 1740 antuerp.etbiam-Lumo.Loni·eaeii.hnttrerp.-
917 1673 970 1720 tuin
991 1669 1127 1735 serapiam
1152 1670 1275 1740 quinque.
1304 1673 1335 1727 In
1364 1673 1615 1746 hatuerp.·hlaj0re
1639 1675 1715 1732 deest

68 1732 128 1803 llaj.
139 1733 386 1812 solustranspemt,
396 1732 582 1802 postpltnimo
595 1735 856 1794 eorearistermenta.
914 1739 1036 1793 miiitum.
1053 1739 1142 1794 Belin.
1154 1750 1245 1795 autem
1261 1741 1300 1797 sie
1317 1742 1416 1799 habet:
1435 1746 1533 1814 Romae,
1557 1754 1711 1803 sanctorum

68 1804 208 1861 lierinieu.
227 1804 440 1860 Lcarimineruaa.
466 1805 612 1878 licsweyd.
634 1809 796 1863 exsecunda
811 1825 856 1864 ait·
912 1817 1011 1864 centurn
1028 1811 1304 1882 seaopirrtoqnieqne.

741 1935 1043 1994 OBSERVATIONES.

104 2033 142 2088 lle
156 2039 248 2087 sancte
267 2033 412 2088 Laurentio
431 2032 537 2088 notiora
560 2039 621 2087 sant
642 2033 741 2101 oniriin,
772 2034 862 2107 inquit
876 2039 899 2099 Β
915 2034 971 2090 sius
987 2036 1016 2091 in
1039 2035 1095 2090 line
1111 2036 1316 2092 dissertationis
1338 2037 1425 2094 tertiae
1440 2038 1473 2094 de
1498 2040 1610 2111 epochis
1629 2041 1735 2113 Syre-u

67 2105 265 2172 Florentinum,
287 2122 368 2175 quum
386 2112 416 2159 nt
433 2105 538 2174 aliquid
561 2106 657 2160 addere
671 2112 798 2175 operteat.
815 2108 860 2162 Sic
915 2107 1122 2163 hlacedonuma
1140 2124 1199 2178 pag.
1218 2109 1271 2164 dili
1280 2108 1411 2165 editionis
1422 2111 1587 2182 Lipsiensis,
1598 2113 1718 2169 subscri-

67 2192 105 2239 est
115 2201 121 2248 ;
132 2193 197 2234 natu
222 2177 418 2258 llartyrologia
430 2183 523 2231 nostra
537 2177 640 2242 omnia,
653 2178 708 2232 ime
719 2186 745 2233 et
760 2179 859 2233 Kalen·
914 2178 1042 2234 bentibus
1056 2178 1172 2233 eruditis
1187 2180 1397 2245 recentioribus,
1418 2198 1536 2253 qnorum
1555 2193 1717 2255 argumenta

69 2254 142 2310 daria
159 2248 358 2315 vetustissima,
376 2255 460 2304 utest
483 2248 685 2303 illudPelemei
714 2249 806 2316 Silvii,
833 2256 859 2304 et
914 2266 963 2304 suo
989 2258 1110 2322 ternpore
1138 2258 1218 2305 erunt
1238 2252 1427 2322 expendenda.
1445 2253 1524 2319 Quod
1549 2255 1625 2310 sinec
1648 2257 1716 2327 ipsa,

67 2324 142 2382 aliud
156 2320 320 2378 aBucherio
332 2319 447 2385 editum,
464 2319 528 2374 item
546 2320 768 2391 Carthaginense,
785 2322 858 2375 Alla-
914 2336 973 2394 quae
990 2322 1166 2376 laurentium
1187 2323 1300 2377 seorsim
1310 2331 1444 2393 spectant,
1456 2324 1525 2380 heta
1533 2325 1615 2381 tutari
1626 2327 1716 2398 possit

67 2398 182 2458 tionum,
197 2392 468 2458 Frontonianurn,et
481 2391 705 2459 sacramentaria,
722 2393 859 2463 gloriosis·
913 2392 1200 2458 mtrs,laoilealiunde
1226 2394 1335 2463 jactura
1354 2396 1587 2465 compensabitur,
1617 2413 1652 2451 ex
1672 2405 1712 2453 to·

68 2470 161 2525 simam
175 2474 233 2521 tota
248 2464 373 2519 Ecclesia
386 2463 444 2534 ejus
458 2464 611 2534 passionem
627 2465 796 2518 unanimiter
810 2480 858 2519 re-
913 2472 1070 2520 sanctorum
1092 2465 1202 2518 Petram
1219 2465 1325 2535 elogiis,
1343 2480 1403 2536 quaa
1425 2467 1518 2538 colligi
1534 2474 1624 2538 erepta
1644 2477 1711 2525 sunt

66 2542 173 2599 eeluut;
190 2535 274 2608 idque
294 2534 430 2606 peculiare
446 2535 473 2589 in
489 2535 542 2591 hee
558 2535 745 2590 illustrissimo
763 2545 858 2591 sancto
913 2536 985 2590 inter
999 2535 1099 2591 selecta
1114 2535 1262 2602 lluinartii,
1283 2551 1298 2589 a
1314 2553 1372 2606 pag.
1391 2536 1451 2592 tet.

66 2609 233 2671 observabis,
255 2606 329 2679 quod
356 2607 431 2661 solus
457 2606 523 2676 ipse,
546 2615 624 2662 extra
650 2607 858 2678 liedetuptionis
948 2607 1078 2687 Sequitur
1093 2606 1120 2660 in
1136 2608 1259 2663 llomane
1274 2623 1359 2677 parvo
1376 2627 1381 2662 ;
1398 2608 1558 2664 Etmilitcm
1572 2625 1652 2665 ccxv.
1671 2612 1711 2666 De

67 2691 162 2739 nostrae
178 2689 205 2735 et
220 2680 406 2750 apostolerum
432 2678 509 2744 leste,
537 2678 612 2734 solus
638 2677 759 2750 inquam,
787 2679 859 2734 inter
913 2677 1709 2749 hismhilinHieronymianis,nihilinlteda,autBedre

66 2754 193 2810 mortales
216 2751 332 2807 solemni
360 2759 387 2805 et
405 2750 553 2804 attriversali
576 2751 651 2804 cultu
671 2750 857 2805 celebritatem
914 2748 1087 2821 sequacibus.
1106 2748 1167 2804 Ado
1182 2750 1300 2819 primurn
1317 2748 1350 2803 de
1361 2765 1436 2805 more
1448 2759 1567 2817 secutus,
1580 2751 1619 2806 sic
1631 2751 1715 2820 legit:

67 2826 171 2891 habeat,
188 2823 329 2879 norrelero
343 2823 442 2888 solum,
459 2821 505 2876 sed
528 2829 554 2875 et
568 2822 668 2892 populo
684 2831 855 2892 praeceptam,
913 2822 1012 2876 Eodem
1033 2821 1084 2886 die,
1107 2823 1206 2888 Rornae,
1224 2821 1336 2875 militana
1361 2836 1442 2886 ccxv,
1466 2820 1620 2893 additque:
1641 2824 1712 2878 Tunc

67 2899 121 2953 sire
137 2895 213 2969 qued
228 2895 281 2950 soli
296 2894 358 2963 ipsi,
383 2893 488 2962 origine
504 2910 559 2948 non
575 2893 680 2960 luriaco,
692 2893 801 2948 decreta
821 2893 856 2948 sit
911 2892 1053 2963 possisu-nt
1069 2893 1208 2958 Cleardins,
1226 2893 1347 2956 Severus,
1364 2891 1510 2946 Crescerttie
1524 2899 1547 2946 et
1562 2895 1714 2960 lierneaus,

66 2970 117 3024 lere
136 2967 273 3039 prisneio
294 2965 414 3020 Ecclesia
431 2964 576 3020 festivitas.
600 2964 701 3020 Praeter
717 2965 858 3036 llierorty-

64 3042 170 3105 miano,
186 3038 228 3093 sic
245 3037 279 3092 de
294 3036 435 3092 Laurentio
452 3035 532 3091 hodie
552 3037 705 3091 llomanum
720 3053 855 3106 parvum:

64 3114 166 3174 Romae,
181 3110 328 3174 laurentii,
342 3108 522 3164 archidiaconi
547 3109 684 3177 inerter-is.
702 3108 762 3164 Ado
786 3117 858 3164 totas

65 3192 102 3239 est
116 3183 148 3238 in
162 3180 242 3237 dctis
256 3179 497 3246 iusededueendis,
513 3196 630 3250 querunt
647 3179 779 3250 potiorem
792 3197 858 3252 par-

65 3262 114 3309 tem
126 3255 157 3308 in
168 3251 392 3321 hiartyreloeium
417 3268 497 3305 suurn
514 3251 800 3306 transtulitNotlterus
822 3253 857 3306 At

66 3326 168 3391 Noster,
188 3322 428 3395 ocnrpendiosiora
441 3332 568 3389 sectatus,
585 3323 682 3378 rnaluit
702 3324 780 3378 ltedm
797 3323 858 3378 elo-

67 3398 134 3468 gium
150 3395 353 3451 transcribere:
370 3395 417 3450 ubi
440 3396 575 3462 advertes,
601 3395 686 3449 selam
710 3411 742 3449 ex
764 3394 858 3450 hdone

68 3469 202 3540 praelixam
217 3468 383 3538 palaestram,
407 3483 454 3522 seu
480 3467 566 3521 artavis
593 3467 740 3537 sepulturae
755 3467 857 3534 locuni,

67 3542 160 3608 Romae,
176 3540 221 3594 eie
240 3539 401 3602 Tiburtium
419 3548 499 3665 atque
514 3539 579 3592 itenr
597 3555 632 3593 ex
646 3538 741 3594 eodem
757 3547 784 3592 et
798 3539 858 3594 lio-

69 3628 249 3683 urauoparvo,
262 3611 355 3666 irnoet
365 3611 450 3682 aliqui
473 3627 503 3665 us
517 3609 751 3682 hieronymianis,
763 3610 858 3665 drclii·

68 3683 166 3739 diaconi
179 3684 307 3746 titulum,
320 3682 376 3752 jam
397 3682 495 3736 oiirna
518 3681 619 3737 sanctis
644 3681 771 3738 Patribus
797 3698 857 3736 raro

68 3757 190 3825 exemplo
212 3754 359 3810 tributum.
386 3754 482 3809 Noster
507 3770 582 3818 vere,
612 3770 695 3824 supra
743 3770 804 3809 riam
829 3752 857 3807 in

70 3826 189 3882 lentibus
210 3827 319 3898 legerat,
336 3826 444 3906 scripsit
468 3832 593 3895 praesente
619 3826 708 3890 Decio,
759 3825 856 3891 aliane,

70 3896 146 3952 beda
162 3897 248 3955 verbis
260 3898 379 3968 pressius
395 3897 544 3951 inhaerente
557 3916 563 3962 ;
575 3896 604 3951 iu
616 3914 669 4021 quo
682 3913 736 3951 non
746 3896 856 3968 quidem

70 3969 140 4023 llecii
171 3970 301 4035 recentia,
316 3968 362 4023 sed
378 3969 450 4023 lleeii
465 3969 608 4038 persecutio
642 3970 721 4023 iserte
736 3976 857 4036 notatur,

69 4040 95 4095 ab
110 4041 133 4096 il
156 4041 300 4095 ooeetiarn
313 4056 347 4093 ex
360 4040 583 4165 Aetiserqiressa,
600 4039 696 4094 iisdem
713 4039 858 4120 utrobique

70 4112 174 4167 verbis:
194 4112 247 4168 sia
262 4113 340 4166 Decio
368 4111 419 4167 Sed
434 4111 467 4166 de
493 4128 534 4166 iac
557 4110 720 4181 relegenda
744 4127 858 4165 ernnmo

70 4182 352 4253 suntdiligentissinroe
362 4183 471 4238 liarenii
481 4182 640 4238 Notationes
648 4182 681 4237 ad
693 4182 762 4238 hanc
772 4182 856 4249 alieni,

70 4253 108 4309 ulii
124 4271 159 4309 ert
175 4262 332 4326 temporum
356 4255 460 4309 ratione
483 4254 562 4310 lacile
581 4254 693 4319 evincit,
710 4270 760 4308 nec
775 4253 845 4308 Sixti

71 4341 112 4382 uec
124 4325 267 4382 Laurentii
279 4326 440 4398 martyrium
451 4344 514 4381 curn
527 4326 606 4380 annis
619 4326 695 4381 lleeii
704 4323 858 4380 ceiirbinari

71 4412 152 4468 pesse,
168 4406 253 4469 atque
268 4397 336 4452 adeo
349 4415 397 4478 pro
416 4399 498 4465 Decii,
514 4396 688 4453 scribendum
711 4395 856 4461 l'alerinni,

71 4477 94 4524 ut
106 4479 132 4525 et
152 4486 205 4524 nos
217 4468 391 4524 alihiiusrus
409 4469 585 4525 deducemus.
602 4467 701 4534 Quanti
719 4484 798 4537 porro
814 4467 826 4520 l
842 4497 859 4506 -

70 4539 158 4596 cienda
171 4541 230 4596 sint
245 4542 355 4611 vulgata
369 4541 509 4595 Laurentii
522 4541 598 4606 Acta,
609 4555 643 4594 eit
654 4539 754 4609 quibus
769 4545 795 4593 et
806 4539 859 4593 alia

70 4609 256 4681 desumuntur,
265 4612 331 4668 alibi
346 4612 451 4667 anobis
462 4612 553 4679 citata,
567 4612 677 4668 docebit
688 4609 768 4668 Card.
780 4609 857 4666 Nori·

914 2966 968 3035 ipso
997 2964 1038 3018 die
1065 2965 1220 3034 preelecta
1239 2963 1408 3029 Latireatias,
1425 2970 1483 3033 post
1513 2964 1619 3018 tertiam
1647 2965 1716 3019 diem

911 3036 1043 3106 passionis
1057 3036 1142 3089 soracti
1153 3035 1233 3090 Siali.
1246 3037 1285 3090 De
1296 3035 1339 3089 his
1352 3033 1503 3089 videndum
1516 3035 1568 3090 erit
1579 3052 1629 3091 suo
1640 3036 1712 3091 loco.

912 3108 1024 3163 Interim
1041 3107 1177 3162 Notlterus
1193 3113 1329 3177 postrema
1350 3106 1401 3161 ista
1417 3107 1603 3161 Laurentiano
1619 3108 1712 3179 elogio

912 3179 1041 3247 attexuit,
1064 3180 1178 3232 alteram
1206 3177 1446 3232 annttntiationem
1476 3178 1515 3232 sic
1538 3177 1710 3235 ellormans:

914 3251 1014 3305 Eodem
1039 3250 1080 3303 die
1108 3250 1207 3315 liertiae,
1226 3249 1456 3303 tirilitnntcentum
1487 3255 1511 3302 et
1537 3249 1717 3328 qundropinle

912 3320 1111 3391 marmaredae
1123 3327 1211 3374 autem
1225 3318 1383 3389 hujusmodi
1397 3319 1559 3374 mutationis
1570 3336 1653 3375 eausa
1666 3321 1712 3388 sit,

913 3408 1046 3463 nusquam
1063 3399 1184 3472 apparet.
1201 3391 1336 3447 Caeterum
1351 3390 1374 3444 si
1390 3390 1479 3444 solum
1493 3406 1640 3446 numerum
1655 3408 1713 3472 spe·

913 3471 980 3530 etes,
996 3480 1051 3518 non
1078 3461 1158 3518 video
1174 3478 1223 3518 cur
1239 3460 1363 3516 Adonem
1383 3461 1520 3517 Notlrerus
1545 3461 1712 3518 deseruerat:

912 3533 985 3589 unde
1000 3533 1133 3606 suspicari
1149 3533 1212 3589 licet
1227 3531 1403 3587 anianuensis
1419 3532 1527 3589 incuria
1542 3534 1613 3589 male
1629 3533 1715 3610 luisse

912 3606 1118 3677 transcriptum.
1136 3603 1214 3671 Quod
1228 3611 1319 3659 autem
1337 3603 1481 3660 Claudiani
1494 3613 1521 3661 et
1532 3604 1622 3661 socies
1637 3622 1653 3660 a
1667 3605 1715 3660 mi·

914 3678 1004 3732 litibus
1023 3695 1094 3732 ccxv
1113 3675 1284 3744 discreverit,
1303 3675 1373 3731 sorte
1391 3675 1505 3743 accidit,
1530 3675 1604 3749 quod
1621 3675 1713 3746 hosce,

913 3750 978 3804 licet
994 3749 1087 3805 eadem
1116 3747 1171 3815 die,
1188 3765 1243 3804 nen
1259 3755 1351 3802 tamen
1367 3747 1464 3803 eodem
1480 3753 1603 3819 tempore
1621 3764 1713 3822 passos

913 3821 1071 3877 crediderit.
1090 3820 1168 3877 Certe
1179 3819 1213 3875 ad
1227 3818 1370 3874 Aureliani
1387 3819 1605 3891 persecutionem
1621 3836 1716 3876 eorum
1803 3846 1808 3856 ·

913 3901 1050 3948 cer-tameo
1067 3899 1176 3948 revecat
1200 3890 1335 3946 Baronius
1357 3890 1385 3946 in
1400 3892 1525 3948 Rornano
1555 3890 1713 3948 hodierno:

914 3966 1003 4031 llecte,
1020 3981 1053 4019 an
1070 3981 1147 4020 secus
1171 3962 1217 4019 hic
1235 3963 1374 4034 inquirere
1391 3961 1567 4035 supersedeo.
1593 3962 1664 4018 Satis
1679 3962 1716 4018 sit

912 4041 1081 4102 observasse,
1094 4035 1247 4091 Usnardum
1257 4034 1531 4091 aldonissectatorem
1541 4042 1715 4106 perpetuum,

913 4106 941 4161 in
959 4108 1093 4162 militibus
1108 4107 1164 4161 illis
1180 4105 1350 4176 martyribus
1367 4106 1401 4160 ab
1425 4105 1483 4177 ejus
1499 4106 1637 4162 sententia
1659 4123 1714 4161 aron

913 4179 1064 4234 recessisse.
1081 4176 1196 4231 hdnecti
1216 4183 1334 4230 meretur
1352 4177 1508 4245 metricum,
1530 4177 1604 4250 qued
1620 4179 1713 4234 Wan-

913 4249 1052 4304 dalbertus
1065 4249 1166 4303 cecinit
1182 4245 1321 4300 Laurentii
1338 4249 1507 4314 encomium,
1531 4249 1558 4301 in
1569 4264 1623 4318 quo
1637 4249 1713 4305 solus

913 4321 1033 4386 enititur,
1051 4321 1129 4374 trulla
1152 4318 1289 4373 sociorum
1317 4324 1365 4372 aut
1390 4316 1510 4370 militum
1540 4334 1611 4371 ccxv
1640 4319 1713 4375 iacta

916 4392 1065 4447 trientinae.

986 4554 1092 4613 Quartis
1108 4553 1229 4604 Laurenti
1252 4553 1344 4602 merito
1359 4552 1520 4615 splendescis
1542 4554 1637 4614 opimo,

990 4618 1078 4678 ignem
1093 4621 1137 4681 qui
1152 4630 1252 4681 passus,
1267 4625 1389 4665 tortorem
1405 4616 1489 4666 vineis
1504 4616 1632 4680 iniquum.

793 4732 983 4791 auctuum.

96 4834 251 4889 Pausiaca.
262 4833 337 4905 legit,
361 4859 369 4880 ι
385 4834 535 4891 beatissimi
553 4835 702 4892 Laurentii.
720 4862 729 4884 ι
750 4836 861 4893 Omittit
875 4841 899 4899 D
918 4834 1055 4894 tiinumin
1068 4838 1420 4907 eraticulaassaluslerrea,
1431 4835 1582 4909 gloriosum
1598 4845 1714 4901 etenim

69 4904 164 4961 milites
175 4923 256 4968 vairs,
275 4923 391 4977 quorum
407 4908 466 4962 lece
474 4908 616 4962 substituit
631 4926 635 4961 :
657 4909 755 4980 «alpad
772 4909 859 4978 Ephe·

69 4990 132 5042 suin,
143 4978 245 5032 natalis
256 4986 413 5033 craticiorum
429 4987 531 5049 septem
548 4979 761 5047 Dormientium,
779 4983 860 5036 idest

68 5045 234 5113 llarirniani,
254 5049 366 5116 Maielli,
383 5051 555 5122 ilartyriani,
573 5050 715 5119 iohannis,
729 5052 858 5119 Dionisii,

68 5116 248 5187 detestamini,
259 5120 425 5191 Serapionis,
438 5132 463 5177 et
474 5123 592 5177 alioruin
605 5130 731 5194 quatuor,
743 5139 859 5195 querunt

67 5198 134 5258 gesta
142 5191 309 5247 habentus·
325 5193 380 5248 Cur
391 5193 431 5247 illi
464 5203 561 5249 uatuor
569 5193 745 5264 adjiciantur,
756 5195 858 5250 nescio.

68 5258 132 5318 i'ide
147 5263 304 5319 Usuardurn
321 5280 400 5319 xxvii
415 5210 493 5320 lviiii.

96 5334 859 5404 harecur.-hlsx.,irruamus,Lm'otrn.,Lovavtca.‚

65 5405 629 5480 haesissetiissre.tttxluisuperadduut:
646 5409 860 5480 ‹hlethis,depe·

65 5476 124 5531 sitio
139 5479 228 5533 sarreti
252 5480 381 5534 ductoris
400 5481 553 5552 episcopi·
590 5483 671 5538 ttecte
698 5480 779 5548 inira,
807 5481 860 5535 «in

64 5548 147 5603 llauri
164 5552 343 5605 uronasterin.
360 5577 369 5598 ‚

95 5619 256 5676 Carrinas.
276 5640 281 5676 ε
306 5624 432 5689 «liertiae,
450 5624 549 5678 natalis
576 5624 647 5680 beati
664 5625 803 5680 laurentii
819 5642 858 5680 ar·

63 5690 230 5760 chidiaeeni,
246 5693 293 5765 qui
308 5702 369 5764 post
386 5696 503 5766 plurima
514 5703 650 5751 torirrenta
660 5699 788 5765 carceris,
799 5714 859 5753 ver·

63 5760 156 5819 berum
177 5763 363 5829 diversorum,
388 5765 551 5822 luminarunt
572 5769 738 5839 ardentium,
753 5770 787 5826 ad
811 5771 859 5825 ul-

918 4907 1713 4985 laudediguissimumeornpleritmartyrium.liodeurdie‚

916 4980 1019 5049 IlOrrtac,
1038 4984 1159 5039 rnilitum
1171 5000 1252 5039 ccxv.
1270 5010 1279 5031 ›

950 5050 1130 5110 llrtuxumaa.
1144 5057 1229 5111 textui
1240 5055 1393 5127 satispure,
1403 5055 1492 5110 solum
1502 5050 1612 5120 adjicit:
1631 5050 1714 5107 ‹liet-

915 5120 959 5187 tis
976 5126 1062 5180 lilanri
1080 5126 1254 5191 monasterio,
1269 5125 1406 5197 depositio
1419 5122 1506 5181 sancti
1523 5119 1645 5179 Victoris
1659 5122 1710 5177 hle·

916 5197 998 5251 teneris
1019 5197 1140 5268 episcopi
1165 5205 1192 5253 et
1207 5198 1381 5254 couiesseris.
1404 5221 1413 5244 ι
1445 5197 1514 5267 Lege
1529 5192 1664 5262 Auctoris,
1683 5201 1714 5251 ut

916 5276 987 5323 recte
1002 5267 1105 5323 liabent
1118 5268 1236 5325 cedices.

919 5346 940 5398 “1
955 5341 1152 5394 Imenaretes:
1170 5365 1178 5386 ι
1193 5343 1286 5397 llomae
1299 5340 1326 5395 in
1335 5338 1543 5406 viaTihurtina,
1554 5335 1644 5409 passio
1654 5353 1714 5393 san·

914 5413 950 5469 eti
973 5410 1113 5465 Laurentii
1129 5412 1270 5483 martyris,
1288 5413 1334 5483 qui
1350 5428 1365 5466 a
1381 5411 1459 5466 beato
1475 5409 1554 5465 Sixto
1570 5425 1641 5538 Rapa
1666 5427 1714 5466 se-

914 5481 1559 5549 cundo‚ordinatusestarehidiaconusEcclesiae
1594 5498 1710 5551 oritanae,

915 5556 961 5627 qui
977 5563 1003 5609 et
1015 5553 1136 5608 cilicium
1150 5570 1230 5609 suurn
1241 5555 1339 5610 devote
1354 5553 1490 5625 implevit,
1502 5561 1529 5611 et
1544 5553 1607 5611 ideo
1617 5554 1713 5612 Sixtus

914 5628 1015 5683 radens
1030 5625 1063 5680 ad
1080 5626 1233 5694 passionem
1249 5625 1290 5681 illi
1305 5625 1448 5682 thesauros
1467 5643 1530 5682 suos
1544 5624 1662 5693 dimisit,
1680 5634 1711 5683 ut

913 5699 961 5755 ille
975 5695 1139 5770 pauperibus
1158 5713 1204 5755 eos
1222 5707 1354 5771 erogaret.
1371 5697 1450 5767 Quod
1468 5706 1495 5755 et
1510 5699 1584 5768 iecit,
1600 5706 1627 5755 et
1650 5700 1708 5770 ipse

914 5770 1080 5844 persignata
1093 5769 1276 5829 eruciseaeces
1287 5771 1467 5840 illuminavit,
1484 5781 1511 5830 et
1526 5767 1710 5846 pluresverbc
