3834 6136
137 202 205 262 rost

656 186 829 245 nmcttam
849 187 1089 244 LUGDUNENSIS
1109 185 1268 245 setscoer
1356 183 1360 189 ’

1720 190 1791 248 1032

138 367 274 425 meuspro
288 349 333 404 his
351 347 432 403 rebus
450 343 661 415 advocatus,qui
677 344 762 413 legem
778 340 831 395 sibi
844 340 877 395 de
892 340 937 396 his
951 349 976 406 Α
992 343 1045 398 mei
1061 343 1108 398 alii
1124 343 1250 400 homines
1264 349 1407 411 venerant,
1431 342 1489 414 ipse
1510 350 1636 409 venerat,
1654 340 1792 413 justitiam
1811 384 1816 399 .

138 440 278 499 observari
295 435 490 511 proclamavit:
508 433 637 489 videlicet
648 432 712 505 quia
726 432 760 487 ad
775 437 936 502 potestatem

137 538 237 588 sancta
251 528 342 584 blariae
363 523 553 581 Lauduneusis
561 519 691 577 Ecclesiae
707 518 887 590 pertinerent,
909 525 937 573 et

137 619 194 690 ipse
210 633 258 690 pro
272 615 317 671 his
328 614 410 671 rebus
423 611 572 668 advocatus
582 617 649 677 erat,
663 616 690 663 et
704 607 769 663 inde
783 607 934 662 secundum

138 711 222 781 legem
247 707 382 763 rationem
406 704 519 759 reddere
534 698 699 768 vellet.'Qni
727 717 793 754 mox
805 697 936 768 expulsus

136 806 187 865 est,
203 804 230 852 et
249 793 402 851 cumomni
425 791 557 847 violentia
585 796 732 862 coegerunt
749 788 827 843 illurn
845 802 936 841 meum

137 886 221 942 aliurn
237 884 389 949 hominem,
406 881 438 935 ad
454 896 534 952 quem
551 880 615 935 inde
639 878 710 934 nihil
726 876 889 949 pertinebat,
905 881 936 929 ut

136 976 256 1030 bannum
273 988 323 1043 pro
339 970 382 1025 his
414 969 587 1024 rewadiaret.
611 971 646 1024 Et
670 966 818 1022 rewadiato
844 964 935 1019 banno

138 1063 233 1119 minati
249 1069 324 1127 sunt,
336 1060 409 1133 qnod
424 1059 458 1114 ad
474 1066 591 1114 mortem
609 1059 688 1113 illum
701 1057 857 1128 judicarent
886 1070 935 1126 pro

137 1151 300 1206 infidelitate
316 1147 397 1217 regis,
414 1148 467 1201 nisi
486 1146 685 1217 presentaliter
695 1145 761 1200 talia
772 1143 935 1199 vadimonia

136 1239 224 1306 daret,
241 1253 272 1292 ac
287 1253 336 1308 pro
349 1235 517 1291 vadimoniis
537 1236 603 1291 tales
626 1234 810 1305 fidejussores,
827 1234 875 1304 qui
890 1232 934 1287 die

137 1334 239 1382 statuta
257 1324 364 1380 easdem
393 1340 436 1379 res
456 1324 526 1396 regis
550 1324 634 1379 misso
658 1323 735 1394 quasi
762 1320 935 1377 revestiendo

138 1413 350 1484 reconsignaret,
380 1413 452 1484 qnod
474 1421 501 1467 et
523 1428 585 1467 eum
614 1411 702 1467 facere
731 1411 932 1481 compulerunt.

137 1503 293 1563 Secundum
312 1504 383 1558 hanc
403 1503 488 1574 legem
507 1501 670 1575 conquisitae
694 1510 760 1557 sunt
774 1501 817 1556 hae
834 1517 888 1567 res,
912 1497 935 1553 si

137 1592 197 1648 haec
214 1591 376 1647 constrictio
390 1591 560 1662 conquisitio
572 1590 634 1663 jore
647 1590 703 1647 dici
720 1596 819 1661 potest,

991 432 1024 486 de
1041 433 1099 488 suis
1118 433 1212 505 quide
1227 434 1275 489 illo
1290 431 1476 489 reclamabant
1500 431 1666 488 horninibus
1681 434 1792 493 villanis

990 522 1103 577 reddere
1118 537 1240 595 unquam
1251 522 1381 579 uoluerit.
1393 523 1429 577 Et
1443 537 1519 577 nunc
1534 521 1565 577 in
1580 521 1792 592 proximo,dum

991 610 1129 666 hostiliter
1144 626 1239 666 omnes
1253 610 1359 666 banniti
1376 609 1531 665 fuissentin
1545 609 1620 680 regis
1635 608 1790 680 servitium,

990 711 1018 757 et
1032 701 1091 772 ipse
1105 717 1169 757 cnm
1191 700 1330 756 aliismeis
1339 700 1476 756 venissem
1489 698 1697 755 hominibnsad
1708 700 1791 758 bloso·

992 805 1078 856 mum,
1091 790 1164 845 unde
1187 806 1243 845 non
1259 791 1337 862 longe
1354 805 1402 844 sua
1417 787 1537 844 distabat
1563 788 1688 854 mansio,
1708 806 1790 863 neque.

991 879 1025 934 ad
1037 895 1080 933 mo
1096 879 1213 947 venerit,
1231 896 1319 951 neque
1339 878 1427 933 ullum
1437 893 1518 933 snum
1532 877 1652 932 missum
1668 895 1726 934 suae
1738 880 1791 935 im·

990 970 1181 1041 possibilitatis
1195 979 1242 1027 aut
1251 970 1370 1042 alicujus
1383 969 1573 1026 excusationis
1591 972 1788 1030 transmiserit.

991 1058 1104 1130 Insuper
1116 1060 1205 1115 filiurn
1222 1076 1313 1126 suurn,
1340 1074 1422 1130 quem
1442 1058 1513 1114 mibi
1536 1060 1789 1131 commendaverat,

989 1164 1051 1204 cum
1067 1151 1255 1221 praecepissem
1270 1148 1323 1220 ipsi
1342 1165 1405 1205 cnm
1425 1147 1487 1203 aliis
1499 1148 1569 1204 mels
1584 1150 1634 1221 qui
1649 1150 1684 1206 do
1698 1151 1789 1207 eodem

990 1252 1057 1308 pago
1071 1246 1137 1294 sunt
1149 1254 1222 1293 meas
1242 1247 1333 1293 tenere
1348 1237 1515 1304 mansiones,
1527 1236 1562 1292 ad
1572 1238 1709 1294 tenendas
1720 1256 1788 1296 man·

989 1324 1079 1380 siones
1097 1326 1215 1382 Rothadi
1231 1325 1352 1398 episcopi
1369 1325 1499 1381 miserat:
1519 1333 1546 1380 et
1559 1326 1630 1381 dum
1645 1328 1695 1399 per
1710 1328 1788 1400 ipsam

990 1430 1128 1485 pergerem
1141 1415 1249 1481 villam,
1262 1431 1349 1488 neque
1361 1414 1432 1470 idem
1450 1414 1526 1471 lilius
1536 1431 1606 1471 suus
1620 1417 1652 1471 in
1668 1432 1790 1487 prasen-

990 1501 1057 1557 tiam
1081 1519 1169 1557 meam
1184 1503 1278 1559 venire
1304 1502 1432 1573 dignatus
1459 1502 1555 1558 fuerit.
1581 1503 1705 1561 Locutus
1728 1525 1789 1563 curn

990 1591 1154 1663 quibusdam
1173 1593 1251 1660 meis,
1265 1610 1281 1648 a
1296 1592 1396 1664 quibus
1410 1600 1437 1648 et
1451 1592 1548 1649 audivi
1557 1593 1707 1650 hominem
1718 1596 1789 1652 illum

173 1685 251 1752 Quod
267 1701 332 1741 vero
360 1683 429 1739 mihi
454 1685 633 1757 rescripsistis
660 1684 710 1751 sic,
737 1683 771 1738 de
795 1680 936 1737 herresrciis
951 1703 975 1761 Β
990 1679 1074 1736 inisse
1089 1680 1208 1737 Rothadi
1224 1682 1356 1753 episcopi,
1385 1687 1416 1736 nt
1442 1681 1546 1737 talibus
1564 1689 1642 1752 patet
1674 1684 1788 1741 indiciis.

137 1783 229 1831 antem
252 1775 396 1829 hominnm
411 1783 522 1829 tuorum
546 1774 579 1829 de
602 1772 703 1846 quibus
727 1769 872 1836 mandasti,
888 1784 937 1822 re·
990 1769 1223 1826 Reversusautem
1236 1787 1270 1825 err
1280 1770 1375 1825 eadem
1385 1769 1575 1840 expeditione,
1592 1770 1789 1846 diuqneexspe·

137 1863 253 1934 spondit
264 1863 328 1934 quia
341 1863 383 1917 tui
400 1861 529 1917 homines
543 1878 571 1917 se
584 1862 617 1917 ad
640 1877 702 1916 eum
719 1859 936 1916 reclamaverunt
989 1866 1067 1915 ctans
1080 1860 1114 1914 ad
1131 1875 1174 1914 me
1188 1874 1244 1914 non
1263 1858 1350 1914 venit.
1371 1858 1500 1913 Pervenit
1523 1865 1621 1915 autem
1635 1860 1674 1916 ad
1688 1878 1731 1918 me
1744 1863 1790 1919 cla·

137 1951 211 2023 quod
225 1950 259 2007 ah
282 1950 322 2003 eis
341 1965 390 2003 sua
414 1948 557 2014 beneficia,
572 1964 632 2019 quae
657 1947 730 2017 apud
751 1953 935 2000 antecessores
990 1950 1095 2004 morde
1110 1948 1387 2020 oodemltagenardo,
1403 1948 1476 2021 quod
1498 1964 1583 2003 sunm
1604 1947 1788 2007 habueratde-

137 2047 209 2104 tuos,
225 2047 252 2093 et
266 2036 337 2108 apud
349 2044 375 2091 te
386 2035 598 2107 proservierant.
621 2033 722 2104 injuste
742 2041 769 2088 et
783 2033 935 2088 irrationa-
989 2043 1123 2092 structum
1151 2035 1327 2092 beneficium.
1355 2035 1558 2092 Transmittens
1574 2045 1672 2093 autern
1701 2041 1790 2097 rescire

136 2125 231 2181 hiliter
245 2123 419 2180 abstulisses:
437 2122 510 2177 unde
523 2123 673 2178 secundom
690 2138 781 2178 sacros
804 2138 932 2189 canones,
989 2133 1082 2180 utrum
1098 2142 1194 2181 verum
1210 2135 1291 2192 esset,
1309 2124 1416 2181 invenit
1433 2125 1535 2181 missus
1550 2142 1643 2195 meus,
1661 2135 1690 2184 et
1716 2146 1789 2185 ruan-

137 2220 165 2268 et
177 2212 287 2268 decreta
305 2219 406 2267 sanctae
421 2211 494 2266 sedis
516 2212 645 2267 Romanae
661 2210 824 2281 pontificum
839 2210 934 2265 exeis·
989 2232 1049 2270 snm
1061 2214 1303 2284 indominicatum,
1320 2224 1346 2272 et
1362 2215 1448 2288 ipsam
1462 2216 1610 2273 ecclesiam
1633 2218 1789 2290 penitusde

136 2301 197 2357 dem
219 2302 304 2358 sacris
320 2300 475 2356 canonibus
504 2300 685 2371 promulgata,
714 2297 935 2369 electosjudices
991 2311 1135 2372 structam,
1152 2320 1184 2359 ec
1200 2304 1298 2359 silvam
1311 2304 1464 2372 venditam,
1479 2312 1508 2359 ot
1520 2304 1579 2361 alia
1592 2308 1736 2379 perplura.
1753 2310 1789 2365 ht

136 2398 209 2469 apud
234 2412 277 2451 me
303 2395 443 2467 expetisti,
460 2402 593 2450 eteorum
617 2401 699 2465 atque
713 2393 831 2448 aliorum
848 2394 934 2447 Deum
990 2410 1049 2465 qna
1064 2392 1263 2464 judicaverunt
1278 2399 1397 2448 astantes
1411 2392 1486 2460 laici,
1502 2400 1535 2447 ut
1550 2403 1788 2468 sacramentopro

137 2485 296 2541 timentium
308 2483 416 2555 judicio
431 2483 464 2539 de
482 2481 647 2554 quibusdam
663 2481 802 2536 decretum
820 2480 882 2546 luit,
905 2489 935 2536 ut
989 2484 1101 2539 baretur
1114 2502 1150 2539 ex
1163 2499 1222 2539 mea
1244 2491 1331 2556 parte,
1347 2483 1420 2557 qnod
1441 2484 1475 2539 de
1500 2485 1577 2557 regis
1602 2486 1722 2543 servitio
1738 2488 1788 2543 sine

135 2575 268 2629 beneficia
282 2590 341 2639 sna,
353 2591 413 2645 qum
438 2572 664 2627 irrationabiliter·
686 2569 871 2642 perdiderant,
886 2584 935 2623 re·
981 2589 1051 2627 unca
1066 2573 1179 2629 licentia
1187 2572 1304 2638 veniret,
1325 2580 1353 2628 et
1372 2573 1511 2628 arnitteret
1526 2573 1602 2630 illud
1619 2573 1788 2648 beneficium,

137 2677 267 2732 cuperare
281 2660 421 2716 deberent.
443 2659 630 2726 Quorumdam
640 2667 730 2714 autem
746 2673 841 2712 eorum
852 2672 932 2712 causa
989 2666 1112 2720 anetum.
1128 2667 1260 2728 mentam,
1277 2667 1305 2715 et
1318 2659 1452 2715 ciminum
1474 2659 1664 2731 decimantes,
1684 2671 1712 2720 et
1731 2681 1789 2735 gra-

136 2749 270 2821 usquead
285 2748 370 2804 alium
385 2756 532 2805 tractatum
546 2749 629 2804 certis
640 2748 730 2804 causis
740 2745 934 2802 intervenien-
988 2747 1067 2802 viora
1081 2748 1148 2821 legis
1158 2748 1353 2821 relinquentes,
1368 2748 1484 2804 culicem
1503 2748 1660 2822 liquantes,
1676 2760 1702 2807 et
1712 2769 1789 2809 cume

138 2836 212 2892 iibns
223 2853 278 2892 non
293 2836 423 2897 diffinita.
455 2838 502 2892 sed
520 2838 688 2908 implacitata
703 2837 845 2904 remansit,
858 2843 885 2890 et
901 2842 932 2890 tn
989 2836 1045 2891 lum
1057 2836 1215 2907 glutientes,
1226 2854 1289 2894 cum
1305 2853 1422 2893 canones
1445 2837 1600 2895 decernant
1617 2848 1650 2896 ut
1674 2857 1721 2912 per
1732 2843 1789 2914 epi-

136 2932 198 2980 ante
213 2923 409 2979 diffinitionem
432 2932 529 2978 contra
547 2939 638 2979 sacros
652 2939 770 2979 canones
795 2924 853 2978 sine
875 2922 933 2977 ulla
987 2943 1084 2998 scopos
1098 2927 1206 2998 judices
1218 2943 1300 2984 causa
1312 2927 1438 2995 liniatur,
1455 2935 1483 2983 et
1498 2926 1575 2983 intra
1591 2929 1786 3000 plenitudinem

136 3011 296 3068 necessitate
312 3012 355 3067 vel
370 3012 475 3067 ratione
491 3013 555 3083 fuga
569 3013 659 3082 lapsus
669 3011 819 3082 regularem
831 3009 932 3065 diffini·
988 3017 1219 3088 Capitulariorum
1231 3017 1492 3090 gloriosissimorum
1502 3016 1707 3090 imperatorum
1720 3021 1787 3077 dour·

134 3100 238 3157 tionem
261 3109 420 3173 exspectare
446 3100 646 3173 contempsisti.
676 3101 835 3172 Respondeo
859 3098 932 3172 quod
987 3105 1017 3159 ni
1031 3104 1122 3161 Caroli
1130 3113 1157 3161 et
1166 3106 1298 3162 Lndovici
1310 3106 1349 3162 ita
1363 3113 1496 3163 statutum
1512 3106 1569 3162 sit:
1596 3108 1786 3184 «Quaecunque

134 3190 199 3245 inde
218 3206 245 3245 se
260 3190 299 3246 rei
314 3189 416 3245 veritas
431 3189 522 3245 habet.
536 3191 593 3246 lter
609 3189 720 3262 quidem
739 3188 857 3261 quodam
872 3188 928 3257 die,
987 3209 1003 3248 a
1017 3193 1133 3264 singulis
1147 3195 1256 3266 regibus
1271 3195 1345 3251 circa
1363 3204 1552 3252 sacrosanctas
1578 3198 1713 3255 ecelesias
1729 3206 1786 3255 sunt

137 3300 198 3338 curn
212 3282 270 3355 jam
280 3282 394 3338 domurn
409 3280 499 3337 redire
514 3281 705 3349 debueramus,
730 3298 746 3336 a
760 3280 839 3336 vobis
853 3296 933 3352 quae-
987 3281 1147 3350 constituta,
1165 3282 1208 3338 vel
1222 3283 1325 3355 singuli
1340 3283 1443 3356 quique
1455 3284 1666 3358 Antistitespro
1676 3287 1784 3359 singulis

135 3388 193 3427 rere
203 3373 296 3444 erepit,
309 3372 356 3445 qui
372 3371 401 3425 in
417 3371 568 3427 crastinum
583 3370 617 3427 de
626 3370 795 3442 coepiscopis
808 3369 934 3426 Rhemo-
986 3371 1179 3430 ecclesiasticis
1198 3371 1391 3444 impetrarunt,
1415 3371 1466 3429 sub
1481 3391 1563 3446 poena
1575 3377 1715 3450 sacrilegii
1732 3378 1784 3451 jugi

135 3476 197 3516 rum
215 3460 366 3533 provincia
389 3459 552 3517 interessent
573 3458 607 3515 ad
636 3476 746 3516 causam
765 3457 931 3514 audiendam
987 3470 1015 3519 et
1028 3461 1117 3517 solida
1131 3463 1282 3519 artemitate
1293 3471 1447 3519 serventur.
1459 3461 1561 3520 Clerici
1572 3465 1661 3522 etiam
1675 3483 1729 3523 uon
1741 3483 1784 3523 sa·

133 3549 167 3606 de
182 3549 227 3604 his
241 3548 412 3603 hominibus.
432 3549 491 3619 Ego
505 3556 597 3602 tamen
612 3546 673 3602 dixi
688 3548 753 3619 quia
766 3562 821 3601 nou
843 3545 933 3602 babe-
986 3549 1128 3607 cularibus
1139 3550 1291 3621 judicibus,
1308 3552 1355 3608 sed
1368 3551 1518 3624 episcopali
1533 3555 1687 3611 audientia
1702 3572 1785 3612 reser-

133 3637 196 3692 bam
211 3651 319 3690 mecum
332 3635 449 3690 clericos
465 3650 515 3689 nec
527 3635 611 3689 laicos
625 3634 672 3705 qui
688 3650 776 3689 cansa
790 3633 931 3690 interlue—
987 3648 1096 3695 ventur.
1115 3641 1166 3695 Fas
1180 3641 1256 3697 enim
1271 3649 1378 3697 nonest
1392 3651 1423 3699 ut
1438 3641 1531 3698 divini
1547 3644 1709 3702 subdantm
1719 3645 1783 3702 arbi·

133 3729 205 3787 rant,
218 3730 247 3776 et
262 3720 455 3792 perquosinde
466 3722 602 3776 rationem
612 3720 725 3776 reddere
742 3721 931 3791 possemNam
986 3727 1040 3785 trio
1055 3729 1188 3785 seculari.
1206 3755 1216 3778 ι
1237 3731 1305 3785 ltem
1319 3730 1347 3784 in
1363 3730 1466 3788 eisdem
1481 3747 1517 3786 ex
1531 3732 1622 3790 sacris
1637 3736 1736 3807 regatis
1760 3743 1785 3791 et

133 3808 279 3881 praeteritis
293 3808 360 3880 ipsis
370 3807 468 3863 diebus
476 3807 651 3878 perbannum
663 3807 931 3877 regiumomnesmei
987 3816 1061 3873 istud
1074 3826 1244 3890 assumptum
1258 3828 1299 3876 est
1313 3837 1318 3873 ;
1337 3821 1398 3875 «De
1412 3819 1481 3875 piris
1494 3821 1551 3876 Deo
1567 3822 1683 3892 dicatis,
1695 3825 1736 3881 γει
1745 3840 1781 3881 00.

133 3904 259 3960 homines
275 3904 304 3957 in
324 3902 425 3973 palatio
439 3901 537 3955 retenti
553 3900 661 3954 fuerant
673 3918 679 3955 :
692 3916 740 3971 ego
751 3908 841 3956 autern
856 3903 931 3958 solus
985 3905 1148 3963 clesiasticis
1163 3905 1341 3963 facultatibus
1349 3907 1456 3980 aliquid
1474 3907 1647 3981 disponendi
1662 3913 1737 3969 nulla
1751 3913 1783 3969 le·

133 3992 338 4048 admansioues
356 3987 488 4045 llarduici
497 4005 561 4045 cnm
573 4002 628 4043 uno
639 3987 832 4045 suoclcricoet
841 3989 930 4046 tribus
985 3995 1059 4066 gitur
1074 3994 1161 4062 laicis,
1190 3996 1317 4067 quamvis
1341 3995 1487 4068 religiosis,
1503 4015 1631 4071 nuquam
1660 4001 1782 4059 atomio

134 4078 211 4135 laicis
229 4077 389 4133 hominibus
411 4092 595 4147 perrexeram.
624 4076 807 4148 Interrogavit
821 4094 930 4151 quoqne
985 4082 1112 4150 facultas,
1128 4107 1137 4130 ι
1165 4083 1259 4156 ltaque
1271 4083 1388 4153 potioris
1403 4093 1461 4140 erat
1480 4083 1583 4156 judicii
1599 4090 1780 4146 sacratasllso

132 4185 191 4236 rev,
207 4183 276 4241 quos
300 4165 340 4222 ibi
354 4164 505 4238 potuissem
527 4164 627 4223 hebere
645 4182 651 4220 :
668 4173 695 4220 et
711 4167 842 4238 respondi
858 4167 929 4223 Ber·
983 4186 1026 4226 res
1036 4171 1185 4237 destruere,
1196 4181 1224 4227 et
1242 4172 1275 4227 de
1287 4172 1401 4228 sacratis
1414 4174 1472 4229 Deo
1485 4173 1569 4230 rebus
1584 4177 1711 4235 ecclcsiae
1741 4193 1780 4234 cn·

131 4255 253 4315 tharium
273 4255 416 4322 clericum,
432 4260 459 4308 et
476 4269 562 4309 unum
573 4253 684 4323 laicum,
702 4255 749 4327 qui
767 4255 928 4329 inquorum
980 4257 1026 4328 jns
1040 4265 1118 4313 erant
1129 4256 1222 4312 debita
1235 4256 1366 4328 obsequia
1393 4275 1448 4314 non
1469 4258 1685 4332 reprehendere,
1709 4279 1781 4337 qnam

130 4345 193 4403 dam
207 4346 322 4402 istorum
341 4345 431 4402 causis
448 4342 639 4411 interfuerant,
653 4352 680 4399 et
692 4343 813 4417 jussitut
827 4344 926 4400 eosha·
983 4347 1132 4419 temporale
1145 4346 1216 4402 illud
1231 4347 1376 4405 servitium
1406 4347 1550 4417 dimittas,
1584 4353 1633 4408 sed
1658 4354 1780 4410 ammos

130 4435 233 4502 berem,
248 4443 274 4491 et
295 4433 335 4489 sic
349 4433 500 4505 designatis
515 4432 677 4501 actardum,
692 4441 720 4489 et
741 4433 927 4498 ltainelmum,
943 4409 967 4469 D
982 4435 1109 4491 homines
1132 4451 1188 4490 non
1208 4435 1364 4508 percipiunt
1378 4453 1409 4493 oa
1432 4454 1493 4510 quae
1517 4446 1585 4495 sunt
1612 4440 1780 4513 spiritusbei

130 4538 157 4584 et
171 4527 302 4584 loannem
315 4526 467 4599 episcopos,
483 4542 551 4598 qnos
565 4526 719 4598 cognitores
740 4527 793 4583 hcc
808 4535 839 4583 nt
854 4543 928 4598 pras-
983 4525 1012 4596 (Ι
1028 4526 1090 4582 Cor.
1108 4525 1153 4595 rr),
1167 4524 1324 4596 spirituales
1334 4534 1425 4583 antem
1438 4527 1533 4584 omnia
1545 4528 1779 4601 dijudicant,sicut

128 4616 189 4673 dixi
205 4615 287 4672 modo
302 4616 456 4686 suscepi,ne
470 4615 576 4670 viderer
589 4617 660 4671 volte
673 4632 783 4673 cauum
801 4616 924 4685 dilatare,

128 4721 160 4760 ac
177 4704 311 4759 dilatione
326 4702 461 4758 fallaciter
478 4710 568 4775 tegere
586 4704 739 4761 veritatem.
754 4704 926 4760 advenimus

128 4789 157 4844 in
174 4791 336 4845 crastinum.
353 4790 524 4846 lteclsmavit
538 4791 643 4862 primus
657 4794 704 4864 qui
723 4792 825 4848 dicitur
839 4795 926 4867 Rago-

127 4877 230 4934 nardus
247 4896 252 4933 :
267 4879 301 4934 de
316 4894 370 4950 quo
392 4879 475 4933 talem
489 4878 523 4933 ab
541 4879 656 4935 exordio
671 4881 806 4951 incipiens
816 4883 924 4939 reddidi

126 4967 273 5035 rationem,
293 4967 424 5040 quoniam
443 4967 508 5021 dum
525 4967 596 5024 idem
610 4967 729 5024 domnus
738 4986 787 5025 rex
806 4988 850 5027 me
865 4972 925 5029 Go-

129 5056 213 5111 thiam
236 5072 285 5112 suo
303 5055 332 5111 in
349 5054 488 5111 rrrissatioo
508 5056 636 5124 irrisisset,
651 5057 710 5113 sine
737 5075 797 5115 mea
811 5061 924 5119 licentia

126 5159 251 5201 reversus
263 5153 313 5201 est.
327 5143 433 5201 Deinde
449 5145 514 5217 qnia
527 5143 584 5216 jam
603 5153 657 5201 tres
671 5145 737 5201 anni
755 5157 832 5204 erant
857 5166 923 5221 per-

124 5234 189 5302 acti,
204 5250 239 5290 es
253 5251 307 5307 quo
325 5234 452 5290 eumdem
468 5234 657 5306 ltagenardum
670 5252 726 5291 non
741 5237 811 5307 vidi,
821 5246 848 5295 et
862 5254 922 5312 qnae

123 5323 229 5393 operari
243 5323 278 5380 de
292 5340 342 5380 suo
356 5323 486 5380 debuerat
501 5322 636 5380 beneficio
653 5324 683 5381 in
696 5326 820 5383 Ecclesia
846 5327 921 5383 Lan-

124 5409 240 5468 dunensi
253 5430 287 5469 ex
301 5414 420 5486 plurima
430 5421 507 5482 parte
522 5413 673 5484 dimiserat,
686 5432 736 5472 nec
745 5416 779 5472 ad
789 5417 846 5473 ulla
858 5419 914 5488 pla·

125 5499 180 5557 cita
191 5503 225 5558 de
235 5505 453 5565 consideratione
463 5522 587 5563 mearum
600 5507 803 5575 necessitatum,
815 5507 920 5580 adquae

982 4613 1135 4686 spiritualis
1145 4614 1228 4669 homo
1246 4621 1363 4672 testatur
1376 4616 1533 4688 Stephanus
1549 4635 1621 4693 papa
1638 4627 1668 4676 et
1682 4630 1779 4694 martyr

982 4702 1067 4774 (epist.
1085 4702 1141 4774 ll).
1158 4703 1299 4777 Quidquid
1316 4705 1345 4759 in
1355 4706 1470 4763 sacratis
1479 4707 1537 4762 Deo
1549 4707 1635 4765 rebus
1643 4716 1672 4764 et
1685 4711 1777 4783 episco

980 4787 1022 4859 pis
1037 4787 1141 4858 injuste
1156 4791 1255 4859 agitur,
1268 4806 1317 4861 pro
1337 4789 1482 4862 sacrilegio
1499 4794 1690 4865 reputabitur.
1708 4820 1717 4843 ι

1015 4876 1079 4931 Post
1095 4875 1170 4932 hunc
1185 4877 1344 4936 reclamavit
1359 4879 1456 4947 Grivo,
1472 4887 1500 4935 et
1519 4882 1655 4955 respondi
1670 4899 1726 4939 non
1740 4894 1776 4935 ne

979 4962 1080 5019 habere
1094 4962 1198 5020 ibidem
1214 4964 1277 5021 illos
1291 4966 1427 5036 homines,
1443 4968 1492 5040 qui
1516 4985 1548 5026 ea
1572 4987 1635 5044 quae
1657 4971 1775 5028 dicturus

978 5069 1051 5109 eram
1064 5070 1119 5109 uua
1136 5071 1243 5112 mecum
1258 5057 1391 5114 sciebant.
1408 5061 1549 5129 Attamen,
1568 5061 1688 5132 jubente
1713 5075 1773 5134 rect,

977 5143 1047 5215 coepi
1062 5143 1121 5200 haec
1135 5147 1391 5204 enarraro.Scilicet
1404 5148 1478 5220 quod
1493 5148 1586 5220 illum,
1600 5159 1628 5207 et
1637 5151 1773 5210 Beraldun

976 5231 1024 5303 qni
1038 5232 1141 5301 aderat,
1150 5233 1223 5289 sicut
1236 5234 1354 5292 domnus
1368 5252 1416 5291 rex
1431 5236 1545 5307 sciebat,
1555 5240 1675 5298 Romam
1685 5253 1772 5298 monn·

976 5335 1049 5376 eram
1064 5337 1121 5377 esse
1135 5322 1295 5393 mittendos,
1311 5326 1359 5397 qni
1375 5324 1479 5383 domno
1500 5328 1657 5400 apostolico
1681 5331 1714 5387 de
1729 5345 1773 5386 re·

975 5414 1128 5470 moratione
1143 5431 1203 5471 mea
1218 5415 1324 5472 litteras
1335 5416 1469 5473 delerent.
1483 5417 1610 5486 Quodam
1628 5429 1720 5478 autem
1734 5417 1771 5475 die

975 5511 1101 5569 veniente
1116 5513 1150 5569 ad
1164 5529 1213 5570 me
1220 5512 1316 5572 eodem
1331 5512 1463 5585 Grivone,
1477 5514 1657 5576 missaticum
1673 5514 1770 5573 verbe-
