3834 6136
152 157 207 214 lat

687 155 1004 214 xnuxxuotoulmi.
1027 186 1062 200 ·-
1082 157 1187 215 MENS.
1209 155 1282 214 JUN.

1763 158 1814 216 136

151 286 230 345 Actis
243 285 342 342 socios.
360 284 446 341 «tiam
456 281 600 339 Marciani.
611 283 715 349 Romae,
727 281 853 349 Nabaris,
866 281 948 336 Naza-
962 288 987 348 Α
1001 281 1124 354 episcopi
1141 289 1168 338 et
1183 282 1359 339 confessoris.
1384 283 1416 338 In
1436 281 1576 337 territorio
1595 281 1812 353 Trecassinensi,

150 360 220 414 rii.»
241 354 430 413 Remittentur
443 353 475 409 ad
492 370 532 409 xii
546 353 654 408 lunii.»
675 352 841 424 ilndegaiis,
857 351 947 408 Licini

150 446 164 484 e
185 429 270 499 iscopi
284 435 311 483 et
325 425 498 482 confessoris.
516 423 914 497 Theodulphietcculessoris.
932 448 941 472 ι

176 501 267 555 idetur
287 498 310 553 is
323 513 381 552 esse
396 498 442 568 qui
458 497 560 552 colitur
573 513 640 551 xxiv
655 497 742 551 luiiii.
765 521 773 543 ι
789 496 819 551 ln
837 495 946 565 Anglie,

151 569 294 625 lVilhelnii
316 568 515 640 archiepiscopi
541 569 722 623 Eboracensis
744 576 772 622 et
802 567 947 622 consesso-

148 641 195 696 ris.
212 639 356 694 Maximini
380 639 501 710 episcopi
519 639 697 694 Massiliensis
720 647 747 694 et
769 639 945 705 contessoris,

147 711 298 767 secundum
323 711 403 777 alios,
419 728 447 765 vi
463 711 523 766 Kal.
541 711 626 765 Jiiriii.
644 711 804 765 Maximiani
826 709 946 781 episcopi

147 782 311 854 Syracusani
326 790 353 837 et
368 782 543 848 confessoris,
559 782 637 853 cujus
653 781 780 837 ineiiiiiiit
799 781 946 852 Gregorius

149 854 176 908 iii
192 871 224 909 iii
240 854 373 925 dialog.»
402 855 486 910 Miror
501 870 555 908 nan
573 853 667 908 haberi
691 854 721 908 in
740 852 944 907 Praeteriiiissis.

147 924 255 980 Colitur
267 925 312 980 die
331 925 467 997 sequenti.
492 926 593 980 «illeiis
608 925 696 979 sancti
712 924 862 993 Glodulplii
883 924 946 1049 aqi-

146 998 221 1066 scopi
244 1005 271 1052 et
294 997 469 1052 confessoris.
487 996 605 1053 Carilelsi
620 996 793 1052 coiilcssoris.
812 994 900 1050 Marce
915 996 945 1049 lat

146 1068 272 1137 virginis.
290 1092 298 1114 ι
319 1069 458 1124 Ancillam
471 1068 577 1123 indicat
593 1069 620 1123 S.
637 1068 761 1122 Marthae.
778 1066 848 1122 Vide
875 1082 946 1120 xxix

145 1139 232 1194 lunii.
256 1163 265 1186 ‹
280 1140 385 1195 l‘ubliac
400 1140 502 1207 viduae,
517 1148 544 1194 et
554 1139 740 1195 abbatissae.»
759 1138 829 1194 Vide
844 1138 946 1192 Praeter

145 1213 253 1335 qaissos.
278 1239 285 1256 ·
301 1210 387 1282 Syriae
404 1221 568 1267 matronae.»
589 1210 829 1283 Dequasuperius
843 1208 891 1264 alii
902 1224 943 1264 co·

165 1298 230 1336 ices.

180 1352 289 1407 Mansa.
307 1353 335 1408 in
352 1355 510 1425 ipsotcxtu.
528 1353 574 1408 sed
587 1352 649 1408 aliis
666 1351 774 1416 litteris,
787 1357 847 1421 post
861 1349 945 1404 liiirii-

144 1425 235 1491 auria,
252 1425 363 1480 inserit:
386 1452 394 1472 ι
410 1424 477 1495 Ejus
493 1425 548 1479 vita
559 1422 710 1479 virtutibus
724 1423 805 1492 plena
818 1421 945 1475 couscri-

146 1502 191 1563 pta
206 1503 256 1550 est.
274 1521 283 1541 ι
305 1497 336 1550 ln
351 1496 425 1551 sine:
450 1496 550 1551 ‹Metis
561 1494 683 1561 civitale,
695 1493 783 1549 sancti
793 1491 944 1563 Glodolphi

144 1691 178 1748 V.
200 1693 275 1748 Idus.

1003 353 1088 410 beate
1103 353 1192 426 Syria
1207 363 1373 410 matrona.»
1391 353 1462 409 Tum
1477 352 1632 409 minoribus
1646 357 1740 425 typis:
1763 357 1814 412 «hi

1003 424 1113 496 Anglia,
1133 425 1277 481 Willieliiii
1296 425 1496 498 archiepiscopi
1512 424 1694 481 Eboracensis
1708 433 1736 481 et
1749 441 1814 484 con·

1001 496 1114 552 sessoris
1127 515 1132 551 :
1147 497 1313 552 Maximiani
1328 496 1449 569 episcopi
1459 496 1625 567 Syracusani
1636 504 1664 551 et
1673 497 1814 555 confesso·

1002 568 1050 634 ris,
1066 567 1146 638 cujus
1162 569 1295 625 meminit
1310 569 1459 641 Gregorius
1473 569 1500 623 in
1525 585 1553 623 iii
1575 569 1682 637 Dialog.
1706 569 1814 627 Publica

1001 639 1093 710 sidua
1104 649 1131 694 et
1144 639 1305 704 abbatissae,
1321 640 1354 695 de
1369 657 1423 712 qua
1439 648 1518 694 sexto
1535 639 1606 694 libro
1616 640 1814 697 ecclesiasticae

1002 710 1130 766 llisiaiia
1145 712 1300 783 tripartitae,
1313 728 1373 782 cap.
1390 711 1433 766 36.
1447 736 1455 756 ι
1476 713 1515 766 lle
1529 709 1637 782 hisjam
1651 711 1761 767 dictam
1772 729 1813 768 sa-

1002 782 1047 836 tis.
1064 783 1094 836 In
1110 781 1172 837 aliis
1191 783 1363 839 editionibus
1388 781 1421 837 de
1446 781 1526 854 Syria
1547 791 1573 836 et
1594 781 1767 853 Clodulpho,
1783 791 1816 841 ut

1001 869 1093 922 supra.
1108 855 1177 908 Tum
1192 872 1197 908 :
1222 878 1231 898 ‹
1246 854 1416 909 Mooastcrio
1427 854 1531 919 Sithiu,
1543 854 1641 909 relatio
1655 853 1815 910 sivetrairs·

1002 925 1068 979 latio
1081 925 1108 980 S.
1125 925 1275 980 hadomari
1292 924 1425 996 episcopi,
1443 924 1554 996 quando
1568 925 1724 997 Fclquirius
1739 942 1809 982 cor-

1002 1011 1052 1065 pus
1064 994 1133 1066 ejus,
1149 996 1241 1068 fugato
1256 996 1374 1067 llugciie
1388 995 1495 1061 abbate,
1512 1011 1527 1049 a
1541 995 1694 1051 bisbourch
1707 997 1808 1053 retulit

1000 1082 1072 1120 anno
1086 1084 1232 1130 ccccxciii,
1248 1077 1274 1122 cl
1291 1069 1318 1121 iii
1332 1067 1423 1123 Sithiu
1436 1067 1517 1137 juxta
1531 1083 1631 1136 corpus
1646 1067 1718 1122 beati
1734 1067 1809 1124 Mer-

1001 1137 1052 1192 tini
1065 1138 1116 1193 sub
1132 1147 1204 1194 terra
1219 1138 1390 1194 recondidit.
1409 1137 1459 1192 Ubi
1472 1154 1518 1208 per
1530 1138 1632 1193 multos
1647 1155 1736 1194 annos
1756 1139 1814 1196 ho-

1000 1210 1088 1263 mines
1100 1210 1212 1281 quidem
1230 1210 1319 1276 latuit,
1338 1218 1366 1264 at
1386 1210 1526 1263 revelatus
1542 1217 1592 1274 est,
1610 1209 1656 1263 iibi
1673 1210 1813 1268 Dominus

1000 1280 1125 1334 voluit.»
1147 1281 1277 1351 Sequitur
1299 1281 1362 1335 aliis
1381 1279 1483 1336 litteris
1497 1280 1530 1335 de
1552 1280 1705 1335 Wilhelmo
1729 1281 1813 1338 Ebo-

1000 1351 1115 1405 racoiisi.
1133 1352 1273 1423 Denique:
1299 1376 1308 1398 ‹
1322 1354 1352 1407 ln
1368 1351 1469 1407 Galliis
1483 1351 1598 1407 civitate
1611 1352 1748 1424 Aqiiensi,
1761 1355 1812 1409 lle·

1000 1422 1100 1492 positio
1113 1422 1187 1478 beati
1202 1422 1358 1488 Maximini,
1376 1423 1457 1495 primi
1479 1423 1612 1479 civitatis
1635 1423 1761 1497 episcopi
1785 1432 1813 1482 et

999 1493 1174 1551 confessoris.
1191 1521 1200 1542 »
1220 1496 1326 1568 Deque
1340 1494 1428 1551 etiam
1447 1493 1587 1566 superius.

865 1633 1073 1644 -—---.-.-...

1715 1689 1768 1745 Die
1783 1690 1810 1746 9.

179 1781 273 1836 Romae
285 1780 314 1835 in
325 1789 419 1836 monte
430 1781 526 1848 liclia,
538 1781 639 1837 natalis
653 1787 811 1835 sanctorum
826 1778 914 1834 Primi
924 1787 951 1835 st
970 1778 1104 1837 Feliciani
1120 1779 1171 1836 sub
1181 1778 1354 1835 Diocletiano
1364 1787 1390 1835 et
1400 1777 1570 1835 Maximiano
1580 1777 1808 1849 imperatoribus.

143 1870 177 1925 Hi
193 1869 385 1942 gloriosissimi
401 1871 697 1942 niortyreslongaeuam
713 1869 742 1923 in
758 1868 878 1924 Domino
893 1867 978 1923 vitam
999 1868 1146 1936 ducentes,
1163 1875 1191 1924 et
1211 1884 1286 1924 nunc
1305 1868 1389 1923 simul
1405 1867 1489 1938 paria,
1506 1883 1581 1922 nunc
1599 1866 1745 1937 sigillatim
1760 1866 1811 1922 di-

143 1976 221 2015 versa
235 1968 262 2014 cl
276 1960 413 2032 exquisita
429 1961 547 2015 ferentes
563 1967 709 2028 tormenta,
726 1959 837 2015 tandem
854 1959 943 2016 felicis
957 1976 1062 2032 pugnae
1081 1976 1192 2015 cursum
1213 1958 1304 2031 gladio
1323 1958 1509 2014 animadversi
1529 1965 1808 2014 consummaverunt.

142 2050 174 2104 ln
190 2048 289 2104 Galliis
303 2049 417 2103 civitate
428 2052 554 2120 Agenno,
568 2048 658 2120 passio
671 2047 744 2104 beati
759 2047 902 2104 Vincentii
917 2047 1008 2104 levite
1023 2055 1050 2103 et
1065 2048 1205 2119 martyris.
1222 2049 1290 2103 item
1306 2047 1334 2101 in
1350 2047 1451 2117 Scotia,
1463 2047 1551 2103 sancti
1568 2046 1714 2103 Columbae
1727 2062 1809 2118 pres-

141 2135 224 2192 biteri
240 2146 267 2193 ct
281 2137 458 2202 confessoris,
474 2144 619 2210 magnaei
640 2136 773 2193 mirandae
788 2137 902 2193 virtutis
918 2136 982 2192 riri.
998 2135 1093 2203 Nicea,
1109 2135 1202 2193 sancti
1220 2136 1373 2194 Diomedis.
1390 2136 1462 2194 Add.
1478 2137 1583 2193 Bouill.
1600 2153 1606 2190 :
1628 2134 1725 2209 [Apud
1743 2153 1809 2193 mo-

142 2226 293 2282 nasterium
309 2227 337 2283 S.
354 2225 494 2295 Germani,
510 2225 672 2283 dedicatio·
688 2226 805 2283 oratorii
820 2226 851 2282 in
865 2225 970 2281 bonore
984 2225 1016 2281 B.
1031 2226 1104 2281 Petri
1119 2225 1263 2299 apostoli]

909 2347 1027 2406 NOTAE.

176 2447 237 2504 Non
251 2447 299 2503 alii
313 2447 376 2520 puri
389 2455 455 2504 sunt
467 2447 587 2516 codices,
603 2464 686 2519 quam
701 2447 838 2504 Herinieu.
855 2447 993 2519 Roaweyd.
1010 2452 1033 2501 el
1048 2446 1151 2506 Melea.

172 2606 184 2633 ·
199 2595 261 2649 llaec
272 2592 454 2648 dedicationis
466 2591 569 2647 mentio
581 2590 696 2646 minime
711 2591 865 2647 Usuardina
877 2591 937 2646 visa
955 2594 977 2652 Β
993 2591 1036 2645 nis
1051 2590 1082 2645 B.
1102 2587 1175 2643 Petri
1191 2586 1342 2642 oratorium
1360 2602 1423 2642 cum
1437 2592 1598 2641 sanctorum
1613 2585 1759 2644 Vincentii
1775 2593 1804 2644 et

139 2674 181 2722 est
197 2665 325 2727 Sollario,
342 2663 376 2716 de
395 2680 425 2717 ea
444 2663 591 2716 silentibus
603 2663 816 2734 quamplurimis
830 2663 940 2718 codici·
994 2661 1123 2718 Germani
1140 2658 1253 2714 basilica
1272 2658 1443 2713 destructum
1466 2657 1521 2712 luit
1535 2665 1562 2712 et
1578 2658 1736 2726 incensum,
1757 2659 1802 2715 si-

141 2735 202 2797 bus,
218 2741 335 2790 lestante
351 2731 500 2787 Siriiiondo
523 2740 690 2803 expunctani
712 2733 797 2789 fuisse
815 2749 849 2788 ex
869 2734 939 2788 Pra-
996 2734 1051 2787 mul
1070 2729 1284 2786 adedicatioiiis
1298 2729 1474 2784 solemnitate
1490 2737 1626 2784 cessatum
1643 2738 1696 2796 est,
1718 2739 1801 2803 atquc

139 2807 209 2861 tensi
226 2805 257 2871 B,
270 2805 371 2859 latente
386 2804 504 2875 denique
520 2803 674 2859 Castellano
691 2805 841 2859 recentiore
857 2820 939 2859 mauu
994 2803 1061 2859 adeo
1076 2819 1091 2857 a
1107 2801 1231 2858 iacienda
1243 2801 1318 2854 illius
1333 2802 1472 2854 mentione
1488 2801 1515 2855 in
1530 2800 1626 2856 codice
1641 2802 1690 2873 qui
1706 2802 1736 2857 in
1751 2819 1802 2858 ca-

139 2877 191 2931 sibi
218 2875 376 2946 adjunctam
400 2875 499 2929 videri.
525 2874 576 2930 Sed
599 2875 627 2930 in
652 2891 679 2929 re
704 2892 764 2947 quae
784 2877 835 2931 soli
851 2875 938 2930 sancti
993 2875 1082 2947 pitulo
1103 2874 1250 2944 legebatur.
1266 2872 1338 2939 Quid
1350 2871 1458 2927 tandem
1476 2871 1509 2927 de
1529 2873 1678 2928 Castellani
1692 2876 1801 2930 monito

139 2946 268 3002 Germani
289 2946 458 3002 monasterio
474 2946 614 3011 convenit,
630 2947 696 3017 quid
710 2946 807 3017 probat
820 2947 938 3002 aliorum
993 2946 1110 3002 dicam?
1136 2945 1227 2999 'laedet
1252 2943 1375 2997 eamdem
1402 2943 1608 3023 membranam,
1627 2943 1702 2998 idem
1722 2955 1800 3001 atra-

138 3017 264 3073 codicum
279 3017 443 3072 silentium?
458 3018 550 3089 Neque
590 3017 720 3089 cidquam
742 3018 872 3090 ponderis
885 3019 939 3072 ha·
993 3027 1129 3083 mentum,
1146 3031 1257 3070 inanum
1278 3015 1402 3070 eamdem
1426 3031 1532 3085 semper
1551 3031 1678 3071 occinere
1697 3035 1702 3071 :
1726 3033 1798 3073 com·

137 3089 183 3145 bet
197 3089 337 3146 Siriiiondi
351 3088 564 3145 animadversio
602 3099 727 3162 ostquam
753 3106 768 3143 a
786 3090 939 3145 Nortman-

743 3213 946 3272 vattlaxTEs
966 3210 1172 3269 LECTIONES.

173 3310 258 3367 Servo
286 3311 468 3382 diphtongum
497 3311 525 3366 iu
552 3311 632 3367 Culio
656 3319 683 3366 et
710 3313 851 3382 langueam
876 3327 938 3367 cum
992 3310 1058 3380 pho,
1077 3325 1159 3363 manu
1174 3306 1320 3363 recentiori
1341 3306 1513 3378 adjunctum.
1536 3307 1651 3364 Codices
1670 3309 1796 3366 Pratensi

137 3382 257 3438 Molaria.
274 3384 414 3439 Merinieii.
433 3384 459 3437 in
479 3383 559 3439 Curtio
572 3383 755 3456 diphtongum
774 3383 864 3449 hahet,
883 3398 938 3437 non
992 3381 1148 3437 ccirloriiies
1165 3387 1230 3434 smil
1247 3378 1492 3450 antuerp-Major,
1509 3380 1667 3434 Muneratus
1682 3388 1708 3435 et
1724 3383 1797 3437 Gre-

137 3455 165 3510 in
182 3458 344 3525 lcupuccra;
363 3471 443 3525 ipuaiii
460 3464 487 3509 et
503 3454 648 3526 Rosiveyd.
668 3455 694 3509 in
711 3456 799 3512 Roiuoe
812 3454 881 3510 bene
892 3471 937 3526 pc·
990 3469 1088 3508 renus.
1107 3452 1232 3506 Alterum
1248 3460 1340 3522 caput,
1357 3451 1429 3522 quod
1441 3450 1632 3531 Tornacensis.
1645 3451 1795 3508 Pulsanen·

136 3525 203 3592 suit,
219 3527 248 3580 iii
265 3527 328 3580 aliis
342 3535 432 3580 tamen
448 3526 551 3579 omisit.
569 3529 659 3596 Atque
675 3526 703 3579 hi
718 3527 770 3580 soli
783 3535 848 3580 sunl
863 3525 938 3581 codi-
989 3524 1027 3579 sis
1041 3531 1068 3578 et
1083 3523 1206 3583 belinas,
1224 3539 1280 3577 non
1306 3539 1338 3577 eo
1362 3539 1486 3589 excessu,
1512 3522 1558 3577 sed
1582 3522 1645 3576 aliis
1667 3522 1796 3582 laborent

136 3613 180 3652 ces
201 3614 264 3651 crim
287 3596 420 3661 Pratensi,
435 3596 463 3648 in
488 3596 588 3666 quihus
612 3597 743 3650 habeatur
764 3597 937 3667 diphtongo·
988 3594 1150 3650 defectibus.
1168 3595 1292 3649 'sortium
1308 3611 1389 3664 porro
1404 3596 1431 3648 in
1449 3594 1545 3649 mediae
1561 3602 1632 3648 notas
1650 3594 1792 3664 Usuardis,

136 3683 196 3721 runi
209 3667 287 3721 ratic.
302 3666 429 3720 Felicitani
444 3666 620 3735 posuitsclus
630 3668 763 3721 Molaiius.
776 3668 934 3747 Rosweyd,
986 3666 1059 3721 iedm
1076 3666 1144 3720 illiiil
1158 3675 1208 3731 est,
1224 3666 1295 3736 quod
1307 3667 1373 3721 alias
1394 3665 1589 3730 indicavimus,
1603 3682 1702 3736 nempe
1715 3667 1792 3723 codi-

135 3737 236 3792 Molan.
254 3737 341 3792 etalii
359 3736 457 3807 passim
477 3736 603 3791 scribunt
621 3737 769 3806 sigillatim.
790 3738 933 3794 Herinieu.
950 3757 970 3814 ρ
986 3737 1103 3793 cesillos
1116 3738 1232 3806 elalios,
1244 3753 1361 3818 quorum
1374 3745 1497 3791 extracta
1509 3737 1729 3809 duntaxatapud
1742 3756 1791 3794 nos

993 3097 1117 3144 mentum
1132 3087 1220 3144 oculis
1232 3086 1413 3142 refellendum
1434 3088 1572 3160 relinquo.
1588 3087 1762 3145 homnine.

135 3808 299 3877 siaqiilulim.
316 3808 368 3862 Pro
377 3807 499 3876 serentes,
514 3806 595 3862 habel
608 3809 683 3863 solus
700 3809 857 3880 liosweyd..
872 3827 932 3879 per·

133 3878 254 3949 sarclitas.
279 3880 350 3950 Lego
373 3880 490 3949 Ageriae,
514 3879 644 3951 quoniam
668 3880 705 3934 ita
726 3881 821 3950 legunt
836 3887 862 3935 et
877 3890 932 3936 tres

133 3950 210 4005 citati
226 3951 335 4006 codices
349 3957 376 4003 et
390 3949 437 4003 alii
453 3950 537 4004 ieiune
548 3967 652 4005 omnes.
671 3952 758 4007 Scolia
772 3960 844 4006 recte
858 3953 932 4008 Ros-

133 4021 236 4088 ward,
256 4022 390 4085 Molanus,
401 4031 453 4075 etc.
469 4021 537 4076 Male
553 4021 694 4077 llerinien.
711 4024 815 4079 Siliotiir
829 4031 856 4078 et
872 4025 930 4079 Sco·

133 4079 212 4147 inita.
231 4092 297 4146 aiiii
327 4092 441 4147 scona.
472 4094 521 4147 esi
546 4092 574 4147 in
602 4094 711 4149 isaiano
732 4102 758 4149 er
781 4095 928 4166 nosweyii.

132 4154 927 4236 admirandaevii·tiitisviri,idqueimitatusestGrevenus;

133 4233 273 4290 Herinieu.
290 4251 353 4290 cum
366 4235 497 4301 Pratensi,
514 4237 678 4292 Tarnacensi
694 4246 720 4292 et
734 4238 842 4293 coeteris
856 4240 929 4293 sim-

131 4306 241 4377 pliciter
256 4307 395 4361 mirande.
412 4307 538 4362 Molanus
554 4323 610 4362 non
626 4309 696 4363 male
710 4309 806 4364 scribit
819 4310 904 4365 Niceie
919 4327 927 4365 .·

77 4442 80 4448 Ι
131 4393 181 4432 nec
195 4378 351 4449 Rosweyd,
363 4379 396 4433 lii
411 4379 509 4434 necui.
522 4378 625 4449 Sequor
634 4389 726 4435 temeri
737 4381 926 4436 llerinienseiii

130 4456 157 4530 et
173 4450 252 4505 alios.
267 4450 315 4505 ubi
330 4450 429 4506 Nicaea.
445 4451 521 4505 idem
543 4451 688 4524 Rosweyd.
705 4451 805 4523 adjecit
819 4459 927 4525 merip-

129 4537 179 4575 ris.

165 4593 294 4662 Superest
310 4593 461 4649 notabilior
478 4594 605 4663 variatio,
630 4611 713 4668 aqua
727 4595 816 4650 oritur
835 4595 924 4669 pauci-

128 4669 170 4717 tas
185 4663 323 4730 codicum,
340 4681 389 4734 pra
404 4673 483 4719 textu
502 4667 693 4734 allegatorum,
713 4683 773 4738 quae
787 4684 822 4722 ex
837 4668 926 4722 tribus

128 4732 303 4804 potissimum
327 4735 464 4804 capitibus
491 4736 625 4805 procedit.
651 4738 772 4791 Primum
794 4746 843 4804 est,
860 4740 925 4809 quia

130 4804 269 4869 nonrmlli,
288 4804 410 4859 Pratensi
439 4806 554 4872 similes,
580 4807 608 4860 in
636 4807 691 4861 siue
710 4808 827 4863 habeut:
844 4809 925 4880 Apud

127 4875 314 4930 moricaleririin
344 4875 428 4928 sciicli
454 4877 589 4943 Gerraidai,
619 4878 748 4932 dedicatio
776 4880 804 4932 ιιι
827 4880 924 4934 horrore

127 4947 196 5004 beati
211 4947 286 5003 Petri
295 4945 419 5018 aposloli.
432 4945 510 5013 Quod
521 4957 698 5018 anguiculum
711 4949 793 5004 relert
803 4950 923 5006 Sirnrou·

126 5019 188 5087 dus,
206 5019 234 5073 in
250 5020 335 5073 altero
350 5017 473 5072 Pratensi
492 5018 587 5073 codice
608 5035 732 5085 erasmii;
752 5021 923 5079 Castellanus

129 5106 192 5146 reio
206 5091 319 5160 fatetur,
334 5088 424 5146 uideri
437 5088 491 5145 sibi
512 5090 542 5146 ιιι
566 5089 626 5163 ipso
644 5098 778 5164 praetenso
799 5101 923 5166 autogra-

986 3817 1113 3875 exslanl;
1131 3824 1191 3863 nem
1214 3825 1238 3875 e,
1251 3824 1376 3880 inquam,
1394 3808 1504 3863 cedices
1517 3808 1583 3864 istos
1598 3810 1791 3880 scrupulosius

986 3880 1151 3953 quandoque
1162 3825 1267 3935 Arionis
1280 3895 1389 3934 sensum
1402 3887 1520 3947 secutos,
1535 3897 1588 3934 ncii
1598 3881 1670 3935 alios
1680 3891 1790 3937 sanctos

985 3952 1108 4024 prolerre
1122 3968 1203 4023 quam
1219 3951 1266 4024 qai
1283 3951 1311 4005 in
1327 3951 1442 4022 praelato
1458 3952 1554 4007 Adone
1575 3952 1787 4022 exprimiintur;

985 4039 1039 4096 qua
1053 4040 1144 4088 causa,
1161 4031 1192 4077 ut
1213 4023 1340 4094 equidem
1365 4023 1495 4090 arbitror,
1518 4024 1568 4079 liac
1589 4023 1634 4078 die
1657 4024 1789 4081 Colairibc

984 4102 1011 4150 et
1026 4095 1165 4150 Diaoieiles
1175 4094 1209 4148 ab
1225 4095 1291 4165 ipsis
1302 4095 1561 4164 praetermittuntur.
1572 4095 1672 4150 Veram
1685 4095 1788 4152 iiibilo·

985 4166 1078 4221 minus
1093 4175 1221 4237 putamus
1237 4165 1362 4220 laterculi
1377 4166 1464 4220 nostri
1482 4168 1703 4236 germanitatem,
1721 4184 1784 4223 cum

984 4246 1083 4309 praeter
1096 4238 1170 4292 solos
1186 4244 1313 4308 quatuor,
1334 4237 1432 4308 reliqui
1455 4254 1550 4293 ornnes
1572 4239 1785 4296 concordantia

982 4308 1155 4364 excludenda
1170 4308 1381 4363 annuntiatione
1398 4309 1505 4375 ultima,
1525 4310 1649 4364 Pratensi
1667 4327 1783 4366 monas-

981 4379 1784 4452 steriopropriaUndeuamveroAiitcerp.·Maj.,Munera·

981 4459 1025 4507 tiis
1039 4460 1066 4507 et
1089 4454 1231 4509 Grevenus
1255 4452 1331 4507 illam
1353 4452 1518 4524 acceperint,
1542 4452 1684 4523 quissatis
1705 4462 1783 4509 certo

980 4525 1103 4580 statuat?
1119 4524 1161 4579 Αιι
1173 4541 1207 4579 ex
1220 4532 1354 4596 praetenso
1368 4525 1547 4594 autographo,
1559 4523 1605 4578 ubi
1620 4532 1674 4578 lam
1687 4526 1784 4581 naalia

980 4595 1041 4650 aliae
1055 4595 1242 4651 dedicationes
1264 4596 1395 4666 apposita
1411 4595 1497 4650 sunt‘l
1520 4596 1580 4649 Nou
1604 4602 1645 4650 est
1670 4597 1785 4651 verosi-

979 4667 1045 4720 mile
1060 4669 1171 4720 unicam
1199 4667 1271 4722 lianc
1295 4683 1349 4737 prae
1373 4668 1436 4721 aliis
1458 4667 1597 4722 selectam.
1623 4665 1703 4723 Certe
1724 4683 1782 4723 non

979 4737 1068 4792 credit
1085 4738 1266 4804 Castellanns,
1281 4739 1353 4792 ullos
1373 4739 1441 4793 alios
1455 4737 1563 4794 codices
1583 4737 1692 4808 propria
1708 4738 1781 4793 Pra-

978 4808 1066 4864 teiisia
1080 4824 1200 4879 unquam
1217 4810 1432 4880 transcripsisse,
1455 4810 1527 4881 quad
1547 4809 1665 4864 rotonde
1679 4810 1781 4866 asserit

978 4879 1007 4934 in
1029 4880 1140 4947 litteris,
1165 4897 1221 4935 non
1240 4883 1324 4936 semel
1345 4883 1412 4937 alias
1435 4881 1567 4948 recitatis,
1590 4881 1673 4953 idque
1688 4881 1782 4952 patuit

978 4967 1065 5032 nuper
1079 4968 1088 5007 ι
1102 4951 1179 5008 lunii
1190 4960 1217 5008 ct
1233 4952 1300 5008 alibi
1311 4955 1421 5026 sepius.
1434 4954 1487 5010 Sed
1502 4953 1536 5009 de
1555 4952 1599 5008 bis
1615 4952 1679 5025 plus
1693 4969 1780 5026 quani

977 5029 1054 5079 satis.

798 5221 1099 5281 OBSERVATIONES.

156 5315 234 5394 Murio
248 5317 282 5372 ad
302 5326 396 5376 textus
413 5318 503 5373 lentes
527 5314 598 5391 quod
613 5316 721 5388 attinet,
737 5320 770 5375 de
785 5322 877 5376 Primo
893 5328 920 5376 et
973 5324 1105 5379 translata
1115 5332 1179 5380 sunl
1192 5340 1316 5396 corpora,
1327 5325 1473 5381 collocent.
1486 5327 1584 5383 Noster
1594 5326 1776 5384 Adonianum

124 5385 258 5440 Feliciuiic
278 5391 463 5446 meminerunt
478 5389 573 5446 Allatii
588 5397 615 5444 et
630 5390 770 5447 Frontinis
783 5392 915 5448 Kaleiida·
972 5395 1092 5467 elogium
1108 5398 1233 5468 pauculis
1257 5397 1338 5452 lineis
1359 5398 1561 5468 elegantissime
1575 5398 1775 5472 circumscrip-

124 5456 175 5511 ria.
189 5456 436 5516 Sacraiiientariuiii
460 5460 595 5534 Gregorii,
620 5461 692 5517 beda
711 5472 738 5519 et
762 5465 914 5520 Romanum

124 5543 258 5609 parumn,
280 5528 340 5584 Ado
361 5531 546 5589 laudationem
562 5549 596 5589 ex
611 5533 688 5589 Actis
706 5534 822 5589 deduxit
836 5536 915 5606 plane

124 5614 269 5669 insignem,
286 5615 367 5670 quani
382 5601 467 5658 lerme
479 5612 572 5675 totam
588 5604 746 5677 reproducit
767 5605 913 5663 Notkeriis.

123 5669 251 5751 Rabanus
271 5670 382 5727 brevius
404 5678 562 5732 encomium
588 5678 702 5749 prolert,
726 5677 760 5734 de
787 5678 914 5734 Palaestra

122 5742 208 5804 altum
230 5742 322 5811 silent,
345 5742 393 5799 sed
412 5760 494 5817 quam
513 5747 579 5803 alibi
597 5748 627 5804 in
643 5750 723 5808 Caelio
746 5757 840 5820 iiioau,
859 5767 913 5826 quo

971 5466 1017 5522 sit.
1030 5469 1149 5539 Accepta
1160 5477 1225 5524 suut
1238 5469 1325 5540 elogia
1337 5469 1389 5526 ista
1399 5471 1492 5526 omnia
1505 5487 1538 5525 ex
1552 5471 1671 5541 rulgatis
1681 5470 1773 5539 Actis,

970 5554 1030 5611 quae
1045 5555 1060 5594 a
1083 5538 1164 5595 Surio
1180 5542 1284 5608 limata,
1297 5541 1449 5668 qilrimitivae
1464 5541 1556 5613 phrasi
1567 5558 1601 5597 ex
1627 5541 1772 5597 variorum

969 5609 1050 5665 codd.
1074 5612 1222 5667 collatione
1244 5613 1278 5669 ab

969 5679 1069 5753 quibas
1084 5682 1150 5755 quid
1174 5684 1275 5741 sentiat
1297 5685 1335 5740 ita
1356 5686 1489 5758 exponit:
1510 5686 1600 5756 Nepae
1621 5701 1670 5740 aes
1684 5685 1771 5740 credi·

968 5768 1027 5809 mua
1043 5769 1074 5810 cc
1091 5771 1144 5812 esse
1162 5755 1257 5830 prima
1276 5764 1344 5815 noto
1368 5764 1446 5830 atquc
1472 5774 1505 5813 eac
1528 5758 1771 5831 proconsularibus

1322 5613 1470 5670 enschenio
1494 5613 1621 5668 restituta
1643 5621 1720 5682 suut,
1737 5613 1771 5669 de
