3834 6136
67 190 119 251 thb
593 188 911 252 MARTYROLOGIUM.
930 224 967 238 -
985 190 1089 252 MENS.
1110 196 1208 254 SEPT.
1672 205 1725 265 atto

68 311 258 398 martyris-ac
275 311 449 394 ducolismee
469 312 594 371 civitatis
614 316 746 398 episcopi,
768 325 795 374 et
810 317 906 383 Su-A
924 321 1070 392 mundam,
1091 323 1228 381 aduentus
1239 324 1363 398 corporis
1375 324 1462 384 beatas
1482 326 1646 388 Christiana
1660 333 1724 389 rir-

68 402 134 460 perii
147 385 283 456 discipuli
305 399 376 456 epus.
397 384 465 441 Item
483 384 579 442 eodem
602 385 648 443 die
661 389 735 461 apud
752 389 868 447 Teuraa-
923 392 1034 464 ginis·

69 561 103 621 vi
118 560 193 618 ides.
1660 578 1666 590 ‘

99 648 237 708 Natiuitas
257 646 426 706 beatissimae
440 649 490 707 Dei
505 650 646 722 genitricis
660 652 754 710 Nauia
768 662 906 727 perpetuae
919 658 1045 736 virginis.
1067 660 1148 733 Apud
1163 660 1372 732 Nicomediam,
1389 663 1489 721 natahs
1504 664 1592 723 sancti
1607 578 1722 724 llfflfaeui

70 738 204 812 martyris,
217 754 282 795 cuin
296 736 362 794 aliis
375 736 475 810 uiginti
486 736 586 806 tribus,
604 739 651 813 qui
668 758 764 798 onmes
775 751 836 816 post
848 747 934 803 multa
943 748 1078 820 supplicia
1095 751 1260 823 martyrium
1272 752 1438 826 crurifragio
1448 763 1721 826 consummaverunt,

68 829 113 887 sub
125 827 305 886 Diocletiano
313 828 448 900 Augusto.
460 827 633 896 Alexandie,
646 841 804 890 sauctorum
816 837 972 906 Ammonis,
983 837 1143 911 Theophili,
1155 839 1296 898 Neotherii
1311 842 1465 899 stallorum
1480 842 1580 917 uiginti
1590 841 1720 903 duorum.

68 920 128 977 Item
141 914 315 986 Antiochia,
330 915 470 972 Timothei
486 926 513 974 et
531 918 636 976 Fausti.

842 1031 960 1089 NOTAE.

11 1160 14 1165 -
97 1121 137 1180 lix
150 1121 278 1188 Proteo„
295 1118 445 1188 Herinien„
458 1119 719 1194 antuerp-Molem,
734 1126 866 1200 Antuerp.
882 1137 909 1186 et
921 1131 1126 1204 olm-lotoe,
1142 1136 1291 1205 licuerat,
1307 1138 1407 1204 Belin..
1425 1138 1524 1195 (trecen
1539 1147 1566 1196 et
1580 1142 1684 1200 Noton.

678 1238 881 1302 vastelius
899 1245 1106 1306 LECTIONES.

95 1345 171 1402 luter
187 1357 274 1416 puros
297 1349 533 1422 connumerantur
557 1342 750 1414 antuerpiam,
767 1345 862 1404 llax.-
916 1349 996 1418 bunt,
1027 1354 1183 1410 elatiorem
1218 1354 1312 1423 viginti
1339 1355 1440 1423 doom;
1475 1355 1593 1426 Greseu,
1614 1373 1719 1428 secure,

66 1415 163 1497 babae.
189 1423 219 1470 et
246 1413 369 1476 belinus,
395 1426 441 1483 qui
473 1411 552 1468 facile
587 1414 697 1470 excludi
719 1424 861 1497 'poterant
915 1422 1032 1477 otiomim
1058 1441 1139 1486 xxii:
1169 1441 1219 1481 nos
1243 1441 1304 1481 cuin
1330 1424 1445 1506 reliquis
1471 1427 1567 1498 uiginti
1592 1428 1719 1486 duorum.

67 1496 173 1569 ratione
189 1483 314 1543 defectus
336 1498 391 1554 quo
415 1483 558 1565 lahnflrant3
585 1500 650 1567 nain
678 1485 725 1542 ahi
752 1489 861 1546 codices
916 1493 1152 1567 dinosco-Major
1178 1497 1309 1553 mendosa
1340 1505 1436 1568 ponit:
1463 1498 1527 1554 Item
1559 1498 1719 1582 totamm,

66 1565 241 1630 antiquiores
259 1555 369 1627 legunt:
388 1553 522 1636 Notiortos
544 1555 700 1611 beatissimis
723 1557 774 1614 Dei
791 1563 860 1629 pooi-
918 1563 1055 1620 Timotlioei
1082 1573 1106 1621 et
1133 1567 1276 1636 Nesactium
1307 1566 1335 1622 in
1373 1575 1452 1624 textu
1479 1569 1585 1641 purius.
1606 1569 1718 1644 Reliqui

67 1629 142 1711 tricis
157 1626 403 1707 flammipotens
415 1642 539 1708 virginis.
557 1627 691 1697 llutuerp.
709 1629 860 1689 athelinus
915 1650 1021 1692 errores
1045 1637 1102 1693 lero
1120 1638 1262 1719 scriptorii
1286 1646 1360 1705 suut,
1379 1647 1427 1695 aut
1443 1639 1503 1695 anti
1524 1641 1552 1697 ui
1576 1640 1718 1698 scribendi

67 1706 204 1783 omittunt
221 1701 354 1780 peipftem
372 1713 496 1781 originis,
519 1705 546 1753 et
567 1697 754 1757 blan.·Lubec.
778 1701 860 1760 babet
916 1706 1009 1762 inudi:
1027 1707 1235 1774 Nictiomediom,
1251 1709 1417 1778 Dioctitiuai,
1442 1657 1615 1778 Diocliiciooi,
1630 1712 1719 1768 Anio-

63 1777 184 1842 pemtrici
198 1784 310 1841 copim
322 1769 428 1827 aomo.
450 1768 559 1825 Prateu.
581 1776 608 1826 et
626 1770 762 1829 Munerat.
785 1773 860 1831 scri·
913 1777 965 1846 nii,
985 1779 1139 1850 locupleti,
1155 1780 1299 1849 Neotliorii',
1316 1789 1373 1837 etc.

716 1896 1018 1958 obstestationem.

94 1990 254 2049 Nota'citotis
266 1995 364 2072 sancto
375 1989 472 2071 Nerio
484 1990 580 2075 matria
594 1991 712 2059 Domini,
729 1994 783 2075 yet,
800 1996 863 2052 No·
875 2000 899 2059 Β
918 1998 948 2053 in
964 2014 1018 2071 quo
1041 1998 1109 2079 quid
1137 2008 1245 2056 tuntum
1269 1999 1371 2073 piaculi
1396 2008 1531 2069 occurrat,
1555 2017 1609 2059 oon
1625 2003 1716 2061 video.

66 2064 113 2119 tole
126 2068 229 2119 comto
243 2061 294 2118 Der
305 2066 440 2132 genitricis
454 2061 560 2127 Noram,
577 2063 621 2118 vel
636 2072 668 2119 ut
676 2072 717 2119 est
727 2080 754 2120 in
772 2074 860 2137 textu,

65 2135 105 2191 ist
124 2132 191 2191 aliis
211 2131 446 2206 equivalentibus
468 2133 608 2199 terminis,
628 2149 644 2188 a
668 2135 861 2210 Martyrologis

64 2203 193 2262 omuibus
200 2203 698 2275 celebraturlleprimainstitutionis
708 2206 861 2278 hujusiesti

65 2276 181 2350 origiue,
196 2274 326 2332 videndas
341 2274 453 2331 Barouii
465 2283 492 2330 et
507 2275 672 2332 Florentiuii
686 2277 859 2336 Notationes.

32 2357 38 2368 ·
62 2348 114 2406 Nec
123 2348 220 2404 minus
234 2347 345 2405 curiosa
358 2352 424 2401 sunt
438 2360 499 2418 quae
512 2362 572 2418 pag.
590 2347 641 2404 lte
656 2355 683 2403 et
700 2348 750 2404 tao
767 2350 861 2406 obser·

65 2426 108 2475 iat
121 2418 229 2475 Fronto
242 2418 277 2475 ad
288 2417 496 2485 Kalendarium,
505 2418 533 2472 iu
545 2434 609 2490 quo,
623 2419 662 2474 uti
673 2427 700 2475 et
709 2420 859 2490 Allatiano,

63 2507 91 2547 ac
104 2488 234 2563 Gregorii
250 2488 481 2554 sacramentario,
497 2489 637 2569 predicte
651 2489 683 2546 B.
704 2491 740 2546 hi.
759 2492 793 2548 V.
810 2491 860 2548 Na·

64 2560 163 2618 tivitati
171 2560 291 2618 Adriani
303 2559 628 2642 memoriasuhpungitur,
640 2561 861 2620 inThomasiauo

63 2633 182 2690 exelm.
198 2631 255 2690 Cur
278 2641 371 2688 autem
387 2630 416 2686 iu
432 2633 622 2687 vetustisismo
643 2631 860 2706 Hieronymiano

63 2703 257 2778 Epternacensi
273 2718 305 2760 ea
318 2702 456 2760 Nativitas
476 2703 600 2775 Deiparie
612 2704 764 2760 collocetur
780 2721 861 2762 invii

63 2773 177 2832 Kalend.
203 2773 374 2847 Septembris
397 2789 444 2830 seu
464 2789 515 2829 nvi
536 2775 666 2845 Augusti,
691 2775 860 2847 conjecturis

63 2862 115 2903 nou
128 2862 272 2920 maquor.
290 2845 369 2902 Festa
405 2846 463 2900 lura
484 2843 607 2916 ejusdem
628 2845 794 2903 beatissime
809 2848 860 2904 Dei

64 2919 157 2974 matris
177 2917 261 2974 hodie
282 2916 356 2973 iuter
377 2861 554 2997 ssestivitutes
576 2919 762 2989 apostolorum
788 2936 860 2976 cou-

64 2989 151 3047 uectit
164 2988 229 3045 nuo
242 3007 249 3045 :
264 2989 362 3045 Noster
375 3002 407 3042 ea
420 2987 512 3058 phrasi
528 3004 594 3043 usus
610 2997 661 3050 est.
674 3006 755 3061 quam
769 3006 803 3046 ex
813 3007 859 3046 au·

64 3059 219 3134 tiquiorum
232 3058 355 3117 codicum
367 3066 524 3114 nostrorum
537 3058 653 3116 lectione
665 3063 693 3117 iii
703 3069 783 3118 textu
794 3079 859 3134 pru·

63 3129 206 3187 ferendam
222 3129 386 3187 censuimus.
404 3129 619 3188 Waudelbertus
635 3133 860 3206 reliquishtarty·

64 3201 167 3275 rologis
185 3201 295 3270 accinit,
312 3200 387 3258 hisce
406 3200 561 3259 uersiculis.

121 3282 179 3396 ?ua
197 3282 267 3333 Deus
282 3284 421 3332 huiuausni
439 3283 553 3345 suscepit
567 3283 676 3346 Virgine
691 3286 809 3347 formam,

138 3347 240 3395 llustrat
250 3359 328 3394 aenas
338 3355 411 3393 ortus
421 3343 453 3393 de
467 3345 522 3392 luce
536 3345 627 3394 Maria.

863 3286 869 3299 ⁹
915 3286 1040 3333 nostruin
1054 3277 1234 3347 proferemus.
1246 3275 1384 3331 Hactenus
1393 3275 1564 3331 conveniunt

873 3348 1013 3415 eminae,
1029 3347 1113 3415 Beda,
1139 3346 1371 3410 wandalbertus,
1395 3346 1532 3413 Rabanue,
1557 3346 1709 3403 Romanum

916 2070 1001 2125 Porro
1012 2069 1148 2152 quidquid
1168 2071 1204 2128 sit
1220 2072 1254 2126 de
1270 2087 1335 2128 uero
1349 2071 1475 2143 martyrii
1486 2070 1542 2140 die,
1558 2072 1604 2147 qui
1619 2090 1670 2131 nec
1682 2092 1718 2133 ex

915 2139 994 2196 Actis
1016 2141 1084 2210 ipsis
1110 2142 1176 2199 satis
1202 2143 1319 2211 eruitur,
1344 2151 1450 2199 certum
1474 2149 1516 2199 est
1538 2142 1718 2204 festivitatem

916 2211 1035 2268 Adriani
1051 2211 1103 2268 hac
1117 2212 1162 2269 die
1183 2213 1337 2270 solemnius
1361 2213 1457 2278 recoli,
1481 2213 1540 2270 eive
1563 2214 1592 2272 id
1628 2217 1717 2286 rimie,

915 2282 985 2364 sive·
1001 2284 1129 2364 secundae
1152 2285 1359 2351 translationis,
1382 2283 1442 2341 sive
1463 2282 1584 2342 basilicae
1602 2232 1718 2345 ifedica-

914 2360 1010 2422 tiouis,
1041 2370 1100 2410 siue
1125 2354 1180 2410 alia
1205 2354 1317 2412 demum
1343 2371 1425 2412 causa
1448 2354 1608 2413 inialuerit.
1639 2358 1717 2416 Con-

915 2430 987 2481 sutst
1002 2425 1128 2481 curiosus
1144 2427 1243 2493 lector,
1258 2426 1292 2482 do
1307 2425 1350 2482 his
1362 2426 1443 2498 paulo
1453 2425 1565 2482 uberius
1575 2426 1716 2500 disputan·

915 2503 956 2550 tes
972 2495 1122 2552 baronium
1146 2504 1174 2552 et
1194 2496 1410 2553 Floreiitinium
1438 2499 1508 2552 Acta
1530 2495 1589 2569 ejus
1614 2498 1716 2571 pluries

915 2565 989 2621 edita
1011 2576 1086 2634 suut,
1111 2583 1146 2623 eii
1165 2567 1265 2641 quihus
1284 2567 1412 2624 diffusam
1434 2568 1617 2625 narrationem
1638 2586 1712 2626 coru·

916 2637 1013 2707 pilnvit
1026 2637 1097 2704 Ado,
1114 2638 1281 2695 strictiorem
1298 2655 1332 2693 ex
1349 2639 1405 2694 hoc
1419 2638 1566 2704 Notlierus,
1588 2639 1716 2697 breuissi-

916 2724 987 2762 mum
1003 2709 1109 2776 Noster,
1127 2709 1174 2765 sed
1188 2709 1265 2765 otuni
1280 2708 1445 2766 difficultate
1455 2708 1625 2789 expeditam,
1636 2709 1715 2767 adeo·

915 2794 968 2853 que
987 2779 1158 2835 verissimam
1171 2797 1178 2845 ;
1195 2796 1257 2836 cuin
1276 2783 1344 2836 Acta
1359 2779 1417 2853 ipsa
1427 2778 1513 2834 variis
1526 2779 1715 2838 circumstan-

915 2851 962 2906 tiis
976 2850 1130 2922 deooiiipta,
1152 2851 1218 2907 licet
1235 2852 1344 2907 sincera
1359 2868 1374 2905 a
1389 2850 1517 2917 Baronio,
1541 2850 1681 2923 pathetica
1699 2869 1714 2909 a

914 2921 1087 2977 Florentinio
1096 2922 1303 2989 existimentur,
1315 2927 1349 2978 ab
1359 2920 1476 2978 eruditis
1485 2922 1628 2979 nonnullis
1637 2938 1715 2980 revo-

914 3002 1011 3050 centur
1023 2992 1051 3047 iii
1066 2992 1194 3060 dubium,
1211 2994 1267 3049 imo
1283 2992 1479 3049 Tilleinoutius
1502 3000 1577 3048 tomo
1592 2992 1626 3060 V,
1651 3010 1712 3067 pag.

914 3063 1110 3132 disiciamus
1132 3072 1243 3133 asserat,
1259 3079 1310 3121 nec
1327 3062 1448 3135 probari,
1471 3079 1522 3118 nec
1545 3065 1713 3136 propugnari

914 3151 993 3207 posse
1011 3136 1243 3216 (insontenobtcs).
1258 3134 1329 3191 Vide
1343 3132 1403 3204 ejus
1419 3141 1498 3189 notas
1512 3133 1596 3190 citato
1610 3141 1715 3190 minua

914 3222 976 3279 pag.
997 3205 1059 3261 osi.
1075 3206 1131 3262 Nos
1147 3206 1181 3262 de
1205 3205 1240 3261 iis
1260 3214 1288 3262 et
1302 3206 1362 3261 loco
1385 3198 1556 3276 et'tempore
1572 3203 1711 3330 fladiciuin

1600 3292 1710 3349 ierony-

120 3406 256 3473 ffltttffl
267 3409 400 3456 *dmm
411 3406 520 3457 fl⁰¹¹¹³¹¹¹
532 3418 583 3456 ¹¹¹¹ss
597 3411 724 3470 ⁸³¹¹tt¹¹i¹¹0
736 3411 824 3461 comit.
912 3435 1039 3493 parvum,
1055 3418 1126 3484 hdo,
1141 3418 1279 3474 Notlierus
1292 3427 1320 3472 et
1335 3415 1487 3472 Usuardus.
1509 3417 1621 3473 Natalia
1644 3417 1711 3473 huic

95 3491 208 3548 arveio
260 3489 270 3544 i
292 3488 395 3544 ultimo
417 3503 499 3543 versu
520 3497 648 3546 cantatur
669 3490 818 3558 Adrianus,
835 3489 858 3546 is

64 3560 152 3618 Nomae
164 3578 181 3617 a
195 3559 396 3616 windsheim
411 3559 521 3615 videtur
535 3560 661 3628 attribui,
678 3563 789 3617 llomom
804 3568 859 3616 tem

64 3631 287 3704 mapeiaecomit:
299 3629 563 3687 Nicomediaetauieu
574 3633 674 3704 passim
680 3633 860 3706 tlurtyrologi

63 3705 151 3762 ceteri
165 3710 328 3761 constanter
341 3710 485 3770 asserunt;
500 3710 527 3760 et
543 3703 654 3776 quidem
670 3702 722 3761 hoc
737 3703 782 3761 die
817 3705 860 3760 le-

63 3775 150 3850 rique,
163 3790 284 3849 quorum
298 3772 445 3830 elenchum
461 3773 490 3829 in
504 3774 582 3830 Actis
597 3774 697 3832 nostris
708 3775 780 3831 adii·
791 3721 859 3832 flar-

62 3845 92 3902 tii
105 3847 181 3903 inter
199 3845 403 3902 Praetermissos
421 3845 556 3901 invenies.
572 3846 616 3900 Ex
635 3845 860 3919 Hieronymiauis

79 3934 110 3974 ro
130 3919 269 3977 alterutra
306 3924 365 3972 arte
386 3915 478 3973 decidi
502 3916 573 3971 nihil
598 3925 696 3989 potest,
712 3934 774 3974 cum
790 3925 817 3972 et
831 3934 860 3974 iv

62 3933 148 4046 Nomii
163 3997 193 4046 et
206 4004 261 4046 viii
276 3932 445 4069 Neptemhris
466 3991 558 4059 perric
575 3987 619 4043 vel
637 3989 737 4044 notulis
759 3989 859 4045 diserte

63 4068 186 4132 ponatm
200 4059 253 4117 Est
262 4068 290 4116 et
303 4075 333 4114 iu
347 4057 430 4127 Beda,
445 4060 535 4114 notate
548 4059 633 4114 suncti
646 4059 766 4115 Adriani
779 4077 859 4115 mor-

912 3491 995 3546 etiam
1016 3489 1071 3544 diei
1097 3488 1132 3545 ab
1152 3496 1264 3544 auctore
1281 3488 1396 3543 Numani
1423 3486 1501 3558 parvi
1523 3487 1709 3559 astringitur:

914 3561 976 3617 Ado
1004 3560 1114 3615 nullum
1134 3559 1318 3625 determiiiat;
1345 3558 1445 3614 Noster
1467 3558 1501 3614 ad
1525 3574 1534 3613 i
1553 3556 1712 3616 Decembris

914 3631 1033 3698 distulit,
1045 3631 1155 3703 opinor,
1166 3630 1231 3704 quia
1246 3630 1307 3686 Ado
1317 3645 1349 3685 eo
1363 3629 1408 3687 die
1417 3631 1552 3702 sepultam
1565 3638 1709 3687 memorat.

914 3703 966 3770 Qui
981 3703 1010 3758 iu
1025 3702 1158 3758 laterculo
1171 3716 1254 3772 supra
1269 3717 1298 3757 se
1318 3709 1423 3757 uuntur
1442 3699 1627 3756 Alexandrini
1639 3717 1710 3757 mor·

914 3781 983 3846 tprer
992 3789 1027 3829 ei
1037 3773 1261 3845 llieronyuiianis
1271 3718 1393 3828 caestre
1401 3770 1507 3843 accepti
1517 3771 1659 3840 videntur,
1671 3786 1711 3828 ss·

914 3846 993 3902 lectis
1006 3860 1055 3916 pro
1062 3843 1179 3900 arbitrio
1190 3842 1319 3900 tribuseii
1334 3851 1448 3915 septem,
1461 3859 1530 3916 quos
1541 3842 1709 3900 nominatim

914 3916 1089 3989 exprimeret.
1118 3915 1285 3973 Antiocheni
1318 3914 1466 3971 Timotheus
1489 3921 1516 3971 et
1542 3913 1658 3970 Testatos
1677 3929 1712 3970 ex

914 3987 1012 4044 iisdem
1032 3987 1324 4059 lontibusproceduut‚
1335 4000 1391 4042 nou
1399 3984 1494 4043 eodem
1502 3984 1603 4059 ubique
1613 3984 1711 4043 ordine

915 4075 966 4115 uec
981 4058 1078 4115 eodem
1096 4058 1177 4113 niodo
1197 4057 1306 4119 vocati;
1326 4057 1360 4112 de
1380 4058 1481 4130 quihus
1499 4055 1629 4112 omnihus
1646 4055 1711 4112 vide

64 4133 201 4261 Komai
224 4129 290 4188 otiis
309 4146 411 4186 xxxiii.
429 4131 564 4188 Caeterum
584 4146 600 4186 a
618 4129 737 4187 Barouio
755 4132 861 4204 argitur
915 4127 1240 4187 FlorentioiumNostra
1256 4127 1456 4185 lectioetuere
1471 4127 1712 4185 Usuardinaetex

100 4219 119 4260 o

127 4201 205 4278 quod
216 4201 302 4260 hodie
311 4201 426 4259 Adriani
434 4202 584 4274 passionem
593 4203 723 4260 catebrori
730 4202 859 4272 affirmet,

914 4201 1041 4258 codicum
1056 4214 1194 4257 consensu
1209 4198 1274 4254 satis
1289 4198 1362 4252 clara
1375 4204 1403 4253 et
1418 4197 1532 4268 probata
1545 4205 1595 4254 est.

792 4316 982 4377 AUCTARIA.

92 4416 246 4475 Rasum.
257 4415 419 4489 majusculis
428 4423 456 4474 et
466 4416 589 4475 miniatis
600 4418 702 4475 titteris
715 4417 756 4475 sic
766 4416 858 4474 habet:

70 4488 229 4546 «Nativitas
242 4496 344 4546 unctae
358 4489 451 4546 Marisa
464 4505 521 4546 seui
559 4507 572 4545 r
596 4489 724 4561 virginis.
742 4513 751 4535 ι
772 4489 808 4544 Et
831 4489 859 4544 in

64 4557 113 4642 ine
126 4568 192 4634 post
205 4568 316 4617 testim
340 4559 454 4632 adjicit:
487 4584 497 4609 ι
544 4561 674 4634 risingiae,
700 4558 860 4618 corbiniani

65 4632 183 4704 episcopi
198 4639 227 4688 et
234 4632 353 4689 confess.
366 4656 375 4679 ·
397 4632 469 4689 Vide
479 4631 539 4704 ejus
550 4632 643 4708 Vitam
653 4631 726 4705 apud
737 4630 859 4688 Surium.

93 4728 255 4786 hamran.
271 4728 338 4786 satis
358 4745 444 4802 purus
464 4737 535 4786 esset
560 4730 614 4786 uisi
635 4740 740 4788 careret
763 4729 862 4786 ultime

64 4800 286 4857 annuntiatione.

915 4416 1020 4472 aclero
1032 4423 1061 4497 et
1074 4413 1177 4488 populo
1194 4411 1365 4469 decantetur.
1382 4435 1391 4459 ·
1421 4406 1493 4467 Vide
1516 4407 1648 4466 ductoria
1666 4407 1713 4467 die

915 4495 1132 4616 othmpritim
1152 4551 1312 4612 ‹Nativitas
1334 4558 1434 4608 sanctie
1448 4550 1497 4608 Dei
1522 4549 1665 4632 genitricis
1685 4560 1713 4609 et

916 4636 1053 4710 perpetius
1082 4625 1200 4699 virginis
1224 4623 1432 4751 Nariae,·¹quam
1456 4621 1576 4695 Spiritus
1599 4631 1711 4707 sauctus

916 4699 1078 4766 custodivit,
1089 4707 1117 4756 et
1128 4698 1243 4754 electam
1256 4704 1342 4753 sancti
1355 4703 1449 4765 ocavit,
1462 4702 1492 4752 ut
1502 4710 1538 4750 ex
1546 4704 1625 4752 utero
1636 4697 1713 4753 illiue

917 4778 1074 4829 nasceretur
1087 4772 1170 4828 homo
1189 4770 1263 4826 Deus
1277 4768 1411 4825 excelsus.
1437 4765 1623 4837 Alexandria,
1643 4784 1712 4825 san-

877 4854 1024 4921 potorum
1047 4843 1202 4911 Ammonis,
1225 4839 1382 4915 Theophili,
1405 4839 1525 4898 Necterii
1546 4848 1573 4895 et
1592 4840 1712 4897 alioruin

93 4899 858 4970 mim-MoLEYDBN·02L0V·tN11³N·Ominum,
917 4917 1016 4989 viginti
1040 4916 1168 4974 duorum.
1194 4917 1296 4981 Nomas,
1321 4914 1457 4969 festivitas
1482 4912 1570 4968 sancti
1596 4909 1711 4967 Adriani

62 4971 202 5041 perpetuis.
231 4970 337 5027 Deinde
356 4981 418 5100 ἰοεῑ
437 4973 600 5029 Diocletiano
620 4975 754 5045 Augusto,
782 4974 861 5029 iusc-

914 4987 1055 5061 martyris,
1072 4987 1119 5061 qui
1137 5003 1230 5060 passus
1245 4986 1333 5042 fuerat
1351 4983 1540 5040 Nichomediae
1566 4998 1628 5037 curn
1646 4977 1709 5034 aliis

63 5049 143 5098 mm?
167 5067 178 5089 ⁸
192 5043 357 5098 ὓθθῦπθῃῑῑ
380 5060 412 5100 ¹¹⁸
426 5053 516 5099 amem
532 5045 638 5117 ³¹N¹¹⁰²
653 5045 743 5109 ³⁰⁰5&
760 5061 861 5116 ⁰⁰fl¹¹¹⁸
914 5060 1012 5132 uiginti
1024 5060 1151 5116 tribusiv
1163 5057 1248 5114 Nonis
1258 5054 1359 5112 Nartii.
1371 5055 1475 5112 Eodem
1487 5052 1532 5109 die
1544 5049 1709 5123 Frigisinge,

63 5108 131 5167 beati
147 5112 267 5169 Adriani
279 5115 372 5170 Romae
387 5116 550 5172 translatum
563 5123 604 5171 est
618 5131 648 5171 ri
661 5116 727 5171 ldus
739 5116 859 5188 Septem·

62 5179 127 5251 bris,
142 5192 228 5258 atque
243 5184 391 5258 intemplo
406 5188 561 5242 honorabili
577 5195 774 5243 exornatum·

94 5271 460 5344 Uaramcr.,hiasaoas.,
471 5278 583 5345 Dasio,
595 5277 735 5349 prioribus
744 5275 859 5346 similes,

913 5133 1000 5188 sancti
1016 5129 1177 5187 corbiniani
1193 5127 1313 5200 episcopi
1328 5133 1354 5182 et
1364 5123 1559 5182 contessoris·

950 5203 1130 5282 Bounaiies.
1143 5199 1170 5281 iii
1178 5202 1275 5326 prima
1289 5213 1385 5280 purus,
1402 5197 1443 5279 sic
1455 5193 1558 5276 pergit:
1581 5214 1591 5238 ι
1607 5191 1710 5261 Romae,

914 5276 1061 5331 translatio
1074 5281 1161 5328 sancti
1202 5271 1294 5327 driaiii
1312 5275 1452 5340 martyris.
1467 5269 1519 5335 Qui
1535 5262 1607 5336 apud
1622 5262 1711 5333 Nyso·

62 5351 191 5412 praeterea
206 5345 291 5402 tertio
312 5347 372 5404 loco
392 5347 584 5420 interjiciunt:
617 5349 744 5416 «Romae,
770 5349 861 5405 natale
915 5345 1033 5402 mediani
1050 5360 1078 5399 iv
1093 5344 1184 5399 Nonas
1198 5340 1291 5397 hisatii
1315 5356 1378 5395 cum
1403 5337 1467 5419 aliis
1489 5335 1590 5409 viginti
1609 5333 1712 5406 trihus,

61 5417 146 5472 sancti
162 5416 254 5488 Sergii
271 5433 357 5500 papa.
374 5421 425 5476 llic
439 5419 548 5477 invenit
563 5419 640 5476 inirae
660 5419 860 5490 magnitudinis
915 5425 975 5490 post
991 5416 1080 5496 inulta
1097 5412 1243 5495 supplicia,
1254 5410 1305 5468 sub
1321 5410 1639 5481 Dyoolesrauoiliigusto
1651 5421 1713 5491 crit·

61 5488 217 5557 portionem
231 5489 383 5547 [lominica
397 5491 494 5549 Crucis
510 5491 538 5547 in
553 5490 673 5548 sacrario
687 5490 758 5546 beati
774 5490 858 5562 Petri,
915 5489 1029 5559 rifragio
1044 5493 1208 5558 martyrium
1224 5486 1498 5563 consummaremnt.
1514 5480 1551 5536 Et
1572 5485 1633 5563 post
1654 5479 1713 5536 ali·

60 5573 118 5631 quaa
132 5559 257 5632 siugulis
270 5562 351 5617 annis
363 5562 516 5620 inhasitica
530 5562 618 5619 sancti
628 5560 788 5627 silvatoris,
799 5577 861 5635 que
914 5569 1096 5634 puniendos,
1115 5572 1216 5630 corpus
1238 5555 1310 5636 beati
1337 5551 1451 5635 sidetana
1479 5551 1532 5610 hae
1554 5550 1600 5608 dte
1618 5551 1713 5610 Romo

60 5632 218 5704 appellatur
231 5632 471 5703 Constantiniana,
485 5635 531 5692 die
543 5632 728 5690 Exattationis
741 5633 810 5706 ejus,
826 5632 861 5688 ab
914 5633 1076 5689 translatum
1091 5635 1143 5686 est.
1160 5654 1169 5677 ι
1190 5627 1304 5708 Reliqua
1311 5635 1379 5682 satra
1393 5640 1461 5698 pura
1474 5632 1551 5709 sunt.

59 5703 135 5759 omni
150 5703 258 5777 populo
273 5706 414 5762 osculatur
428 5714 509 5780 atque
523 5706 663 5763 moratur.
682 5705 733 5763 llic
752 5705 860 5773 statuit,
951 5704 1149 5762 Nicanorem:
1173 5724 1182 5748 ι
1203 5698 1341 5757 Nativitas
1359 5697 1444 5755 beate
1467 5696 1560 5782 itane
1581 5697 1711 5781 virginis.

59 5780 89 5831 iit
101 5783 231 5849 tempore
244 5775 389 5835 motionis
405 5777 543 5837 Domiuici
561 5776 695 5851 corporis,
711 5776 862 5850 Apiiesllsi
914 5791 975 5850 qus
990 5775 1102 5832 iuventa
1116 5779 1158 5831 est
1172 5787 1221 5846 per
1232 5769 1378 5846 quemdam
1391 5770 1565 5840 heremitam,
1575 5785 1623 5843 qui
1633 5767 1712 5824 sudi·
