3834 6136
66 188 112 250 lib
581 193 907 254 unnrrnohooibra.
928 229 963 240 -
976 199 1080 258 MENS.
1102 201 1197 260 SEP'l'.

1667 208 1721 270 tta

67 310 258 382 uediensium,
274 311 518 375 ssdltotuanorum
544 324 698 392 martyrum
715 318 767 379 sub
783 321 863 378 Lici·
879 323 1084 395 AAadamaro,
1099 323 1171 382 nihil
1185 324 1355 454 antiquiores
1369 337 1533 401 memorant,
1567 336 1720 395 reterFlo-

67 385 115 455 rio,
130 383 279 467 distinctis
292 389 320 465 et
334 384 403 442 locis
417 393 443 444 et
456 388 638 461 temporibus.
657 393 702 446 list
717 398 744 446 et
759 392 786 449 in
801 392 863 450 Hie·

67 468 235 587 morigera
251 454 336 512 hodie
347 457 423 514 solus
436 457 602 532 Gorgonius,
613 469 654 519 est
664 461 730 518 item
741 461 771 519 in
781 463 865 521 Wan-

134 604 290 669 Gorgonius
303 606 396 671 quinas
410 607 477 657 leuia
497 611 647 675 inscitiaque
663 621 773 665 retentat

134 667 250 722 Rome:
266 683 345 733 quein
364 683 467 728 passum
482 686 549 722 nunc
559 673 644 724 Gallia
662 679 741 737 poscit
754 677 864 729 adorans

348 731 418 797 ssat„
435 747 560 784 venerans
578 751 645 786 nunc
663 738 747 788 Gallia
762 743 863 805 poscit).

89 814 135 871 Au
148 812 174 869 is
188 811 439 872 Nicomediensial
454 812 572 871 Videtur
583 833 703 875 asserere
715 818 862 891 Batonius,

64 884 189 943 dubitant
203 884 396 942 Florentinius
409 892 436 941 et
447 885 628 956 Castellanus,
640 902 740 962 negant
753 892 801 947 alii
815 912 820 948 :
833 901 864 949 tu

63 958 156 1016 dtatos
167 964 300 1014 auctores
307 957 431 1024 consule,
442 973 528 1030 usque
538 959 603 1015 duiu
615 976 709 1017 eorum
720 963 864 1034 opiniones

62 1028 217 1086 secuntias
231 1044 284 1084 suo
299 1029 360 1085 loco
375 1043 391 1082 a
405 1029 486 1084 nobis
499 1031 700 1102 expendantur.
725 1034 767 1089 Ad
790 1051 864 1107 pre-

62 1099 142 1157 lxum
160 1100 329 1157 laterculum
346 1106 470 1155 nostrum
485 1102 558 1173 quod
567 1103 675 1169 attinet,
686 1104 810 1162 Adonem
822 1124 863 1163 so·

61 1173 115 1228 lens
127 1178 247 1228 secutum
257 1179 299 1227 est
313 1170 464 1239 Usuardus,
479 1179 506 1227 et
520 1189 629 1229 sensum
645 1183 673 1230 et
686 1176 770 1233 verba
790 1178 864 1233 sim-

60 1243 166 1371 pliciter
179 1258 217 1299 ex
232 1259 265 1299 eo
280 1241 450 1309 describens,
467 1243 533 1299 solis
547 1244 582 1300 iis
598 1248 787 1317 pretermissis
802 1266 863 1331 que

75 1313 226 1370 raritatem
249 1312 310 1384 ejus
331 1312 509 1369 excedebant.
536 1317 720 1374 Annuntiatio
736 1336 863 1392 proxima

60 1391 210 1457 sangrum
237 1384 421 1441 sabinensium
446 1391 503 1440 tota
527 1387 660 1443 verbatim
684 1406 719 1444 ex
749 1392 862 1463 praelato

59 1454 158 1514 Adone
171 1472 237 1515 acce
255 1462 284 1511 ta
297 1462 349 1522 est,
400 1455 447 1510 ulo
467 1455 580 1514 brevius
600 1476 616 1514 a
634 1461 756 1517 Romano
777 1479 862 1536 parvo

61 1542 205 1601 expressa.
216 1472 298 1584 Prusa
312 1527 348 1584 de
389 1526 511 1598 gacintlo
533 1539 666 1587 memorat
681 1533 817 1601 Ronanus,
834 1540 863 1590 at

920 411 1076 468 rum,aquo
1091 403 1241 453 exornatur
1270 399 1523 472 ocelogio:0niam
1585 412 1718 480 mortarii,

919 465 974 522 Deo
988 467 1087 536 vinens,
1100 469 1333 540 plurimarumque
1350 470 1479 528 uirtutum
1501 473 1583 544 signis
1623 478 1717 551 aalma,

924 538 1075 594 Taiuenair
1088 539 1163 594 urbis
1175 542 1584 613 popaliimadcultamconoartit
1607 548 1717 608 irinum.

918 609 955 664 At
973 609 1031 667 liec
1048 609 1172 667 Usuardo
1183 611 1241 668 visa
1256 629 1310 670 non
1322 629 1389 681 esse,
1406 630 1440 671 ex
1456 621 1535 672 textu
1545 624 1639 675 nostro
1652 621 1719 678 satis

919 687 1016 752 patet:
1036 687 1117 754 atque
1133 681 1199 739 hinc
1215 683 1295 740 facile
1306 685 1371 742 colli
1392 701 1420 740 as
1434 692 1461 741 et
1481 686 1668 746 Andomarnm
1691 698 1719 748 et

921 753 1071 832 onerantem
1087 752 1220 832 singulari
1236 755 1351 813 Usuardi
1365 702 1509 830 affligentia
1525 759 1555 815 in
1573 761 1658 818 sacris
1672 771 1719 819 ta-

918 822 991 878 bulis
1006 824 1097 880 locum
1112 824 1275 895 obtinuisse,
1291 826 1371 898 cujus
1394 829 1539 886 lectionem
1562 831 1718 905 simplicem

918 902 946 949 et
958 895 1105 966 genuinam
1119 912 1177 952 esse
1192 913 1226 953 ne
1241 896 1370 955 dubites:
1387 916 1452 955 saue
1466 900 1501 956 de
1521 902 1611 973 Sergio
1627 920 1716 985 papa,

918 981 952 1020 an
970 966 1138 1023 Usuardinus
1153 968 1199 1037 sit,
1216 971 1301 1041 queri
1317 986 1371 1026 non
1388 978 1487 1043 potest,
1499 987 1533 1027 an
1543 974 1717 1046 Adonianus,

918 1037 1074 1118 discrepant
1095 1038 1241 1095 Mosander
1264 1049 1291 1097 et
1315 1042 1497 1115 llosweydus,
1522 1042 1570 1100 ille
1593 1046 1715 1116 ascribit,

919 1107 965 1163 hie
988 1108 1097 1181 regicit;
1122 1119 1184 1166 uter
1205 1113 1313 1181 melius,
1344 1114 1479 1170 incertum
1502 1121 1554 1171 est.
1579 1115 1718 1174 Notlierus

917 1179 1010 1236 eadem
1027 1181 1122 1236 omnia
1136 1181 1217 1239 habet
1233 1199 1293 1255 que
1306 1184 1478 1241 ahlosandro
1488 1185 1578 1241 Adoni
1590 1189 1716 1246 tribuun-

918 1259 982 1318 tur;
998 1251 1138 1308 Usuardus
1152 1269 1207 1308 non
1224 1254 1300 1322 item,
1318 1264 1433 1328 uterque
1448 1265 1540 1312 tanien
1551 1257 1658 1314 Adonis
1669 1266 1716 1315 aut

917 1321 1081 1395 descriptor,
1097 1331 1144 1378 aut
1157 1324 1332 1381 abbreviator
1347 1333 1397 1381 est.
1414 1327 1521 1383 Statuat
1538 1327 1625 1384 lector
1640 1331 1716 1401 quod

917 1395 1060 1465 placuerit.
1070 1395 1220 1450 Andomari
1235 1397 1338 1465 Vitam,
1348 1413 1429 1468 quam
1440 1397 1715 1456 Suriuscontractam

917 1473 944 1521 et
960 1465 1152 1536 interpolatam
1166 1466 1288 1536 dederat,
1302 1467 1454 1538 integritati
1465 1469 1586 1525 restituit
1599 1480 1627 1527 et
1642 1471 1715 1528 notis

916 1535 1068 1592 illustravit
1083 1535 1195 1592 Mabilio
1207 1554 1269 1595 sec.
1283 1555 1303 1594 11
1318 1538 1471 1607 Benedici,
1486 1555 1502 1594 a
1516 1555 1576 1613 pag.
1593 1540 1665 1598 559:
1681 1556 1716 1596 au

62 1599 157 1657 socioe
170 1614 222 1656 nec
235 1597 344 1681 pomino
359 1598 487 1669 appellat.
505 1600 535 1654 lii
552 1600 776 1728 Hieronymianis
799 1605 863 1676 ple-
915 1624 979 1664 cum
994 1606 1095 1663 nostris
1110 1624 1175 1664 mss.
1191 1610 1270 1681 plane
1284 1610 1441 1676 conveniat,
1460 1627 1510 1667 suo
1526 1612 1586 1668 loco
1602 1610 1717 1668 videbi·-

63 1670 161 1745 risqne
175 1677 245 1727 tami
258 1677 320 1727 sunt
343 1669 494 1742 eodemque
518 1673 600 1728 niodo
623 1690 652 1728 re
664 1683 781 1730 eruntur
804 1692 858 1749 quo
874 1677 895 1736 Β
913 1686 958 1736 tur
975 1679 1101 1746 Quarum.
1118 1680 1220 1735 Kirani
1235 1682 1278 1736 vel
1292 1681 1406 1737 Kiriani
1431 1680 1525 1739 Vitam
1551 1700 1604 1740 ms.
1626 1683 1714 1740 habe-

62 1741 111 1798 hic
134 1758 152 1799 a
174 1740 254 1798 nobis
274 1740 438 1867 consignati.
463 1741 549 1798 Porro
572 1745 646 1801 unde
670 1745 858 1814 Hyacinthum

61 1813 203 1869 lumnam
219 1812 302 1896 iaciat
317 1813 356 1870 Ra
376 1827 455 1895 anus,
471 1813 568 1870 Petrus
590 1815 624 1871 de
637 1815 780 1873 Natalibus
802 1819 864 1900 epi-

61 1900 180 1957 scopan,
198 1882 327 1941 divinam
340 1899 455 1940 omnino
471 1899 586 1958 nequeo.
602 1888 642 1943 Ile
655 1887 787 1945 Aetnaeo
805 1906 864 1946 sive

918 1766 991 1878 Hm’
1003 1749 1132 1877 vetrisque
1146 1751 1181 1808 ad
1194 1767 1254 1808 eam
1269 1752 1408 1822 adnotma
1436 1769 1496 1826 que
1518 1770 1568 1812 suo
1591 1762 1715 1828 tempore

939 1837 1029 1894 igereu
1046 1837 1086 1879 ur.

793 2018 985 2077 AUcrAiuA.

95 2119 247 2177 Hermian
273 2120 302 2177 iu
328 2122 451 2195 margine
478 2123 542 2191 alia,
566 2122 613 2179 sed
638 2130 729 2179 tamen
750 2124 864 2196 antiqua

66 2208 146 2249 manu
160 2191 280 2264 adjectu,
297 2192 403 2250 habet:
436 2218 446 2241 ι
470 2195 501 2250 In
524 2194 665 2251 territorio
689 2195 861 2264 Treoassino,

65 2263 150 2320 sancti
158 2263 290 2320 Nemorii
301 2266 441 2337 martyris,
453 2282 515 2322 cuin
531 2266 614 2324 sociis
627 2266 695 2322 suis.
709 2291 718 2315 ι
736 2267 863 2324 Recurrit

64 2335 142 2391 etiam
157 2333 258 2392 diebus
275 2335 402 2408 proxime
416 2336 642 2409 precedentibus,
659 2352 734 2392 nunc
747 2336 799 2393 sub
814 2338 863 2395 Ne·

64 2406 151 2475 marii,
166 2422 244 2463 nuuc
258 2406 310 2463 sub
325 2407 447 2464 Memorii
462 2409 584 2476 nomine,
598 2409 645 2464 sed
660 2408 796 2481 quidquid
809 2425 863 2465 va-

65 2477 133 2534 rient
145 2477 271 2548 codices,
286 2479 314 2533 in
331 2480 454 2535 Romano
471 2480 585 2552 ponitur
599 2497 639 2536 vii
654 2481 729 2551 Sept.

96 2547 254 2606 Ρυιιιιιιιιι.
275 2549 396 2621 spatium
416 2566 545 2623 magnum
571 2567 689 2608 vacuum
705 2552 861 2627 relinquit:

65 2619 232 2748 affideinde
255 2619 291 2676 de
312 2619 579 2691 Nicomediensibus,
601 2637 720 2696 quorum
743 2625 862 2698 elogium

66 2707 82 2764 p
125 2698 262 2775 eresecat
276 2692 420 2766 etreliqua
439 2694 543 2763 omnia,
559 2701 673 2767 excepta
688 2693 787 2753 ultima
809 2713 864 2753 an-

66 2771 248 2821 nmnstioue.

96 2833 465 2907 humandum-lamec,
477 2837 660 2918 lioneiqiau,
672 2835 701 2894 iu
711 2845 790 2896 textu
798 2839 864 2896 satis

65 2907 133 2979 puri,
148 2916 246 2965 carent
261 2907 360 2965 ultima
374 2907 597 2966 annuntiatione.

96 2976 270 3036 ciamus:
280 3003 290 3027 ι
302 2979 384 3052 Apud
399 2978 617 3049 Niohoniediam,
634 2992 789 3039 sanctorum
810 2984 863 3040 Ilo·

65 3048 154 3105 rotbei
178 3056 208 3105 et
232 3049 360 3123 Gargonii
388 3059 458 3108 mart
480 3068 552 3119 rum,
587 3053 639 3109 sub
669 3053 861 3126 Dyoclesiauo.

63 3120 172 3179 Eodem
198 3118 254 3190 die,
287 3123 373 3179 macti
405 3069 557 3180 Aulfomari
591 3124 810 3195 Boloniensium,
832 3142 864 3182 ac

63 3191 237 3248 Morinorum
252 3193 383 3265 episcopi,
398 3193 478 3264 cujus
494 3196 612 3265 gloriosa
626 3196 798 3253 conversatio
814 3198 863 3252 mi-

65 3263 221 3319 raculorum
229 3265 365 3336 preconio
373 3266 554 3322 collaudatur.
567 3266 629 3339 Ipso
639 3267 694 3334 die,
705 3276 863 3324 sanctorum

65 3334 188 3401 iacincti,
215 3335 368 3391 Alexandri
392 3344 419 3393 et
443 3336 623 3394 Tiburtii.1n
644 3339 745 3406 Scotia,
775 3339 863 3396 sancti

919 2125 1059 2182 territorio
1072 2126 1261 2196 Tarnaniensi,
1276 2128 1363 2185 sancti
1387 2129 1540 2186 Andomari
1555 2128 1646 2203 apisco
1667 2131 1674 2186 i
1689 2139 1716 2190 et

918 2196 1082 2253 confessoris
1096 2197 1241 2268 depositio.
1255 2199 1286 2254 lii
1299 2198 1400 2268 Scotia,
1421 2202 1512 2256 natale
1535 2200 1622 2257 sancti
1646 2147 1716 2269 gue-

919 2268 978 2325 rani
991 2267 1098 2323 abbatis
1112 2276 1139 2324 et
1153 2269 1328 2325 confessoris.
1344 2294 1353 2317 ·

955 2339 1111 2406 viqueria,
1124 2340 1278 2411 penultimo
1292 2341 1370 2397 loco:
1391 2342 1512 2410 «Rome,
1525 2344 1613 2399 sancti
1628 2344 1716 2426 Sergii

919 2426 1003 2482 pape.
1021 2410 1072 2467 llic
1093 2411 1191 2466 statuit
1212 2411 1242 2465 in
1266 2420 1388 2482 tempore
1411 2412 1553 2469 fractionis
1577 2415 1715 2471 Dominici

918 2481 1051 2553 corporis,
1066 2483 1158 2553 Aquas
1177 2482 1226 2537 Dei
1243 2497 1260 2536 a
1273 2482 1346 2538 clero
1363 2491 1389 2538 et
1403 2483 1505 2554 popolo
1519 2482 1671 2553 decantari,
1689 2494 1716 2542 et

918 2552 1064 2609 constituit
1089 2559 1119 2608 ut
1141 2550 1239 2608 diebus
1261 2553 1491 2610 annuntiationis
1515 2562 1542 2610 et
1556 2554 1716 2612 Natiuitatis

918 2631 1018 2680 sancte
1030 2622 1078 2679 Dei
1085 2621 1227 2695 genitricis
1236 2623 1330 2680 Narie
1340 2640 1372 2682 ac
1381 2625 1469 2681 sancti
1479 2622 1717 2699 Symeonis,quoil

919 2695 1012 2752 Greoe
1027 2693 1184 2765 Hypopanti
1199 2692 1312 2762 dicitur,
1331 2703 1430 2751 exeant
1442 2711 1458 2751 a
1471 2704 1565 2751 sancto
1581 2695 1716 2766 Adriano,

918 2772 946 2822 et
959 2765 993 2820 ad
1007 2772 1129 2821 sanctam
1144 2764 1257 2821 hieriam
1271 2772 1426 2822 occurrant.
1443 2791 1453 2816 »
1474 2764 1545 2823 Vide
1567 2765 1640 2823 inira
1663 2783 1718 2824 aii-

918 2836 1036 2893 ctarium
1048 2836 1169 2902 Nouam,
1181 2835 1228 2908 qui
1244 2851 1278 2892 ex
1294 2830 1415 2893 Notkero
1429 2836 1531 2894 clarius
1544 2837 1651 2906 scribit,
1671 2846 1718 2894 «et

919 2909 1085 2966 adsauctam
1095 2908 1208 2963 blariam
1222 2908 1340 2979 populus
1350 2917 1476 2965 occurrat
1487 2925 1508 2977 ;·
1525 2907 1573 2965 ubi
1589 2916 1615 2965 et
1624 2909 1718 2983 priora

919 2980 1001 3053 paulo
1017 2979 1116 3035 melius
1130 2978 1315 3050 explicantur.

953 3049 1391 3107 Maenio-Canum.-Uirniiecu.
1411 3073 1420 3096 ι
1431 3049 1563 3123 Gargonii
1574 3051 1715 3125 martyris.

918 3122 1070 3180 Audouiari
1094 3119 1215 3194 episcopi
1236 3127 1264 3177 et
1285 3121 1460 3181 confessoris.
1485 3123 1572 3194 Sergii
1592 3139 1667 3196 pape
1690 3132 1717 3180 et

918 3193 1093 3252 confessoris.
1110 3216 1119 3239 ι

954 3266 1069 3320 Nauium
1077 3264 1158 3319 Suus.
1170 3261 1222 3318 sub
1234 3277 1311 3318 num.
1325 3259 1715 3335 428:·1psodie,beatissima

919 3337 1065 3394 Osmanne
1075 3333 1221 3404 virginis.»
1241 3333 1714 3393 NotatCastellanushancsanetam

65 3405 182 3474 buenni
197 3406 320 3463 abbatis.
340 3432 350 3457 ι
372 3406 460 3480 Hujus
474 3408 561 3465 sancti
577 3425 678 3464 nomen
692 3426 775 3481 supra
790 3411 864 3465 varie
879 3416 900 3475 c
916 3406 1046 3481 peculiari
1063 3405 1141 3462 cultu
1156 3402 1286 3459 honorari
1301 3404 1331 3459 in
1346 3404 1499 3476 municipio
1518 3406 1562 3461 sui
1578 3407 1712 3476 nominis,

65 3476 262 3605 expressimus
278 3495 294 3534 a
312 3476 422 3536 Castett.
440 3487 554 3536 vocatur
567 3480 717 3535 Niaranas.

116 3564 280 3605 amissa.
300 3550 330 3606 in
353 3549 407 3606 fine
427 3550 523 3622 primae
546 3550 777 3618 annuntiationis,
799 3558 861 3624 post

67 3619 183 3689 mma,
199 3620 279 3677 addit
305 3638 312 3677 ε
345 3621 411 3676 «Et
433 3631 526 3692 postea
550 3620 677 3677 Garriam
721 3621 859 3697 Gorsium]

67 3692 180 3764 septimo
207 3691 330 3747 miliario
351 3691 386 3748 ab
410 3692 477 3748 urbe
500 3692 614 3748 Metensi
631 3699 793 3749 transetum
809 3702 859 3750 est.

67 3761 165 3832 homae,
180 3762 271 3819 sancti
286 3762 374 3836 Sergii
387 3779 472 3836 pape.
486 3763 551 3832 Qui,
567 3772 598 3820 ut
612 3763 641 3820 in
657 3764 748 3821 officio
771 3765 861 3822 misse

67 3832 133 3890 iuter
155 3834 432 3903 communicandum,
455 3836 547 3906 Aquas
570 3835 620 3891 Dei
649 3844 691 3891 ter
723 3844 860 3906 cantetur,

68 3903 196 3962 institnit.
223 3906 255 3962 Iu
278 3906 418 3962 territorio
441 3906 609 3962 Teruanensi
630 3923 678 3963 seu
700 3907 860 3977 Norinonsi,

68 3974 201 4049 depositio
216 3977 305 4034 sancti
320 3976 472 4034 Audomari
492 3977 614 4049 episcopi
637 3984 663 4032 et
687 3979 860 4035 contessoris.

68 4047 114 4114 uui
130 4063 224 4106 cecus
236 4049 358 4106 existens
378 4056 405 4104 et
419 4048 448 4103 in
469 4048 621 4104 eleratioue
644 4050 767 4120 corporis
789 4050 862 4106 beati

69 4117 178 4176 Vedasti
193 4118 380 4190 illuminatus,
397 4128 427 4176 ut
440 4120 542 4176 rediret
554 4119 662 4177 cecitas
677 4119 756 4192 petiit
771 4128 798 4177 et
812 4121 862 4176 im·

96 4190 222 4248 travit.»

69 4205 284 4320 ¹³0lisoiumvira.
299 4281 305 4320 :
324 4263 428 4337 «Apud
443 4263 641 4332 Nicomediam,
657 4263 747 4336 passio
757 4273 862 4321 sancto·

72 4347 128 4391 rum
144 4342 303 4406 martyrum
319 4335 374 4391 Gor
392 4335 451 4391 onii
465 4343 492 4391 et
507 4336 647 4391 Dorothei.
660 4336 763 4391 lloruin
779 4337 863 4392 Doro·

71 4404 147 4462 theiis
161 4408 295 4478 magister
309 4406 338 4462 iu
352 4352 459 4474 officiis,
498 4425 540 4463 ue
562 4407 635 4462 intra
649 4406 786 4488 'palatium
799 4422 865 4487 ‘ex-

71 4473 238 4535 hibebantur
259 4495 266 4534 ε
287 4476 356 4535 alter
380 4487 437 4535 erat
456 4494 490 4534 cu
512 4477 578 4534 iculi
599 4493 667 4549 regn
691 4484 863 4559 prepositus:

72 4546 193 4615 Qorum
208 4549 431 4606 institutionibus
441 4549 553 4623 optimis
563 4564 658 4604 omues
667 4564 734 4619 pene
743 4548 865 4604 cubiculi

916 3476 1066 3551 provincie
1084 3474 1308 3542 Cenomanensis,
1318 3483 1345 3530 et
1354 3474 1389 3530 ad
1399 3475 1427 3531 S.
1438 3476 1568 3549 Dionysii
1579 3477 1714 3545 Francius,

917 3549 964 3606 ubi
982 3549 1032 3603 reli
1053 3545 1106 3602 uia
1120 3554 1305 3603 asservantur.

952 3622 1021 3677 Neo.
1034 3563 1118 3675 busa.
1134 3617 1205 3699 sign.
1222 3616 1291 3697 itog:
1308 3615 1508 3699 ‹Interritorio
1519 3618 1716 3693 Tergauueusi,

917 3690 1003 3749 sancti
1019 3688 1144 3746 Autmari
1158 3704 1250 3762 episco
1270 3704 1279 3742 i
1294 3695 1322 3743 et
1335 3687 1535 3746 confessoris.»

952 3764 983 3819 ln
992 3761 1128 3820 Varianis.
1139 3776 1215 3816 nuru.
1225 3704 1295 3817 al'ie
1308 3758 1384 3816 deest
1391 3759 1542 3817 Andomari
1550 3769 1578 3817 et
1587 3761 1717 3830 onerem.

917 3833 1078 3906 Adjicitur:
1101 3833 1227 3900 diuma,
1243 3831 1337 3887 natale
1352 3831 1441 3913 sancti
1462 3832 1550 3906 Sergii
1566 3849 1652 3907 pape,
1669 3833 1718 3907 qui

918 3905 1029 3980 prefuit
1042 3902 1173 3960 Ecclesia
1183 3902 1264 3960 aunis
1274 3902 1415 3960 tredecim.
1431 3928 1440 3953 ι

952 3980 1091 4033 Airuiiis.
1109 3992 1135 4031 :e
1148 3974 1210 4048 Ipso
1223 3974 1277 4043 die,
1293 3981 1393 4032 sancte
1405 3974 1551 4033 Nodwidae
1561 3977 1707 4050 virginis.-

918 4050 961 4104 An
994 4049 1064 4104 lorte
1096 4047 1255 4113 Nodaoeiroe,
1285 4063 1345 4118 que
1371 4062 1387 4101 a
1415 4044 1571 4105 Castellauo
1621 4050 1718 4108 onitui·

920 4119 1009 4246 vbssul.
1033 4142 1042 4165 ι
1071 4117 1237 4174 Nonasterio
1256 4115 1446 4188 Berliingeiisi,
1471 4127 1572 4177 sancte
1634 4120 1718 4178 illide

918 4206 934 4246 a
973 4191 1097 4245 ulisse.»

954 4263 1102 4316 Divioivuu.
1133 4275 1139 4312 ε
1164 4256 1330 4314 ‹Revelatio
1345 4254 1417 4310 beati
1438 4257 1560 4314 Medendi
1584 4262 1717 4334 episcopi,

919 4348 1000 4405 quem
1015 4332 1048 4386 D.
1064 4327 1181 4385 lacobus
1195 4327 1343 4383 cardinalis
1358 4326 1492 4382 revelavit
1501 4328 1574 4399 apud
1588 4345 1669 4386 nos..

955 4404 1079 4459 murus.
1095 4400 1141 4456 SS.
1158 4397 1296 4454 Timothei
1319 4404 1346 4451 et
1367 4396 1490 4468 Apollin.
1509 4414 1515 4453 :
1539 4397 1719 4457 «Translatio

920 4482 1076 4530 sanctorum
1091 4478 1243 4542 martyrum
1258 4466 1396 4523 Timothei
1413 4475 1441 4523 et
1454 4468 1634 4541 Apollinaris,
1656 4487 1718 4527 san·

921 4554 1083 4616 ctorumque
1101 4538 1242 4598 loriniani
1256 4547 1283 4594 et
1301 4538 1450 4594 Tonanti..

72 4618 191 4675 ministri
206 4620 236 4675 in
251 4620 305 4676 lide
320 4620 369 4677 Dei
384 4620 531 4693 vigilanter
542 4629 568 4676 et
579 4620 663 4676 tibere
674 4619 864 4692 persistebant.
957 4615 1050 4672 Editio
1065 4610 1253 4670 Lenaeo-Coi..
1267 4618 1327 4683 post
1341 4609 1384 4665 elo
1399 4609 1506 4692 balino,
1523 4607 1691 4693 interjicitur
1707 4629 1713 4670 :

72 4688 101 4745 lli
116 4690 173 4748 duo
188 4691 332 4748 audaciter
354 4700 473 4765 arguunt
496 4692 699 4749 Diocletianum
722 4689 756 4746 de
778 4698 866 4746 morte
928 4687 1025 4743 «inter
1038 4687 1110 4742 Duas
1125 4680 1391 4764 hauteuborotheo
1414 4699 1444 4764 .¹¹¹
1471 4683 1577 4741 Graecia
1600 4692 1716 4758 patrono

73 4759 306 4831 Christianorum,
318 4772 344 4820 et
358 4781 386 4820 se
404 4764 488 4820 libere
504 4763 676 4820 Christianos
699 4762 864 4819 fatebantur.
881 4772 905 4831 Ι)
920 4766 1088 4816 remanente.
1105 4783 1114 4805 ·
1135 4757 1200 4838 Post
1218 4755 1335 4812 Tibareni
1356 4753 1479 4836 additur,
1501 4779 1510 4802 ι
1525 4763 1680 4840 martyrum
1697 4773 1720 4838 ‚e

72 4830 145 4892 Tunc
156 4832 245 4917 jussit
258 4850 304 4891 eos
319 4851 352 4907 ap
372 4835 498 4901 rehendi,
516 4843 543 4890 et
567 4835 658 4908 ssagris
675 4842 734 4890 toto
755 4850 868 4907 corporo
922 4831 1023 4905 quibus
1033 4830 1129 4887 beatus
1138 4829 1276 4909 iacinctus
1291 4832 1389 4908 tortori
1404 4844 1454 4883 suo
1468 4828 1615 4911 predixit:
1632 4829 1720 4886 Hodie

72 4901 179 4976 laniari,
200 4914 227 4962 et
251 4853 402 4963 visceribus
425 4906 481 4979 jam
506 4922 574 4977 pene
597 4906 715 4976 nudatis,
740 4905 869 4961 'ubentur
922 4903 1035 4960 coluber
1052 4910 1080 4958 te
1094 4901 1229 4968 comedet,
1246 4915 1316 4981 ignis
1331 4916 1397 4955 vero
1410 4907 1438 4954 et
1457 4915 1538 4973 aqua,
1560 4901 1662 4974 quibus
1678 4915 1720 4953 me

72 4976 123 5032 sale
137 4985 165 5033 et
179 4984 260 5034 aceto
282 4978 421 5049 perfundi,
446 4978 569 5050 Cumque
587 4979 712 5035 alacriter
735 4924 794 5034 baec
814 4986 869 5033 tor·
923 4975 1016 5048 puniri
1029 4974 1129 5043 iecisti,
1139 4972 1210 5029 uihil
1223 4973 1293 5027 iiirhi
1305 4971 1461 5053 nocebunt,
1477 4972 1588 5054 modam
1601 4968 1719 5025 decolla-

72 5055 162 5104 meuta
174 5050 349 5120 tolerassent,
357 5051 490 5107 oraticula
497 5051 596 5132 prunis
607 5051 746 5106 subtracta
755 5048 805 5121 [aa
815 5066 868 5103 non
923 5055 976 5102 tur.
993 5070 1002 5092 ·
1025 5047 1056 5102 ln
1069 5046 1176 5127 duabus
1187 5051 1341 5122 postremis,
1353 5059 1421 5115 pura
1431 5050 1481 5097 est.
1496 5042 1565 5096 ‘lum
1578 5058 1584 5097 :
1604 5040 1652 5120 «ιιι
1662 5040 1721 5121 ila-

72 5119 245 5247 substratal)
270 5124 335 5193 poni
357 5121 472 5193 jubetur
494 5138 524 5177 in
549 5121 650 5190 medio,
679 5122 772 5193 ibique
795 5119 868 5199 quod
921 5116 1057 5187 benberga
1071 5117 1183 5173 civitate
1208 5115 1350 5172 translatio
1365 5116 1449 5170 beate
1465 5110 1643 5183 Cunegundis
1657 5126 1721 5166 rir-

73 5191 211 5264 reliquum
239 5202 317 5250 uerat
330 5211 377 5250 cor
397 5195 453 5248 oris
467 5209 483 5248 a
497 5192 667 5260 verberibus,
691 5206 818 5264 supponi,
842 5199 869 5247 et
923 5189 1025 5261 giiiis.2
1499 5253 1504 5264 ¹

72 5277 125 5318 non
139 5265 175 5320 ad
189 5263 325 5333 subitum,
340 5211 396 5320 sed)
401 5264 503 5321 sensim
520 5263 659 5320 succendi.
679 5262 721 5318 Ad
738 5262 868 5318 ultimum
958 5260 1084 5316 Graias.
1094 5275 1106 5339 ¹:
1129 5280 1138 5306 ι
1154 5256 1254 5339 Beatus
1267 5254 1442 5337 Andomarus
1453 5251 1720 5333 [olliosAutmarusL

73 5332 168 5407 laqueo
180 5351 315 5409 appensos
325 5336 408 5408 jussit
423 5339 523 5393 necari.
541 5335 786 5407 luteig'ectoauteiii
801 5342 868 5390 tem·
922 5339 953 5390 ut
967 5330 1051 5386 refert
1067 5330 1230 5386 Vincentius
1240 5344 1275 5382 ex
1289 5335 1371 5408 gestis
1385 5342 1454 5397 ejus,
1476 5333 1558 5396 Juxta
1580 5325 1721 5410 Causaq-

72 5419 145 5476 pore,
169 5407 268 5464 beatus
289 5407 444 5479 Gorgonius
465 5410 580 5466 Romam
602 5405 766 5463 transfertur
787 5413 814 5461 et
828 5404 868 5460 ibi
922 5403 990 5459 tiani
1005 5400 1146 5455 nobilibus
1161 5406 1238 5455 ortus
1252 5398 1421 5471 parentibus,
1438 5412 1501 5452 oum
1529 5403 1605 5480 patre
1626 5414 1677 5455 suo
1691 5414 1721 5454 iu

72 5479 204 5551 sepelitur
223 5480 269 5535 via
284 5479 382 5535 Latina
402 5478 474 5553 [alii,
488 5480 533 5535 via
542 5477 689 5552 Labicana]
711 5477 868 5532 interDuos
923 5470 1094 5530 Luxovionsi
1117 5469 1254 5538 cenobio,
1282 5468 1334 5525 sub
1355 5474 1449 5524 sancto
1471 5468 1599 5526 Eustasio
1624 5470 1722 5554 abbate

72 5544 184 5608 biuros.
200 5551 234 5607 ln
249 5550 401 5622 Hybernia,
411 5559 512 5608 mnata
527 5550 671 5607 Osmaune
680 5548 780 5621 regine
789 5546 868 5605 Chri·
922 5546 1010 5603 lactus
1024 5550 1064 5600 est
1075 5541 1235 5610 monachus,
1246 5556 1277 5596 ac
1291 5556 1347 5596 non
1362 5540 1450 5620 multo
1461 5547 1523 5612 post
1536 5540 1720 5599 'taruanensis

72 5620 277 5680 manissime.»
292 5619 867 5696 Sequensannuutintioitainterpungitur:
923 5617 1076 5691 episcopus.
1091 5615 1203 5670 Etcum
1230 5611 1316 5695 verbo
1338 5619 1442 5695 pariter
1465 5619 1491 5668 et
1512 5614 1640 5687 exemplo
1660 5629 1722 5697 ιιι

78 5692 499 5753 «lasabinismiliarioaburbe
518 5697 622 5761 Roma,
632 5692 746 5765 triginta
764 5696 869 5747 saucto-
923 5689 1004 5747 annis
1012 5685 1131 5769 gloriose
1142 5682 1308 5768 prefuisset,
1318 5691 1448 5758 spiritum
1457 5683 1580 5744 Creatori
1590 5684 1723 5763 reddidit,

72 5778 133 5823 rum
147 5774 316 5841 martyrum,
332 5766 457 5837 lacincti,
479 5764 631 5826 Alexandri
644 5773 672 5822 et
688 5763 822 5823 Tiburcii.
837 5762 870 5820 ln
924 5759 1057 5818 ineffabili
1071 5757 1164 5817 odoris
1178 5757 1327 5830 lragrantia
1341 5764 1509 5817 remanente.
1524 5758 1607 5832 Apud
1629 5757 1723 5815 Cesad
