3834 6136
67 235 126 296 285

607 235 925 336 Manitaotoettttt.
946 270 982 282 -
1001 241 1105 298 MENS.
1128 242 1201 298 itit.

70 366 367 451 monasteriopsancti
382 364 495 438 Sulpitii
512 365 633 449 episcopi
648 385 677 451 es
691 371 877 454 sanctaetlieo-
890 378 914 437 Α
929 374 998 445 diiii,
1013 400 1022 424 ι
1039 380 1091 432 etc.
1103 375 1317 458 liehrhogasto‚
1333 375 1499 458 simpliciter
1510 377 1612 452 absque
1625 381 1726 453 elogio.

69 439 180 498 chadiae
193 455 240 494 ιιι
261 455 328 494 inis.
345 439 443 494 Preces
463 453 555 510 passio
572 447 659 496 sancti
676 440 771 498 Claudi
789 460 872 517 impe·
928 447 1021 503 Tum:
1053 446 1134 504 «Die
1156 448 1290 521 vigesima
1315 464 1414 520 prima,
1436 457 1593 507 sanctorum
1614 452 1727 512 Petrum

69 512 173 569 ratcris
194 510 245 568 har
285 526 391 577 rorum,
419 509 510 579 lusti,
535 510 703 578 locandini,
719 529 781 569 cnm
809 516 873 572 aliis

69 586 205 666 quinque,
221 581 274 638 suh
300 580 452 637 Aureliano
479 581 653 664 imperatore.
680 584 783 641 Eodem
808 587 872 658 die,

69 662 158 713 sancti
170 654 319 726 arbogasti
336 653 574 726 augentinensise
595 654 680 727 iscopi
696 663 723 711 et
737 659 873 716 contesso-

68 728 117 785 ris.
136 751 145 776 ι
163 727 247 795 Tum,
265 724 423 781 minorihus
437 725 530 797 typis:
550 671 621 792 «Miri
638 725 672 782 de
686 727 798 794 Soulia·
808 738 872 800 eta,

69 807 101 855 ut
124 798 254 856 Gasvss.
278 813 371 869 supra.
388 797 419 853 ln
433 797 632 868 posterioribus
646 797 825 870 editionibus,
841 802 875 860 ile

70 870 145 927 lulis
164 869 297 927 Treoensi
313 869 408 926 eadem
428 867 577 925 adduntur.
604 869 673 925 Tum
695 888 701 926 :
730 873 873 943 «lhidem,

69 941 161 1016 passio
189 941 281 999 sahmi
307 939 418 998 Claudii
434 940 627 1013 imperatoris,
659 941 740 1011 tusti,
767 944 877 1003 lucun-

928 519 1073 586 Simeonis,
1091 519 1136 592 qui
1153 528 1264 593 propter
1273 519 1415 578 Christum
1431 520 1521 577 dietus
1535 528 1577 578 est
1594 522 1684 591 Salus,
1699 534 1727 583 et

927 590 1041 647 loannis
1054 599 1203 663 synascetai
1227 592 1349 662 ipsius.»
1377 592 1446 649 Vide
1470 608 1529 666 quae
1549 593 1582 650 de
1597 593 1727 653 Simeone

928 662 991 719 Sala
1007 663 1035 718 in
1049 663 1188 720 Auctariis
1200 663 1300 720 nostris
1311 663 1385 721 dicta
1400 671 1466 721 sunt
1476 682 1485 719 i
1497 664 1576 733 lulii,
1590 682 1625 721 ex
1641 667 1728 726 relata

929 733 967 789 ihi
984 735 1102 806 longiori
1112 736 1303 792 observatione
1319 735 1475 807 Rosweydi.
1489 760 1498 783 ι
1512 736 1615 792 Eodem
1627 737 1683 805 die,
1696 738 1727 794 iii
1789 733 1795 741 '

929 806 1047 888 Cellensi
1060 808 1236 878 monasterio,
1250 809 1393 866 translatio
1404 806 1492 866 ancti
1506 807 1630 881 Sulpitii,
1642 815 1725 881 ieta,

931 884 1006 933 utin
1025 878 1124 951 priori.

801 1057 1008 1076 Qum.

70 1097 211 1246 ᾘΑξὲιιιι
233 1185 364 1254 Galama,
388 1183 489 1241 natalis
509 1187 597 1241 sancti
621 1186 743 1243 Platonis
764 1189 905 1262 martyris,

69 1278 239 1351 Magdalenae
259 1283 288 1331 et
306 1274 431 1331 Sinticen
453 1273 550 1344 beatae,
566 1291 626 1347 quae
645 1276 780 1350 Philippis
799 1277 904 1333 dormit

1615 1106 1725 1167 heti.

927 1189 1006 1263 cujus
1034 1201 1109 1266 gesta
1132 1194 1277 1253 hahentur.
1298 1194 1403 1254 Eodem
1423 1195 1479 1265 die,
1504 1206 1606 1255 sancta
1627 1198 1722 1257 Maria

927 1281 1057 1352 sepulta:
1083 1282 1117 1339 ds
1136 1301 1189 1357 qua
1217 1286 1356 1355 apostolus
1385 1286 1486 1342 Paulus
1513 1287 1625 1345 scribit.
1656 1313 1665 1335 ·
1692 1290 1724 1345 ln

70 1366 241 1425 monasterio
258 1363 417 1419 Pontinella
433 1361 596 1437 [Boniltart.
613 1383 618 1420 :
639 1367 670 1421 ln
691 1383 758 1438 pago
779 1368 1016 1445 llothomagensil,
1032 1371 1167 1445 depositio
1185 1375 1272 1431 sancti
1288 1375 1486 1446 wandregisili
1501 1375 1678 1434 contessoris.
1693 1377 1727 1434 In

69 1461 219 1519 territorio
236 1456 417 1528 asianensi,
431 1458 520 1515 sancti
533 1458 648 1515 Menelai
664 1458 779 1518 abbatis.

842 1568 961 1627 NOTAE.

108 1671 152 1727 Ita
162 1669 265 1727 hahent
274 1668 392 1738 Μαι,
410 1669 567 1738 Τοιιιαιιιι.,
581 1667 839 1739 Anthene-Major,
854 1669 1005 1741 Reswegd,
1019 1669 1153 1729 Munerat.
1164 1675 1192 1725 ct
1206 1669 1319 1728 deenen.

111 1795 197 1850 «Nan
208 1792 324 1920 ιιαιιιῇιι
334 1791 467 1850 Sollerius
477 1792 544 1866 quin
555 1792 703 1849 Usuardini
718 1793 866 1852 sintWan·
882 1797 904 1856 B
920 1795 977 1850 lum
992 1801 1019 1850 et
1033 1794 1186 1851 Menelaum
1202 1810 1259 1851 esse
1279 1795 1370 1851 lituras
1395 1795 1543 1867 inscriptos
1559 1793 1611 1850 viis
1626 1795 1722 1864 credo,

68 1866 219 1939 dregisilus
238 1873 265 1922 et

310 1867 439 1921 eneleus:
456 1864 560 1920 tametsi
576 1866 751 1921 Catullinus.
764 1865 865 1939 inquit,
920 1865 986 1921 adeo
1004 1866 1092 1922 nitida
1116 1866 1275 1922 membrana
1290 1874 1340 1922 est.
1364 1867 1427 1922 Sola
1443 1867 1501 1923 trec
1514 1868 1545 1922 in
1562 1865 1668 1923 litura:
1687 1869 1722 1924 ln

69 1940 217 1994 animaene
238 1936 404 2006 aliquantis
424 1937 510 1992 codice
532 1937 666 1993 Pratansi'
684 1954 710 1992 se
725 1938 863 1993 obseruare
919 1955 986 2009 papa
1001 1939 1202 2009 llothomapensi
1213 1956 1223 2002 ;
1237 1937 1283 1993 sed
1307 1937 1401 1993 eadem
1423 1955 1517 2006 manu,
1533 1946 1629 1994 contra
1645 1938 1721 2011 quod

70 2016 181 2078 moneat,
197 2009 246 2080 qni
264 2007 325 2063 ditm
339 2009 438 2064 nltima
451 2009 665 2064 aniianti'ationes
675 2009 809 2079 inscripta
822 2010 867 2064 αι’-
921 2010 1030 2081 scripsit
1045 2027 1141 2082 parum
1153 2009 1299 2081 perspicax
1309 2010 1419 2066 Sollerii
1430 2010 1728 2066 monitansscuiuiiiir

71 2084 194 2139 deantur.
227 2080 414 2138 Castellauum
428 2080 604 2137 admonuisse
619 2080 665 2137 SS.
682 2080 867 2153 Wandregisi·

687 2205 889 2263 vaninitatis
909 2206 1117 2264 LECTIONES.

103 2308 211 2379 Sequor
236 2318 413 2361 communem
440 2300 568 2358 codicum
592 2301 740 2359 lectionem
764 2303 867 2360 Annra

74 2380 200 2443 dalaaioe,
210 2376 297 2449 aliqui
313 2375 395 2447 paulo
405 2372 503 2430 melias
511 2373 614 2430 Aneira
626 2375 867 2447 datatia;optime

72 2451 143 2508 solus
157 2450 286 2506 Molanus
295 2465 359 2505 cuni
370 2445 476 2513 Adone,
486 2446 594 2515 Ancyra
603 2447 868 2504 GalatioeVidentur
919 2464 988 2519 paga
1010 2447 1201 2516 Ronmaqensi,
1217 2446 1263 2501 sed
1274 2463 1323 2503 iios
1332 2463 1394 2503 cuni
1408 2447 1523 2518 reliquis
1532 2462 1574 2502 ma
1595 2447 1619 2503 is

74 2523 209 2580 Pratensis
237 2529 265 2576 et
281 2519 422 2576 Heriuien.
434 2517 553 2574 scrihere
567 2518 742 2588 Maenaliae,
758 2519 804 2575 sed
821 2535 868 2575 re-

75 2594 140 2668 liqui
156 2609 265 2659 omnes,
285 2601 316 2648 ut
336 2592 366 2646 in
384 2598 475 2656 textu,
493 2598 673 2663 preterquam
697 2591 768 2662 quod
788 2590 867 2646 inulti

73 2665 275 2739 diphthongum
292 2663 442 2789 negligant,
457 2677 538 2743 quam
561 2662 595 2717 ad
611 2661 750 2717 vitandam
773 2662 867 2718 confa-

73 2739 186 2805 sionem,
208 2745 274 2808 puto
288 2744 315 2791 et
350 2751 376 2789 ic
389 2743 416 2790 et
435 2733 501 2789 alibi
515 2733 659 2788 efformare
676 2751 785 2790 necesse
800 2750 867 2790 esse.

71 2811 125 2866 hon
141 2808 238 2865 eadem
254 2815 293 2863 est
308 2807 379 2863 ratio
395 2806 423 2860 in
446 2805 570 2874 Sinticen,
586 2821 667 2877 quam
689 2806 804 2877 proinde
821 2822 869 2861 re-

75 2881 154 2954 liqui,
171 2887 204 2936 ut
226 2886 268 2935 est
288 2879 315 2933 in
341 2876 492 2935 codicibus.
515 2876 667 2932 Tornacen.
690 2886 718 2932 et
733 2878 867 2933 Munerat.

74 2961 181 3026 ponunt
208 2951 342 3015 Sinticen,
383 2948 437 3004 uod
451 2964 527 3019 aeque
546 2949 663 3004 aberrat.
679 2949 734 3005 Nec
747 2949 814 3004 satis
827 2966 868 3005 ac·

73 3023 147 3081 cedit
167 3024 281 3079 Praten.
299 3037 345 3093 pei
363 2966 483 3090 Mantinea
497 3062 507 3086 ,
521 3036 571 3077 nec
585 3020 703 3076 Graven.
720 3037 767 3092 per
781 3021 870 3077 Sinh'-

72 3099 142 3163 ines,
167 3110 221 3150 nec
243 3092 352 3149 denium
372 3092 496 3149 Molonis
515 3107 563 3164 per
580 3093 733 3164 Synti'ches:
752 3100 824 3148 recte
841 3093 869 3148 in

922 2306 1044 2361 Romano
1059 2319 1154 2375 parvo,
1179 2303 1369 2377 allosweydo
1389 2302 1567 2360 hauddubie
1591 2314 1738 2363 correcto·-

923 2376 1074 2447 Spntgches.
1092 2375 1202 2432 Praten.
1231 2391 1292 2432 cain
1309 2376 1399 2433 solitis
1423 2375 1579 2457 gregalibus
1605 2377 1681 2505 Ιαόιι,
1699 2379 1727 2433 in

1650 2464 1725 2504 suar·

922 2520 996 2586 dine,
1011 2520 1043 2574 ln
1058 2519 1214 2573 nionasteri‘o
1233 2518 1393 2574 Fontinella.
1416 2520 1454 2574 De
1469 2535 1525 2590 quo
1540 2464 1613 2574 iuMa
1632 2520 1662 2574 in
1677 2519 1725 2577 ob·

922 2591 1124 2647 sacrationibus
1137 2589 1370 2646 dicendumSuut
1383 2592 1430 2663 qui
1447 2598 1550 2661 ponant
1568 2591 1724 2661 Wandreqi'-

922 2663 977 2722 sili.
987 2662 1034 2717 sed
1049 2662 1239 2718 leimeomnes
1251 2676 1314 2716 cuni
1326 2668 1414 2716 teitu.
1431 2661 1485 2716 nisi
1499 2660 1572 2731 quod
1588 2660 1724 2730 Munerat,

923 2735 994 2790 mals
1009 2733 1108 2789 formet
1125 2731 1332 2802 Wandrepisilli,
1344 2732 1531 2804 adiungitque
1549 2732 1663 2787 titulum
1679 2733 1725 2789 ab·

923 2806 1000 2874 hatis,
1017 2821 1098 2877 quein
1110 2805 1191 2860 etiam
1202 2803 1316 2859 ascribit
1331 2803 1568 2875 antuerp-Major
1577 2819 1642 2859 cuni
1655 2821 1725 2860 nou·

922 2879 1008 2933 nullis
1022 2877 1156 2950 sequioris
1169 2886 1238 2931 notis
1248 2875 1399 2931 codicibus.
1413 2874 1577 2932 Arisernensi
1588 2874 1615 2928 in
1627 2876 1723 2932 Mune·

923 2957 993 3016 rato,
1017 2957 1044 3005 et
1062 2947 1253 3004 Arninernensi'
1278 2947 1307 3002 in
1331 2946 1495 3019 Rosweydc‚
1520 2945 1591 3001 torte
1615 2945 1725 3002 librarii

923 3020 1076 3092 sphalmata
1099 3027 1182 3088 sunt,
1211 3020 1252 3075 uti
1278 3025 1306 3074 et
1326 3019 1354 3075 in
1379 3027 1517 3092 postremo
1540 3017 1651 3077 Menelai
1675 3033 1725 3090 pro

925 3093 1045 3151 Menelai.

740 3218 1043 3276 OBSERVATIONES.

101 3320 142 3375 lie
164 3316 256 3372 tribus
269 3314 366 3388 primis
385 3315 468 3386 hujus
482 3315 538 3371 diei
553 3317 655 3373 sanctis
670 3317 710 3372 sic
724 3316 806 3372 hodie
822 3318 868 3373 lo·
882 3323 904 3383 G
919 3318 976 3372 alia
992 3322 1028 3370 est
1047 3335 1064 3372 α
1086 3315 1175 3372 Μανία
1191 3318 1239 3372 illc
1257 3317 1422 3385 Magdalene,
1443 3331 1501 3385 qne
1528 3316 1678 3370 eetetreter
1695 3332 1725 3372 xi

72 3392 162 3463 quitur
176 3389 333 3445 Romanuin
347 3403 472 3458 parvum.
490 3388 582 3443 Primo
594 3388 672 3444 loco:
688 3390 789 3444 Sancta
811 3392 867 3445 Ma·

73 3462 117 3516 rire
137 3457 320 3530 Magdalenes.
337 3458 463 3514 Secundo
481 3476 486 3513 :
504 3461 541 3514 Et
556 3461 705 3530 syntyches,
725 3476 784 3530 qne
798 3460 868 3515 Phi-

73 3533 88 3587 li
105 3533 149 3604 ps's
166 3532 278 3587 dormit.
298 3530 392 3585 'lertio
413 3548 419 3585 :
438 3531 497 3585 Aac
515 3547 562 3598 rai,
584 3531 705 3586 Platonis
728 3532 865 3602 martyris.

92 3603 197 3660 undem
209 3602 336 3658 ordinem
352 3609 442 3658 servat
463 3548 534 3668 ndo,
557 3603 629 3657 nihil
651 3618 813 3674 magnopere
838 3603 867 3658 in

71 3675 178 3731 liudem
192 3673 337 3747 adjiciens.
361 3674 470 3741 Noster,
488 3673 596 3728 inversa
620 3675 763 3746 paululum
787 3673 865 3742 serie,

71 3748 209 3804 Platonem
232 3744 371 3818 principio
388 3744 679 3816 memoratipsissimis‚
692 3746 798 3801 Adonis
809 3762 867 3802 ver-

70 3817 123 3886 bis,
140 3831 203 3890 qua
225 3817 269 3874 hic
293 3833 329 3872 ex
349 3816 573 3886 hieronymianis
591 3818 726 3890 accepisse
746 3817 867 3887 videtur,

72 3899 196 3945 correcta
210 3905 243 3944 eii
260 3890 384 3945 Romano
408 3904 492 3960 parvo
513 3888 660 3959 positione,
686 3905 746 3961 quei
767 3889 869 3944 inillis

71 3967 201 4031 corrupte
215 3960 353 4032 legebatur
368 3976 374 4014 :
390 3959 422 4014 ln
434 3959 569 4028 Anqnira,
594 3960 636 4014 vel
656 3959 778 4027 Anri'tia,
798 3961 868 4017 Gal-

71 4032 141 4087 leaia
156 4034 200 4087 iel
218 4032 346 4098 Gallinae,
358 4046 412 4104 quo
422 4030 505 4086 etiarn
518 4030 603 4085 terme
620 4030 701 4087 modo
717 4032 745 4086 in
757 4031 868 4089 llahano
903 4032 906 4040 '

70 4104 179 4176 legitur.
196 4101 320 4159 Platonis
337 4109 407 4183 perta
430 4102 460 4157 in
476 4102 701 4182 hieronymianis
722 4104 812 4158 haberi
827 4103 868 4158 di·

70 4183 179 4241 cuntur,
203 4173 250 4231 sed
265 4190 297 4229 ea
317 4173 427 4229 diuersa
440 4173 524 4229 fuisse
543 4173 720 4229 existiinoah
742 4174 787 4243 iis,
808 4190 868 4247 qua

70 4245 138 4318 apud
153 4246 300 4303 Suriuma
321 4245 503 4316 Metaphraste
524 4253 656 4300 exornata
676 4245 866 4313 inveniuntur,

70 4332 184 4443 quaeque
198 4316 378 4372 Tillemontio
392 4325 467 4371 tomo
482 4316 517 4383 V,
534 4330 594 4442 pag).
610 4316 672 4383 563,
689 4317 806 4389 aliisque
820 4316 867 4372 ho·

89 4389 175 4444 iernis
198 4387 305 4444 criticis
330 4403 502 4459 nequaquam
523 4403 571 4457 pro
592 4395 682 4442 antur.
703 4387 758 4442 Nos
776 4388 810 4442 de
825 4388 869 4442 liis

72 4459 129 4516 loco
143 4475 206 4516 suo.
224 4457 377 4515 Secundam
394 4457 634 4513 annuntiationem
649 4457 689 4513 sic
704 4459 807 4529 profert
820 4458 868 4514 Be·

71 4528 122 4586 da:
146 4531 246 4586 Natale
264 4530 361 4587 Mariae
383 4530 567 4601 Maqdalenoe:
592 4536 623 4585 ιιι
643 4528 691 4583 ιιι
717 4530 868 4603 quidquam

70 4601 98 4656 iii
111 4601 243 4658 rediscre
280 4609 310 4656 nt
325 4608 352 4656 et
367 4600 412 4657 hic
427 4608 454 4655 et
470 4602 624 4656 Romanum
639 4615 754 4681 parvum
767 4609 795 4657 et
812 4603 869 4657 lla-

922 3390 988 3446 Kal.
1002 3388 1125 3458 depasti,
1141 3388 1266 3457 qnoniam
1276 3405 1308 3441 ea
1320 3387 1432 3441 historia
1446 3387 1606 3456 Euangeliou
1615 3385 1723 3440 omnino

921 3466 1023 3530 oportet
1037 3476 1096 3513 cnm
1111 3459 1200 3513 maltis
1215 3459 1263 3514 SS.
1276 3458 1333 3514 ΡΡ.
1349 3473 1482 3525 asserere,
1496 3463 1547 3511 tres
1560 3455 1643 3526 sitisse
1659 3474 1725 3528 per-

920 3548 995 3586 sonas
1008 3531 1136 3597 diuersas,
1151 3546 1238 3583 amites
1249 3539 1334 3584 ιααιια
1350 3535 1457 3584 sanatas
1471 3534 1494 3583 et
1515 3528 1620 3585 Christo
1635 3528 1722 3582 inini-

921 3609 1044 3670 strantes,
1068 3617 1126 3672 qnoe
1143 3603 1247 3657 nomine
1269 3601 1364 3657 Maria
1380 3601 1543 3671 Magdalenoe
1561 3601 1639 3668 vulgo
1652 3598 1722 3655 indi·

921 3681 1016 3730 cantnr
1033 3693 1038 3730 :
1054 3673 1149 3744 prima¹
1157 3671 1211 3742 soit
1224 3679 1350 3728 encastrc
1360 3671 1496 3743 Magdala,
1506 3688 1590 3741 prope
1599 3671 1723 3744 Caphar·

921 3764 1011 3814 naam,
1040 3746 1071 3800 de
1087 3762 1141 3815 qna
1161 3751 1255 3814 septeni
1276 3744 1405 3799 doeinonia
1420 3743 1550 3798 Dominis
1566 3743 1640 3811 ejecit
1649 3761 1660 3808 ;
1676 3760 1722 3798 se·

922 3819 1008 3873 canda
1017 3816 1072 3884 fnit
1087 3816 1194 3872 Nimtte's
1204 3815 1720 3887 peccatric,miseriaardicmconsecuta;

923 3890 1001 3944 tertia
1013 3889 1044 3943 de
1054 3889 1185 3944 Bethania
1198 3905 1275 3943 soror
1288 3888 1399 3943 Lazari.
1417 3885 1651 3942 llancdoctissimi
1662 3886 1719 3942 viri

921 3961 1082 4032 opinionem
1100 3958 1443 4025 multorameruditorum,
1455 3958 1501 4030 qui
1513 3956 1724 4030 agitatissimam

922 4033 1101 4104 quaestionem
1121 4032 1302 4098 ventilarunt,
1318 4031 1424 4087 calculo
1440 4029 1521 4085 hodie
1535 4029 1725 4085 confirmatam

922 4103 1046 4160 invenio.
1072 4104 1111 4159 Ne
1134 4102 1201 4175 quid
1216 4110 1308 4158 tamen
1326 4108 1487 4183 praemature
1511 4100 1557 4157 hic
1581 4100 1724 4169 deliniam,

922 4174 1007 4230 totius
1030 4174 1226 4230 controversiae
1250 4172 1417 4228 decisionem
1444 4172 1479 4227 ad
1506 4172 1575 4228 Acta
1600 4173 1722 4228 remitto.

922 4245 993 4302 Vide
1006 4245 1118 4301 interim
1135 4245 1169 4300 de
1183 4261 1214 4300 ea
1234 4243 1355 4299 breviter
1373 4241 1552 4297 disserentem
1568 4242 1726 4299 Tillemon-

921 4317 992 4372 tium
1011 4324 1087 4373 tomo
1106 4317 1141 4385 ll,
1165 4332 1181 4372 a
1206 4330 1266 4388 pag.
1294 4313 1339 4370 28.
1368 4311 1442 4368 Audi
1471 4311 1554 4367 modo
1586 4313 1717 4368 Wandal-

922 4388 1033 4444 hortum
1051 4405 1057 4444 :

985 4467 1156 4518 Unilecimam
1175 4466 1278 4524 Christo
1296 4465 1356 4514 lelix
1370 4464 1508 4512 miserante
1519 4459 1601 4511 Maria

985 4531 1075 4582 Ornat,
1093 4539 1201 4592 septeno
1216 4529 1298 4575 caruit
1315 4541 1373 4590 qnae
1388 4526 1657 4596 daeuione,·quanique

986 4591 1105 4651 Magdala
1123 4590 1286 4652 progenitum
1300 4596 1386 4650 signat
1402 4599 1556 4647 cognomine
1568 4599 1650 4646 origo.

70 4671 156 4730 banus
166 4681 194 4728 et
208 4676 232 4728 A
253 4689 280 4740 o,
292 4680 344 4729 cto.
357 4671 492 4728 Ceterum
505 4673 576 4726 inter
588 4671 908 4747 testivitatesaposto·p
941 4743 946 4754 ¹
962 4671 1115 4742 Spntpchem
1139 4669 1223 4725 etiam
1243 4667 1309 4724 satis
1330 4667 1451 4724 bret-iter
1470 4666 1634 4738 perstrinxit
1649 4663 1723 4736 hdo,

72 4744 172 4811 lorum,
184 4745 229 4799 elo
249 4745 269 4798 ii
284 4743 355 4811 vice,
367 4751 444 4798 notat
458 4743 624 4799 Viennensis
636 4743 869 4814 expulsionemali

72 4824 215 4887 eascplem
230 4762 443 4880 demoniorum,
459 4821 486 4870 et
507 4814 623 4887 primam
639 4814 742 4872 Christi
758 4815 869 4872 llomini

71 4887 284 4958 apparitionem.
301 4886 352 4959 ipsi
369 4885 469 4942 laetam
484 4894 545 4957 post
559 4886 870 4960 resurrectionemque

72 4957 165 5014 omnia
187 4975 223 5014 ex
238 4957 348 5013 Molano
363 4959 391 5012 in
412 4957 550 5013 Auctariis
569 4957 767 5015 recitabuntur.
784 4960 826 5014 Er
842 4975 870 5016 re

71 5028 128 5084 nita
143 5029 207 5085 lluit
226 5028 395 5097 observatio,
411 5028 543 5083 nimirum
563 5029 759 5110 Martyrclcgis
777 5039 871 5087 nostra

72 5099 174 5173 ubique
188 5101 309 5160 Mariam
323 5100 507 5170 lllaqdclenain
516 5099 726 5157 distinctissime
736 5101 870 5172 exprime·

72 5187 110 5239 re,
134 5188 273 5245 nusquam
290 5187 356 5227 vero
378 5170 496 5229 Mariam
512 5172 657 5236 Bethania,
676 5172 871 5230 multominus

100 5244 238 5298 cantricem
260 5242 390 5313 [emittant
414 5242 486 5314 apud
510 5244 691 5314 evangelistas
707 5260 869 5314 aitonynain,

70 5314 161 5396 ‚eque
179 5314 256 5370 eninr
272 5319 369 5385 septem
387 5313 466 5382 ejecte
483 5315 613 5369 ilieiiionia
629 5317 805 5385 propeccatis
820 5332 872 5372 ac-

70 5385 123 5458 cipi
137 5394 276 5458 oportere,
288 5385 356 5440 satis
368 5386 513 5456 probatum
524 5386 657 5441 hactenus
671 5387 771 5458 repeai.
782 5387 871 5458 Vulgo

69 5464 164 5513 notum
180 5466 222 5514 est
247 5456 367 5515 Maiiam
393 5465 420 5512 et
443 5458 578 5514 Martham
604 5473 708 5512 sorores
727 5458 828 5512 Lazmt'
843 5459 871 5513 in

69 5528 192 5600 antiquis
215 5528 424 5654 Martyroloqiis
448 5528 544 5583 reterri
563 5545 612 5583 iiix
636 5528 771 5596 ianuarii,
796 5529 872 5584 utin

69 5600 211 5656 bunariis
233 5599 339 5655 nostris
367 5600 376 5654 i
400 5601 405 5653 i
422 5599 591 5655 notavimus.
607 5599 715 5656 laverit
731 5599 776 5656 hic
790 5616 871 5672 appo-

67 5686 131 5727 nere
156 5673 188 5728 P.
214 5670 363 5729 Grothusii
387 5672 475 5726 nostri
499 5671 663 5727 senteutiam
682 5671 716 5727 ad
732 5680 872 5728 vetustum

67 5742 269 5800 Kalendariam
295 5742 512 5799 Paterhornense
533 5743 594 5799 mis.
620 5743 627 5796 i
648 5759 677 5798 sa
692 5743 740 5799 illa
759 5744 804 5800 die
824 5760 874 5800 xix

66 5814 205 5873 ianuarii.
226 5816 300 5885 Vere,
315 5814 616 5888 iuquit,Mcria,ioror
656 5816 740 5875 artha
748 5832 874 5888 ,ριαιιια

925 4760 965 4800 sic
979 4750 1010 4800 ut
1025 4742 1119 4799 omnia
1139 4757 1222 4815 prope
1242 4738 1301 4812 ejus
1324 4741 1408 4797 verba
1430 4739 1528 4797 Noster
1552 4739 1582 4795 in
1600 4739 1724 4796 tabulam

924 4832 1001 4872 suam
1014 4813 1196 4872 transtulerit.
1213 4813 1263 4870 Est
1276 4812 1349 4885 apud
1364 4813 1480 4869 Paulum
1500 4811 1559 4885 ejus
1574 4827 1724 4870 commen-

925 4887 1000 4944 datio
1015 4887 1047 4943 ad
1063 4887 1184 4958 Philipp.
1201 4904 1238 4953 iv,
1264 4885 1290 4941 2.
1307 4887 1346 4943 lle
1361 4884 1420 4957 ejus
1434 4885 1512 4942 obitu
1533 4892 1560 4940 et
1582 4885 1725 4956 sepultura

925 4959 992 5015 alibi
1007 4959 1157 5016 videbitur.
1168 4957 1242 5026 Quid
1259 4965 1351 5014 autern
1366 4957 1419 5013 sihi
1431 4956 1477 5012 liic
1492 4956 1559 5012 velit
1573 4955 1723 5033 disparata·

925 5047 987 5087 runi
1000 5047 1179 5104 personarum
1191 5027 1362 5102 conjunctio,
1383 5028 1508 5085 divinare
1519 5040 1575 5081 noii
1595 5025 1724 5089 luhetsta

925 5102 1067 5175 scripsisse
1080 5102 1234 5159 Usuardum
1254 5109 1399 5157 etcertum
1415 5106 1442 5156 et
1459 5098 1547 5169 palam
1562 5101 1612 5175 est.
1629 5094 1723 5152 Mene-

927 5176 981 5231 ties
995 5174 1025 5228 in
1049 5173 1196 5244 praecitatis
1218 5171 1410 5243 Martyrclcgis
1431 5183 1486 5222 non
1512 5167 1673 5246 iuvenitur3
1690 5162 1724 5222 de

928 5244 1120 5315 wandregisilo
1132 5244 1247 5299 dubium
1264 5242 1371 5299 iaciunt
1384 5240 1601 5318 hieronymiana
1609 5251 1723 5316 apogra·

926 5317 1002 5388 pha:
1024 5322 1096 5370 certe
1117 5314 1189 5370 haud
1211 5328 1347 5386 quaquam
1368 5312 1543 5378 ambigimus,
1569 5322 1636 5388 quin
1656 5323 1721 5363 vere

926 5386 1006 5443 amho
1016 5385 1162 5442 Usuardini
1178 5385 1244 5449 sint,
1260 5382 1369 5439 tametsi
1385 5379 1556 5438 Castettanus
1568 5393 1721 5437 erasionem

926 5459 1046 5530 aliquam
1063 5457 1091 5511 in
1106 5455 1201 5512 codice
1225 5453 1347 5510 Pratensi
1371 5467 1401 5506 ss
1420 5450 1578 5531 observasse
1601 5459 1721 5533 moneat,

926 5529 972 5587 ciii
982 5527 1206 5584 haeduaeultimae
1216 5522 1440 5580 annuntiationes
1455 5522 1594 5592 inscriptae
1611 5522 1723 5579 videan-

927 5611 981 5658 tur.
1008 5599 1060 5656 Sed
1079 5599 1148 5668 qnod
1166 5596 1329 5660 intrandam,
1356 5593 1456 5668 inquit,
1473 5595 1531 5650 sahi
1547 5595 1600 5650 hae
1622 5594 1721 5650 cerba:

927 5673 957 5730 lii
983 5688 1050 5745 pago
1068 5668 1271 5739 Rotomagensi,
1286 5667 1318 5722 ah
1334 5667 1424 5722 aliena
1443 5683 1524 5722 mann
1539 5671 1610 5733 snat,
1624 5664 1724 5721 eote-rh

928 5746 1047 5799 omnibns
1061 5741 1148 5797 eodem
1159 5741 1309 5795 charactere
1319 5738 1508 5794 evidentissime
1518 5737 1653 5808 figuratis,
1668 5750 1721 5804 qno

929 5821 1010 5873 tetam
1027 5816 1154 5874 Prntenre
1166 5812 1361 5886 atharophnn
1374 5810 1503 5885 scriptam
1520 5815 1566 5867 eet.
1590 5805 1722 5863 Fueiitus

1676 247 1740 306 ies·
1829 204 1833 212 ’
