3834 6136
1730 216 1784 278 208

131 225 184 285 207
794 224 947 285 USUARDI
965 225 1125 284 nonnoni

132 352 177 409 cui
188 358 249 424 post
263 349 369 420 Heraia,
386 349 539 407 intruditur
558 349 660 407 Italicis
675 366 783 407 rursum
806 351 923 406 litteris:
942 355 967 413 A
986 348 1127 404 miraculis
1140 349 1329 405 claruerunt.»
1351 346 1487 403 Coluntur
1501 344 1641 425 amboldie
1655 361 1728 400 xxxi
1742 344 1784 401 la·

132 424 198 480 inm
212 422 312 481 Sereni.
330 422 362 477 lii
376 422 446 479 line:
471 423 544 479 «bie
559 422 691 494 vigesima
714 431 818 491 octava,
835 438 925 494 repar·
982 420 1082 480 nuarii.
1102 422 1188 477 ‹ltem
1205 418 1335 492 Traiecti,
1348 417 1463 490 Benigni
1474 422 1606 488 martyris
1618 423 1701 489 atque
1717 432 1783 489 pon·

131 494 202 552 tatio
226 494 406 568 reliquiarum
430 502 587 551 sauctorum
603 494 668 568 Cyri
689 501 716 550 et
736 494 860 562 loannis,
879 495 927 568 qni
981 494 1099 551 tiliois.»

130 667 169 725 111
189 665 255 724 Kal.
1674 658 1726 715 na
1739 658 1786 716 99,

167 757 271 824 Romae,
292 756 393 812 natalis
411 755 557 812 beatorum
570 758 755 829 apostulorum
770 758 843 815 Petri
857 766 884 814 et
895 758 983 827 Pauli,
995 758 1042 831 qui
1058 757 1128 830 passi
1143 764 1208 812 sunt
1223 753 1273 810 sub
1292 754 1398 810 Nerone
1418 750 1533 818 Caesare,
1549 748 1633 805 Basso
1648 755 1676 804 et
1694 749 1785 807 Tusco

130 846 301 904 consulibus.
328 845 451 914 Quorum
466 846 542 919 prior
559 847 588 903 in
611 847 706 904 eadem
730 849 797 906 urbe
817 848 899 920 juxta
913 848 985 904 viam
1002 849 1209 922 Triumphalem
1225 847 1311 905 totius
1335 843 1410 900 erbis
1424 841 1603 898 veneratione
1616 840 1783 908 celebratur,

129 952 245 1010 sequens
261 951 369 1010 quoquc
384 936 413 992 in
437 937 483 993 via
497 937 615 994 Ostiensi
630 940 762 1010 sepultus,
780 940 839 1013 pari
855 940 971 996 habetur
990 940 1103 996 honore.
1123 939 1230 994 Eodem
1245 936 1300 1004 die,
1316 935 1403 991 sancti
1423 931 1543 987 Marcelli
1569 932 1711 1003 martyris,
1737 930 1786 1004 qui

130 1026 202 1099 apud
217 1033 336 1082 castrum
351 1026 581 1098 Argentomacum
595 1045 645 1102 pre
662 1027 716 1084 fide
731 1026 835 1087 Christi
850 1045 981 1085 unacum
1002 1028 1146 1086 Anastasia
1171 1025 1296 1093 militari,
1321 1024 1411 1096 capite
1432 1022 1530 1094 plexus
1544 1028 1585 1076 est
1606 1019 1784 1094 [Bouillana

129 1131 194 1174 cuni
208 1116 353 1175 Anastasio
367 1115 483 1173 militari
497 1117 559 1174 vira
574 1118 708 1192 martyrio
722 1127 869 1177 coronatus
884 1118 949 1192 est].
964 1121 995 1176 lu
1010 1120 1150 1176 territorio
1165 1115 1313 1185 Senoniae,
1334 1115 1436 1182 Beate,
1452 1111 1581 1184 virginis.

871 1246 992 1303 NOTAE.

164 1342 245 1402 Puris
257 1358 409 1401 annumero
421 1344 544 1416 Protin,
557 1344 706 1416 Herinien.,
726 1347 883 1414 Turnonem,
899 1354 926 1401 et
939 1344 1131 1411 Maecenatem,
1146 1342 1274 1417 quamvis
1289 1341 1319 1398 in
1334 1341 1430 1414 alique
1455 1337 1624 1410 discrepent.

742 1470 945 1530 VthANTES
963 1469 1171 1528 LECTIOMES.

164 1570 289 1645 Inprima
298 1569 509 1628 annuntiatione
519 1586 615 1627 omnes
625 1570 802 1627 concordant.
816 1570 926 1638 Ostinsi,

128 1645 201 1717 apud
216 1643 399 1710 Muneratum,
411 1641 576 1714 typographi
591 1643 721 1698 mendum
736 1648 786 1696 est.
800 1641 926 1711 Argente-

128 1732 233 1772 macnm
242 1715 337 1786 legunt
347 1713 449 1785 passim
462 1712 570 1768 cedices
581 1729 686 1779 omnes,
703 1721 818 1792 excepto
832 1714 925 1768 Mune·

128 1793 198 1854 rato,
215 1785 388 1858 quiArgento
397 1800 522 1855 naeniam
535 1800 543 1844 .·
558 1792 585 1839 et
599 1784 719 1851 Melane,
735 1800 782 1856 qui
796 1784 925 1854 deperite-

128 1858 250 1914 mactem
262 1855 443 1911 substituunt.
457 1854 502 1911 Sic
516 1853 593 1910 citati
603 1853 711 1911 codices
727 1861 754 1910 et
763 1856 854 1910 caeteri
869 1855 925 1911 lere

129 1944 225 1985 omnes
236 1928 330 1998 legunt
341 1942 404 1983 cum
418 1932 508 1994 textu,
519 1926 770 1997 copitepleausest:
787 1926 925 1982 Prateusis

127 2014 194 2056 vere
209 1997 295 2070 magis
307 1996 442 2070 generice,
456 2003 527 2053 mart
546 1998 587 2052 rio
607 2004 748 2053 coronatas
761 2003 809 2066 est,
822 1997 851 2053 in
869 2014 924 2070 quo

127 2070 153 2126 ei
167 2068 345 2128 consentiunt
358 2069 506 2141 antuerp·
535 2068 571 2140 aj.
586 2076 614 2126 et
633 2069 779 2143 llosweyd.
805 2070 923 2141 plerum-

982 1586 1034 1650 que
1048 1569 1218 1625 conformes.
1239 1565 1329 1622 Pluris
1344 1564 1424 1620 nobis
1438 1562 1604 1620 estalierum
1615 1565 1785 1634 auctoritas;

982 1641 1046 1696 licet
1062 1657 1119 1695 non
1135 1639 1257 1710 ignorem
1273 1637 1449 1693 Anastasinm
1465 1652 1499 1691 ex
1513 1635 1600 1703 Actis,
1616 1635 1672 1691 alie
1688 1637 1786 1694 mortis

998 1726 1087 1778 encre,
1120 1726 1201 1782 qnam
1231 1709 1417 1765 decollatione
1451 1717 1685 1764 consummatum.
1715 1709 1787 1766 Puto

981 1729 1136 1839 danaidum
1152 1780 1315 1852 simpliciter
1329 1779 1470 1851 scripsisse
1496 1780 1596 1845 Reate,
1615 1779 1787 1851 virginiam

986 1853 1089 1910 habent
1102 1853 1222 1920 Protea,
1240 1852 1390 1908 Tornacen.
1407 1861 1434 1908 et
1448 1852 1581 1908 Munerat.
1596 1858 1681 1925 atque
1701 1853 1786 1910 etiam

978 1925 1132 1992 Herinien.,
1143 1925 1196 1980 nisi
1208 1923 1281 1998 qnod
1289 1923 1427 1994 adjectum
1440 1923 1486 1991 sit,
1499 1923 1571 1978 araci
1582 1940 1716 1996 appense.
1728 1923 1786 1981 Alii

978 1996 1058 2053 aliter
1073 1996 1250 2069 exprimunt,
1266 2003 1298 2052 ιιι
1312 1996 1417 2068 patebit
1430 1994 1459 2052 in
1476 1995 1626 2053 Auctariis.

798 2184 1101 2244 OBSERVATIONES.

163 2284 321 2344 Mancxxix
337 2282 644 2355 Jnniitatoentiqnitas,
659 2282 745 2340 media
755 2289 830 2352 cetos,
845 2291 924 2356 etque
937 2287 961 2347 B

127 2358 252 2416 Ecclesiae
264 2357 404 2413 hodiedum
417 2373 515 2422 omnes,
529 2362 658 2412 venerata
674 2362 736 2411 sant
754 2361 778 2411 et
791 2373 924 2412 vereren-

128 2437 182 2496 tnr,
195 2446 247 2502 pre
261 2429 303 2484 die
314 2428 426 2501 legitimo
441 2427 612 2500 depositionis
623 2427 678 2483 siae
686 2428 813 2499 martyrii
823 2433 924 2483 sancte

126 2518 190 2558 ram
210 2500 286 2558 Petri
311 2506 334 2555 et
355 2500 446 2556 Pauli.
470 2500 535 2567 Quis
553 2499 629 2556 ausit.
644 2501 686 2554 nel
709 2499 807 2555 lisama
832 2505 924 2555 centra

126 2573 310 2630 auctoritatem
335 2578 445 2638 mntem,
467 2578 492 2626 et
514 2588 593 2626 asam
615 2570 739 2626 Ecclesiae
765 2571 924 2627 uniuersalis

127 2645 183 2699 eine
208 2642 402 2698 intermissione
427 2642 631 2698 continuatum?
659 2641 747 2698 Verba
772 2651 837 2698 sunt
862 2643 924 2697 Jan-

127 2714 205 2786 ningi
221 2714 235 2786 g
249 2714 277 2783 ὅ,
304 2729 381 2769 nuni.
397 2711 442 2776 te,
467 2712 665 2769 commentarii
685 2712 781 2784 praevii
804 2713 838 2768 ad
860 2729 923 2784 apo·

127 2785 262 2844 stolarum
277 2784 355 2852 Acta,
366 2783 414 2840 ubi
424 2783 588 2840 variasalias
602 2782 746 2840 intricatas
758 2785 923 2857 questiones

127 2858 201 2915 circa
214 2857 317 2922 locum,
333 2855 446 2912 modum
461 2862 489 2911 et
503 2862 611 2927 tempus
633 2856 760 2928 martyrii
783 2856 923 2912 enucleate

124 2927 206 3000 juxta
220 2926 373 2983 accendite
387 2927 526 2998 explanat,
552 2925 688 2982 videndus
710 2928 823 2982 omnino
848 2943 863 2982 a
877 2944 922 2983 eu·

127 2999 200 3055 riose
223 2997 335 3054 lectore.
360 2996 403 3053 Ad
429 2999 588 3054 institutum
616 3004 741 3054 nostrum
765 2997 839 3070 quod
862 3015 922 3070 pro-

148 3087 189 3126 ius
214 3070 322 3137 attinet,
348 3077 447 3141 preter
470 3067 634 3125 Kalendaria
651 3077 677 3125 et
695 3069 920 3138 Sacramentaria,

127 3087 306 3214 Klartyrologi
321 3140 429 3213 antiqui
439 3140 591 3197 universim
603 3157 699 3197 ornnes
710 3158 758 3213 pro
766 3141 817 3196 hac
827 3142 922 3198 eadem

64 3275 68 3284 ,
127 3212 172 3269 die
186 3213 313 3269 certatim
335 3219 362 3269 et
384 3212 606 3269 constantissime
627 3221 758 3286 pugnant,
788 3213 922 3295 Hierony·

127 3284 220 3340 minna
246 3283 384 3356 imprimis
408 3284 562 3410 apographa
585 3285 678 3340 emnia
707 3302 722 3339 a
750 3285 922 3341 Florentinis

126 3356 209 3424 edita,
226 3363 284 3413 tuni
299 3355 382 3424 Beda,
406 3357 426 3411 F
440 3372 514 3424 orus,
530 3356 667 3413 Rabanus.
684 3357 751 3412 ltem
768 3358 920 3413 llomanum

124 3443 252 3499 parvom,
267 3426 343 3496 hdey
354 3427 491 3483 hotkerus
500 3435 528 3484 et
536 3428 644 3485 Noster.
659 3429 695 3484 Et
708 3428 922 3484 wandalbertus

124 3499 206 3555 etiam
222 3499 263 3554 sic
281 3500 419 3570 eleganter
432 3499 551 3555 cecinit:

185 3576 289 3627 Tertius
300 3584 413 3628 auratam
426 3578 539 3625 sustollit
550 3577 582 3626 ad
595 3578 684 3628 ethera
700 3578 809 3628 Romam

185 3639 310 3701 Martyria
327 3643 421 3702 pariter
431 3639 498 3688 Petri
514 3640 637 3704 Paulique
651 3642 735 3692 beate.

161 3716 204 3772 Ex
219 3714 320 3787 quibus
334 3730 391 3770 nen
405 3731 501 3788 parum
518 3713 662 3771 roboratur
685 3717 801 3772 relatum
827 3734 925 3788 nuper·

125 3786 195 3843 rime
211 3786 340 3914 lanningi
355 3795 499 3843 assertum.
516 3786 600 3842 Porro
616 3786 782 3844 Viennensis
792 3789 926 3861 Martyre-

126 3860 205 3931 logus
221 3858 294 3914 inter
330 3856 484 3915 estivitates
498 3860 687 3930 apostolorum
703 3860 792 3932 prime
811 3867 838 3916 et
852 3877 926 3932 pree-

125 3928 209 4002 cipuo
222 3930 294 3995 loco,
308 3931 397 3985 multa
412 3928 441 3984 iii
460 3929 533 3985 Petri
548 3937 575 3985 et
590 3931 667 3986 Pauli
684 3930 793 3987 laudem
808 3948 925 3987 comme·

126 4009 225 4070 morat,
250 4017 310 4074 quae
334 4000 469 4056 exactiori
493 3999 560 4056 crisi
587 4001 677 4074 subigi
705 4010 825 4073 possent,
850 4019 926 4075 aeque

125 4088 157 4129 ac
179 4073 234 4127 alia
256 4088 272 4127 a
295 4071 415 4128 Notlicro
440 4072 635 4143 superaddita.
662 4073 727 4141 Quae
760 4081 853 4130 textus
880 4092 926 4130 no·

125 4151 181 4200 ster
203 4150 335 4215 tanquam
360 4159 424 4199 vere
450 4143 604 4201 Usuardina
623 4153 809 4216 representat,
837 4162 867 4201 ea
892 4163 927 4201 cx

124 4214 222 4270 Adone
236 4214 351 4271 omnino
364 4215 493 4288 decerpta
507 4224 581 4284 sunt,
594 4217 709 4273 servatis
719 4218 798 4289 bassi
809 4224 832 4271 et
850 4217 929 4272 Tusci

125 4287 272 4343 consulum
288 4286 460 4356 nominibus,
473 4303 614 4359 perperam
629 4305 692 4346 cuin
708 4289 810 4345 Nereae
823 4289 928 4345 desiere

125 4358 271 4428 connexis,
285 4365 381 4431 utpote
396 4375 412 4414 a
426 4375 480 4432 que
495 4360 561 4415 tetis
576 4358 662 4416 ferme
687 4360 796 4417 duabus
819 4361 927 4416 saeculis

125 4428 319 4513 sejunguntur,
342 4437 373 4486 ut
397 4428 470 4487 clare
490 4430 629 4505 intelligas
654 4433 856 4489 translationem
879 4448 927 4489 seu

123 4500 311 4575 depositionem
338 4503 452 4559 alteram
481 4502 504 4559 si
534 4502 574 4561 ita
598 4503 692 4563 vecari
719 4504 836 4578 possint,
860 4521 925 4561 cuin

978 2284 987 2340 i
1008 2302 1038 2341 so
1055 2281 1183 2355 martyrii
1197 2280 1253 2349 die,
1280 2280 1386 2338 Adonis
1411 2296 1504 2336 errore
1521 2280 1606 2337 fuisse
1626 2280 1783 2340 contusam·

980 2301 1040 2424 Sua
1062 2356 1096 2411 de
1116 2353 1305 2411 controversia
1329 2352 1433 2408 videsis
1458 2351 1600 2408 laudatum
1615 2353 1785 2427 lanuingum

980 2429 1064 2486 citato
1086 2427 1157 2493 loce,
1178 2433 1204 2481 et
1233 2425 1333 2481 iterum
1362 2424 1376 2496 5
1403 2425 1447 2492 20,
1473 2425 1681 2492 Analectorum,
1701 2432 1786 2500 atque

981 2500 1046 2556 item
1072 2498 1101 2553 in
1134 2496 1353 2570 praecedentibus
1376 2513 1438 2568 para
1472 2496 1551 2568 aphia
1577 2497 1786 2554 Mensclienium

980 2580 1006 2628 et
1022 2569 1251 2641 Papebrechinm.
1265 2568 1428 2624 Persuasum
1465 2568 1544 2636 abeo,
1554 2584 1586 2623 ea
1598 2568 1663 2625 istic
1676 2571 1786 2626 curiosa

981 2643 1078 2699 lectori
1096 2640 1303 2713 suppeditatum
1319 2640 1364 2708 iri,
1381 2656 1441 2712 quae
1466 2639 1589 2695 animum
1608 2657 1721 2713 prorsus
1740 2639 1807 2697 ex·'

980 2716 1084 2786 pleant.
1105 2712 1135 2768 Si
1149 2712 1194 2767 cui
1210 2712 1281 2768 forte
1302 2712 1388 2782 magis
1403 2712 1508 2783 placeat
1525 2728 1615 2767 rerum
1638 2712 1724 2769 series
1739 2729 1787 2785 per

979 2785 1105 2841 ordinem
1116 2783 1230 2855 digesta,
1242 2784 1317 2839 adire
1330 2784 1353 2838 is
1365 2783 1786 2854 poteritTillemontiumtomei

979 2874 1070 2929 apag.
1098 2855 1149 2911 l08
1172 2853 1206 2909 ad
1231 2856 1282 2911 317
1302 2855 1444 2928 utriusque
1463 2856 1579 2926 apostoli
1597 2862 1672 2928 gesta
1687 2873 1787 2928 prose-

979 2937 1120 3001 quentem.
1138 2928 1243 2982 interea
1264 2926 1408 2982 manifeste
1422 2935 1495 2997 patet
1513 2943 1594 2999 qnam
1619 2927 1788 3000 simpliciter

978 3008 1006 3056 et
1020 2999 1093 3055 bana
1108 2998 1161 3052 hile
1177 2999 1316 3054 Usuardus
1332 2998 1455 3053 Adonem
1480 2998 1622 3054 ductorem
1643 3017 1736 3068 suum,
1751 3000 1787 3056 de

979 3088 1054 3126 more
1068 3077 1177 3126 secutus
1188 3070 1279 3124 luerit.
1296 3070 1407 3124 Nullum
1424 3070 1519 3125 habuit
1537 3070 1564 3124 in
1585 3071 1715 3126 Marcello
1730 3072 1784 3127 ilr-

978 3142 1146 3214 gentenicnsi
1172 3148 1198 3196 ot
1211 3142 1286 3197 socia
1306 3141 1411 3206 milite;
1427 3141 1548 3213 adeoquo
1564 3143 1632 3196 Acta
1646 3143 1671 3197 ei
1689 3144 1785 3214 prelu-

980 3215 1054 3270 xisse
1083 3211 1233 3280 credimus,
1267 3213 1294 3267 in
1324 3213 1424 3284 quilius
1447 3213 1518 3268 clare
1543 3212 1646 3268 dicitnr
1663 3214 1785 3270 Marcel-

979 3287 1022 3342 lus
1036 3286 1119 3357 eapite
1131 3286 1236 3355 plcans,
1249 3284 1408 3339 Anastasins
1419 3301 1484 3340 vero
1495 3283 1551 3339 alio
1568 3285 1667 3341 uiuitis
1683 3302 1784 3357 genere

977 3373 1092 3429 agonem
1109 3372 1324 3412 consummasse.
1343 3356 1419 3411 Unde
1433 3356 1455 3411 si
1479 3356 1507 3411 in
1531 3356 1665 3412 laterculo
1681 3359 1784 3414 utrius·

982 3445 1034 3502 que
1048 3428 1213 3500 martyrium
1225 3426 1413 3498 conjungitur,
1424 3427 1540 3483 dubium
1555 3437 1657 3496 manet,
1671 3429 1786 3486 rectius·

983 3517 1018 3556 ne
1032 3500 1171 3556 Pratensis
1195 3516 1258 3555 cum
1279 3500 1369 3554 solitis
1384 3499 1476 3565 sociis,
1492 3499 1632 3570 an'potins
1655 3502 1705 3555 alii
1720 3500 1785 3556 scri-

982 3575 1100 3645 pserint;
1119 3588 1172 3644 qua
1188 3588 1269 3626 causa
1283 3569 1391 3626 codices
1415 3588 1497 3642 puras
1525 3572 1784 3644 multiplicavimus,

941 3648 963 3708 G
980 3644 1140 3699 notabiliter
1154 3644 1220 3698 licet
1235 3643 1430 3713 discrepantes.
1448 3642 1626 3698 Movitetiam
1638 3644 1785 3699 annuntia·

983 3716 1023 3770 tio
1042 3715 1151 3780 ultima,
1170 3712 1277 3783 judicio
1293 3723 1387 3768 nostro
1404 3714 1484 3784 plane
1500 3714 1667 3783 llsuardina
1696 3716 1743 3771 sed
1756 3717 1785 3770 iii

980 3785 1124 3843 codicibus
1138 3785 1325 3839 diversimode
1337 3801 1475 3855 expressa.
1490 3785 1694 3857 Nobisquideni
1708 3790 1784 3859 longe

981 3857 1150 3930 probabilior
1173 3864 1214 3912 est
1232 3857 1354 3912 laterculi
1373 3857 1460 3912 iiostii
1482 3857 1573 3925 lectio,
1596 3858 1694 3914 multis
1708 3875 1784 3930 argu·

983 3929 1085 3984 mentis
1095 3929 1125 3984 in
1140 3931 1272 3985 Actorum
1287 3928 1392 4000 sylloge
1404 3928 1578 3996 confirmata;
1591 3930 1638 3985 sed
1651 3946 1702 3986 nec
1711 3929 1785 3987 codi-

981 4018 1042 4057 cum
1070 4001 1189 4056 aliorum
1213 4000 1414 4057 contemnenda
1437 4001 1596 4070 auctoritas,
1623 4002 1673 4074 qui
1688 4005 1782 4069 beate,

984 4073 1029 4127 vel
1045 4080 1141 4127 servatae
1157 4072 1263 4127 iaciunt
1278 4071 1445 4141 adjectivum
1461 4089 1508 4127 seu
1524 4074 1667 4145 epitheton
1684 4074 1783 4129 haeredi·

981 4150 1036 4210 ene,
1053 4152 1083 4198 ut
1099 4143 1213 4215 preinde
1228 4159 1329 4198 nomen
1345 4144 1487 4224 proprium
1503 4144 1531 4199 in
1546 4145 1632 4201 dubio
1647 4145 1784 4217 relinqua·

981 4223 1037 4270 tur.
1053 4215 1130 4271 lland
1143 4215 1244 4270 absone
1255 4231 1356 4269 nornen
1367 4215 1442 4270 aliud
1455 4216 1708 4286 excogitavitClar.
1723 4217 1784 4275 Cas·

981 4287 1111 4357 tellanas,
1127 4287 1160 4342 de
1170 4304 1225 4360 quo
1239 4303 1302 4342 cuni
1322 4287 1351 4341 in
1365 4287 1478 4358 praelata
1495 4290 1600 4361 sylloge
1615 4288 1723 4345 dictum
1737 4288 1783 4355 sit,

982 4366 1097 4415 nonest
1117 4374 1225 4415 necesse
1240 4367 1331 4414 actum
1351 4375 1438 4430 agere.
1463 4361 1506 4414 Ex
1522 4360 1605 4416 dictis
1630 4361 1783 4432 colligitur,

982 4429 1049 4502 quid
1063 4430 1230 4504 primigenia
1242 4429 1334 4502 phrasi
1350 4429 1503 4487 Usuardum
1516 4432 1662 4505 scripsisse
1677 4446 1781 4490 censea-

983 4519 1055 4558 mus.

861 4630 1052 4690 nuceium.

158 4726 392 4786 berorae-Mis.
403 4727 526 4810 Pratensi
537 4745 586 4810 pra
601 4744 677 4786 more
691 4729 725 4786 de
738 4737 836 4787 catere
846 4731 923 4787 sinii·

124 4799 169 4884 lis,
185 4807 259 4859 caret
274 4799 374 4856 ultima
387 4807 600 4857 annuntiatione
613 4801 644 4856 de
664 4803 749 4858 Beata
766 4801 811 4857 vel
835 4803 923 4858 Bene-

66 4927 73 4945 ‘
123 4874 313 5002 ιιιειξῗιιιιιιιιιι.
329 4958 415 5016 purus
427 4950 468 4999 est
488 4959 575 5016 usqne
589 4943 622 5000 ad
637 4943 759 5003 Marcelli
773 4945 923 5016 martyris;

123 5017 277 5074 inclusive:
294 5023 392 5073 cetera
406 5015 501 5072 omnia
514 5014 623 5072 desunt.

111 5104 114 5109 ·
159 5091 307 5146 lloswiive.
327 5087 406 5145 Caret
418 5086 501 5143 etiam
516 5086 547 5144 in
562 5087 616 5143 line
630 5087 842 5145 annuntiatione
856 5089 922 5146 Bee-

1013 4731 1111 4786 anti
1122 4729 1210 4801 prima
1219 4727 1316 4796 editio,
1332 4735 1430 4800 preter
1444 4729 1543 4787 iiienda
1557 4729 1689 4802 plurima,
1700 4733 1779 4790 etiam

976 4802 1083 4868 scribit,
1109 4807 1206 4857 soractae
1227 4801 1381 4857 Benedicta.
1406 4802 1531 4858 Secunda
1553 4820 1629 4871 verO,
1654 4804 1688 4860 de
1704 4806 1780 4861 Petro

977 4882 1004 4929 et
1021 4874 1105 4928 Paula
1124 4873 1221 4928 inserit
1234 4892 1240 4929 :
1265 4889 1359 4929 «anno
1371 4873 1512 4945 trigesimo
1527 4882 1624 4931 octavo
1640 4883 1704 4948 post
1719 4893 1781 4949 pas·

981 4946 1087 5002 sionem
1107 4944 1254 5001 Domini·

1012 5017 1781 5089 Annonam-Max,Uienavecr.,Lai·uien.,bovam,Aa·

979 5105 1073 5160 enac,
1089 5091 1186 5146 Diivic.
1203 5090 1317 5148 elliam.
1332 5092 1548 5148 Uareia-Bate.
1565 5089 1718 5147 ordiuntur
1732 5092 1782 5149 boc

125 5165 166 5228 te,
182 5161 262 5233 cujus
281 5161 343 5218 loco
355 5158 414 5215 haec
429 5157 528 5217 habet:
554 5185 562 5207 ι
575 5161 642 5216 Item
659 5161 762 5229 Rome,
778 5160 925 5217 Novatiani
939 5162 964 5222 D
980 5162 1079 5217 mede:
1103 5186 1111 5208 ι
1132 5163 1235 5231 Romae,
1250 5164 1339 5235 passio
1352 5164 1574 5219 beatissimorum
1592 5164 1782 5234 apestolorum

124 5240 151 5287 et
165 5232 283 5288 alierum
308 5247 517 5289 nccccixiiix.»
539 5231 676 5288 Notantur
696 5231 724 5286 hi
746 5240 880 5306 martyras
896 5233 925 5288 iu

125 5302 359 5374 hieronymianis,
375 5304 420 5360 sed
440 5303 541 5360 mirum
555 5312 597 5361 est
611 5320 661 5361 nec
675 5304 705 5358 in
720 5304 806 5374 Actis,
828 5322 879 5361 nce
895 5304 924 5360 iu

125 5373 329 5442 Pretermissis,
345 5376 431 5432 ullam
444 5392 538 5432 eorum
556 5374 617 5431 fieri
633 5374 812 5433 mentionem.
830 5376 923 5450 Sequi·

124 5449 172 5571 yur
183 5459 216 5523 ².‘
226 5444 371 5501 Fonunati
381 5448 503 5521 episcopi
518 5454 545 5503 et
559 5447 754 5505 confessoris.»
774 5448 843 5505 Vide
854 5449 923 5504 Prae·

137 5529 274 5571 ermissos.

155 5585 303 5669 'Aaronem
313 5595 340 5643 et
350 5586 548 5650 Min-Lusus.
562 5591 713 5665 incipiunt:
733 5592 852 5660 «Romae,
863 5607 922 5648 san·

125 5665 316 5740 ctissimoruai
327 5661 548 5740 apostolerum·
571 5673 624 5721 etc.
640 5664 671 5721 ln
684 5664 738 5721 fine
754 5671 856 5731 autem,
873 5680 922 5736 pre

124 5730 223 5813 Beate,
247 5744 368 5813 mrprnn,
394 5731 498 5806 legunt,
524 5743 620 5792 sancta
640 5736 785 5794 Benedictis
798 5735 920 5806 uirginis.

124 5800 197 5862 Vide
210 5799 431 5861 Observationes.

980 5233 1053 5288 Petri
1064 5240 1090 5288 et
1102 5234 1190 5289 Pauli.
1203 5235 1325 5301 Quorum
1337 5236 1412 5306 priar
1425 5236 1500 5292 cruci
1513 5236 1613 5290 ailixus
1625 5243 1676 5302 cst,
1693 5235 1783 5309 capite

978 5305 1011 5360 ad
1024 5313 1124 5361 terrain
1142 5322 1230 5373 terso,
1249 5315 1275 5360 et
1292 5308 1318 5361 in
1335 5308 1453 5363 sublime
1465 5307 1581 5379 pedibus
1595 5307 1713 5362 elevatis
1725 5325 1732 5363 :
1743 5325 1784 5364 as·

978 5377 1167 5433 screbatenim
1184 5393 1212 5432 se
1226 5378 1370 5450 indignum
1386 5397 1417 5435 eo
1432 5380 1525 5446 inodo,
1536 5396 1590 5451 quo
1607 5394 1674 5433 suns
1690 5379 1785 5436 nomi-

978 5465 1039 5516 nus,
1052 5449 1185 5520 cruciligi.
1197 5449 1318 5522 Sequens
1329 5467 1404 5519 iero,
1421 5451 1532 5523 pretiosi
1550 5450 1649 5521 capitis
1663 5450 1785 5507 obtrun-

977 5520 1094 5588 catione,
1112 5529 1227 5577 mortem
1249 5523 1395 5593 pretiosam
1412 5522 1530 5578 invenit.
1553 5522 1627 5577 l'assi
1647 5530 1715 5578 sunt
1729 5538 1786 5579 au-

978 5600 1032 5646 tem
1041 5591 1222 5648 illustrissimi
1233 5594 1342 5650 athletae
1352 5611 1424 5650 anno
1433 5592 1585 5651 [lominica
1595 5593 1786 5652 incarnationi

976 5679 1055 5718 cxxii
1070 5663 1204 5734 passionis
1218 5680 1280 5720 vere
1292 5683 1382 5722 xxxix
1399 5667 1534 5738 (Lernan.
1552 5667 1628 5722 solus
1643 5665 1711 5737 legit
1723 5682 1786 5724 ixit

976 5734 1110 5807 passionis
1125 5737 1206 5807 xxii).
1223 5761 1232 5784 ι
1255 5739 1285 5793 ln
1302 5738 1374 5793 tine:
1400 5740 1454 5793 «lii
1468 5738 1610 5794 territerio
1626 5737 1781 5809 Senoniae,

976 5814 1076 5864 sancte
1093 5807 1248 5866 Benedicta
1264 5809 1382 5880 virginis
1400 5811 1478 5868 cruci
1497 5825 1656 5883 appensae.»
