3834 6136
155 217 211 275 ⁹81
762 217 944 276 praecata
962 219 1008 275 ΕΤ
1026 219 1223 279 EPISTOLAE.
1615 219 1619 229 ¹
1762 225 1818 285 982

155 383 213 431 tem
229 385 285 426 non
300 384 427 424 revereor
440 369 506 425 ullis
524 368 557 425 de
572 368 688 441 alicujus
702 371 790 442 turpis
809 371 878 427 lucri
894 374 1001 442 prae-A
1022 372 1328 444 ‹Quiescite,inquiunt
1339 374 1438 445 (Fsarx
1448 377 1564 446 ll,rpist.
1578 379 1651 447 l),et
1659 379 1745 436 nolite
1755 397 1816 454 per·

154 462 214 518 mio
225 457 317 514 notari
327 458 514 528 argumentis;
533 475 584 515 nec
598 475 668 530 nego
679 459 707 514 in
718 459 819 532 quibus
832 460 919 517 debeo
934 470 961 517 et
1015 462 1091 534 sequi
1106 478 1154 517 eos
1168 462 1215 533 qui
1228 464 1285 518 Deo
1301 465 1420 536 perfecte
1436 465 1607 532 ministrant,
1623 483 1739 538 quorum
1754 489 1814 529 ora-

153 563 280 624 possum,
296 547 418 602 fraterna
437 546 571 602 charitate
590 548 662 603 velle
676 564 708 604 ac
722 557 815 621 optare
829 548 960 621 indigen·
1015 552 1137 608 tionibus
1151 560 1178 607 et
1191 560 1297 608 terrena
1311 553 1382 609 bella
1397 554 1538 622 sedantur,
1554 563 1581 609 et
1595 556 1781 615 recedentium
1799 578 1815 616 a

153 639 231 697 tibus
245 635 404 692 subvenire.
429 637 544 706 Oportet
557 635 631 691 eninr
647 637 805 709 episcopum
819 639 849 693 in
864 639 960 694 omui·
1014 642 1071 697 Deo
1096 641 1254 712 angelorum
1270 643 1410 713 pelluntur
1434 644 1572 711 incursus,
1595 644 1697 717 quique
1718 664 1814 704 omnes

151 729 205 785 bns
220 724 393 792 benefacere,
410 740 558 797 omnesque
581 725 702 796 recipere
717 726 822 785 fideles,
842 729 898 784 Nec
912 744 959 783 re-
1014 730 1151 787 demones
1170 738 1344 803 corruptores
1372 748 1484 803 precum
1505 733 1666 790 assiduitate
1690 737 1814 792 confun-

149 833 290 892 cognosco
310 832 353 871 me
367 814 451 871 alicui
473 822 618 886 parentum
632 832 757 871 meorum
779 818 856 872 velut
874 834 958 888 sargae
1012 819 1091 876 dunt.
1107 820 1228 877 lnduciae
1239 835 1356 893 namque
1366 838 1422 877 non
1433 822 1484 877 sub
1494 832 1609 893 angusto
1618 827 1812 895 tempore,sed

149 911 261 968 dedisse
275 905 452 972 beneficium,
468 921 503 960 ex
526 921 580 977 quo
599 913 627 960 et
646 906 805 977 reipublice
825 907 957 978 probitas,
1012 911 1063 966 sub
1090 912 1170 982 longo
1187 911 1275 983 spatio
1297 911 1479 967 concedende
1500 921 1575 980 suut,
1592 921 1623 968 ut
1640 916 1758 971 accusati
1782 934 1811 973 se

149 1007 179 1058 et
193 997 326 1056 Ecclesia
338 994 468 1059 cui,licet
485 994 625 1066 indiguus,
635 995 768 1067 praesideo
784 997 889 1052 utilitas
901 1014 957 1054 non
1012 1017 1172 1074 praeparare,
1188 1009 1215 1057 et
1231 1001 1374 1058 universos
1389 1004 1640 1061 communicatores
1655 1006 1685 1061 in
1699 1009 1809 1079 provin-

149 1086 326 1160 respondeat.
355 1081 446 1139 Habeo
460 1097 579 1154 quoque,
595 1099 646 1140 nec
659 1083 774 1156 denego,
795 1086 863 1141 tales
886 1085 956 1142 mihi
1010 1091 1061 1148 ciis
1087 1091 1189 1162 positos
1210 1092 1369 1160 convenire,
1389 1101 1416 1149 et
1437 1102 1519 1149 testes
1542 1112 1704 1168 praeparare,
1729 1107 1810 1170 atque

148 1175 391 1248 consanguinitate
414 1171 588 1243 conjunctos,
603 1191 673 1246 quos
692 1175 716 1230 si
732 1175 834 1245 adjuvo
851 1186 906 1232 tarn
926 1176 956 1232 iu
1010 1185 1105 1233 corrtra
1119 1178 1294 1234 insidiatores
1315 1195 1343 1233 se
1362 1179 1480 1250 pleniter
1495 1197 1600 1237 arurare
1615 1184 1736 1240 valeant.
1756 1185 1809 1240 Ju-

148 1267 233 1324 rebus
245 1262 432 1337 acquirendis,
449 1278 530 1335 quarn
546 1270 572 1317 et
585 1263 614 1319 iu
628 1264 691 1320 aliis
701 1282 795 1321 eornm
809 1265 954 1321 necessita·
1009 1267 1083 1322 dices
1105 1267 1178 1322 enim
1202 1276 1229 1323 et
1252 1275 1422 1323 accusatores
1447 1271 1516 1325 tales
1540 1286 1597 1325 esse
1623 1271 1733 1340 debent,
1759 1275 1807 1346 qui

148 1356 237 1423 tibus,
256 1369 312 1409 non
327 1352 459 1409 Ecclesiae
471 1351 559 1408 infero
574 1353 784 1422 detrimentum,
801 1355 857 1410 imo
871 1356 955 1412 statui
1009 1354 1085 1410 omni
1113 1363 1223 1412 careant
1248 1356 1413 1429 suspicione,
1434 1365 1461 1412 et
1483 1375 1518 1412 ex
1546 1360 1637 1415 radice
1665 1362 1807 1419 charitatis

147 1447 209 1519 ejus
223 1446 335 1502 confero
351 1453 541 1515 augmentum,
565 1446 633 1516 quin
656 1455 683 1502 et
701 1445 859 1517 reipublice
882 1446 953 1505 addo
1007 1459 1084 1499 suam
1112 1443 1267 1501 desiderent
1295 1460 1418 1518 promere
1444 1447 1619 1504 sententiam.
1650 1449 1698 1504 His
1722 1450 1807 1522 igitur

152 1536 310 1610 expedibile
330 1535 542 1592 adminiculum.
568 1536 681 1592 Nullum
703 1546 794 1593 umen
812 1545 867 1593 tam
883 1539 952 1595 mibi
1007 1541 1062 1590 mm
1079 1536 1200 1606 legaliter
1215 1552 1296 1607 qnam
1311 1543 1337 1591 et
1351 1536 1482 1607 canonice
1496 1538 1619 1608 prolatis,
1638 1539 1718 1594 etiam
1739 1557 1805 1595 om-

146 1626 300 1685 secuudum
327 1639 437 1682 carnem
462 1621 550 1679 habeo
571 1625 685 1681 charum
700 1642 750 1698 pro
765 1626 844 1698 eujus
863 1629 952 1700 turpis
1006 1626 1083 1681 nium
1106 1627 1324 1683 Christianorum
1342 1627 1524 1684 reverentiam
1537 1629 1708 1701 congaudere
1721 1631 1803 1704 depo·

148 1716 219 1773 lucri
234 1714 346 1788 praemio
361 1728 378 1767 a
392 1712 463 1768 seab
473 1713 567 1786 aliquo
574 1714 661 1770 altero
677 1714 706 1770 in
717 1715 900 1788 acquisitione
910 1733 986 1795 reg
1006 1714 1118 1783 scimus,
1134 1715 1271 1789 spirituali
1285 1715 1471 1772 intercedente
1487 1717 1645 1787 dilectione,
1662 1728 1689 1774 et
1704 1721 1803 1779 timore

144 1820 208 1862 rum
230 1810 350 1861 mercato
371 1803 553 1870 consentiam,
570 1803 644 1877 quod
667 1820 728 1860 meo
751 1820 806 1860 uon
821 1805 949 1877 congruit
1002 1803 1159 1872 Dominico,
1172 1820 1219 1876 per
1233 1820 1315 1876 quem
1330 1804 1450 1860 bumana
1463 1815 1621 1863 removetur
1635 1809 1760 1878 offensio,
1776 1817 1803 1866 et

144 1893 298 1967 proposito,
313 1898 361 1947 aut
375 1890 410 1947 ad
424 1890 516 1948 dantis
529 1893 572 1948 vel
588 1893 749 1965 accipientis
761 1894 947 1965 periculosum
1002 1895 1188 1950 Ecclesiarum
1221 1893 1367 1950 aedificatio
1395 1894 1564 1965 preponitur
1595 1898 1742 1967 universis,
1772 1907 1802 1954 ut

143 1974 281 2040 redundet
291 1980 468 2053 dispendium
481 1999 488 2048 ;
505 1980 579 2052 quod
594 1981 633 2037 ait
644 1982 795 2038 Dominus:
811 1984 863 2050 Qui
874 1991 948 2040 uruat
1003 1984 1088 2054 magis
1113 1982 1236 2037 universi
1251 1983 1287 2037 ad
1301 1982 1511 2038 aedificationem
1537 1985 1652 2041 fratrum
1676 1987 1801 2043 laborent

141 2080 247 2146 putrem
267 2078 316 2128 aut
339 2078 459 2139 ciatrem,
475 2077 524 2126 aut
537 2070 662 2140 fratrum,
683 2078 731 2127 aut
753 2089 873 2139 uuoreu,
900 2081 948 2130 aut
1001 2088 1083 2144 qnam
1098 2070 1132 2127 ad
1146 2070 1364 2139 damnationem,
1379 2072 1522 2142 quoniam,
1538 2072 1630 2145 inquit
1654 2076 1799 2145 Dominus,

142 2166 372 2238 aprnsplusguam
384 2181 430 2231 me,
447 2168 547 2218 uoueat
559 2160 704 2233 medignus
716 2163 822 2235 (blattis.
840 2180 868 2234 x,
885 2165 943 2238 37).
1000 2164 1034 2219 Iu
1048 2163 1095 2217 lroc
1114 2166 1266 2232 cognosccat
1287 2178 1375 2216 ornnes
1395 2163 1459 2230 qaia
1480 2162 1530 2216 antei
1553 2161 1614 2217 estis
1628 2163 1761 2236 discipuli,
1778 2167 1802 2221 si

143 2253 251 2312 Gratias
265 2260 355 2309 autem
371 2268 421 2323 ago
437 2250 597 2322 decoquod
612 2251 810 2320 testificamini,
824 2253 889 2326 quia
903 2271 946 2311 res
999 2251 1162 2307 dilectionem
1188 2250 1332 2306 habueritis
1359 2250 1517 2305 adiutricem
1533 2252 1623 2321 (loun.
1653 2271 1716 2322 siu,
1740 2257 1797 2327 bb).

141 2359 174 2401 ae
189 2342 333 2400 facultates
347 2340 545 2398 ecclesiasticas
561 2340 590 2395 in
604 2339 778 2396 ordinatione
792 2341 941 2415 episcopali
999 2342 1057 2399 iam
1080 2343 1155 2398 enirn
1179 2342 1295 2396 foruram
1311 2340 1448 2407 dedimus,
1464 2349 1491 2394 et
1514 2358 1530 2396 a
1553 2341 1799 2413 predecessoribus

141 2431 176 2488 ed
189 2432 339 2504 regendam
363 2437 389 2486 et
405 2430 566 2502 regulariter
579 2428 794 2502 dispensandum
810 2432 869 2487 sine
885 2448 944 2504 pre·
999 2434 1101 2489 nostris
1115 2432 1206 2487 datam
1223 2447 1280 2487 esso
1294 2429 1484 2502 cognovimus,
1497 2438 1527 2484 nt
1541 2432 1563 2485 si
1578 2431 1640 2502 quis
1653 2449 1681 2487 se
1691 2450 1798 2503 coguo-

141 2522 181 2579 tio
193 2522 312 2594 suscepi.
325 2520 377 2576 Sed
392 2529 420 2575 et
434 2519 507 2590 qaod
520 2520 587 2586 Deo,
601 2518 759 2585 miserante,
774 2519 872 2575 vestris
882 2536 944 2576 sum
998 2523 1069 2579 verit
1084 2521 1282 2587 Christianum,
1294 2520 1363 2575 illud
1374 2531 1463 2577 servet
1476 2518 1549 2591 quod
1559 2521 1690 2591 apostolis
1704 2522 1798 2578 nosci·

139 2617 281 2667 essecutus
295 2608 405 2675 studiis,
425 2608 549 2677 ingratus
564 2606 642 2663 vobis
655 2606 714 2662 fieri
731 2624 872 2681 uunquam
888 2626 943 2681 op·
998 2619 1044 2667 tur
1057 2626 1115 2667 esse
1136 2609 1281 2677 traditum,
1296 2608 1404 2665 dicente
1416 2610 1549 2681 Apostolo
1573 2610 1657 2664 Paulo
1672 2629 1678 2665 ;
1696 2611 1725 2665 Si
1738 2611 1798 2681 quia

140 2699 209 2768 tavi,
225 2699 273 2756 sed
292 2697 468 2754 humillimus
483 2697 631 2753 famulator
644 2697 784 2753 exstitisse
799 2697 941 2756 contendi.
997 2701 1069 2756 vobis
1083 2699 1282 2755 auuuutiaorrit
1292 2705 1392 2771 praeter
1406 2701 1477 2771 qrrod
1491 2699 1633 2770 accepistis,
1657 2701 1798 2756 anatliema

138 2787 343 2863 Proseqnimini
366 2787 432 2844 satis
454 2801 590 2858 superque
609 2795 765 2842 sanctarum
782 2785 943 2859 Scriptura·
997 2791 1120 2861 sitldai.
1138 2807 1157 2858 1,
1173 2788 1213 2859 9).
1240 2787 1367 2845 Christus
1389 2787 1461 2843 enim
1486 2789 1535 2843 Dei
1559 2787 1645 2843 Filius
1661 2788 1797 2845 Dominus
1873 2809 1875 2812 ’

138 2890 203 2935 rum
223 2878 381 2936 auctoritati
402 2877 584 2944 contrarium,
597 2885 624 2932 et
646 2893 783 2933 canonum
802 2890 942 2934 sacrorum
997 2890 1091 2938 noster
1104 2882 1227 2937 humano
1239 2880 1332 2952 generi
1348 2895 1396 2950 per
1408 2880 1549 2952 propriam
1561 2880 1713 2952 passionem
1725 2883 1797 2939 salu·

138 2984 198 3024 esee
212 2967 329 3024 decretis
342 2965 498 3023 adversum.
515 2967 598 3035 Ergo,
615 2974 645 3021 ut
661 2965 768 3020 ratione
778 2964 875 3037 liquet,
893 2982 942 3022 nee
997 2981 1052 3028 tem
1064 2968 1252 3042 plenissimam
1266 2968 1445 3037 condonavit,
1458 2978 1488 3024 ut
1504 2985 1554 3023 nos
1571 2969 1708 3027 liberaret.
1726 2973 1761 3027 Et
1772 2973 1796 3029 si

110 3120 115 3126 ,
136 3057 168 3113 iu
188 3057 243 3112 boc
266 3054 365 3128 probor
379 3055 461 3111 sacris
486 3053 617 3124 injuriam
640 3053 789 3124 scripturis
809 3053 939 3124 irrogare,
955 3086 977 3150 ο
997 3061 1240 3118 pessinuntem
1262 3076 1312 3114 nos
1327 3058 1437 3124 ditexit,
1454 3058 1580 3114 ucetiam
1597 3059 1706 3130 proprio
1722 3061 1794 3118 Pilio

137 3162 193 3202 uec
214 3160 349 3202 canonum
371 3160 509 3201 sacrorum
533 3142 650 3199 decretis
671 3141 792 3210 obviare,
809 3159 824 3197 a
839 3143 939 3214 quibus
994 3166 1049 3205 non
1064 3155 1195 3220 parceret,
1210 3146 1257 3202 sed
1270 3165 1319 3218 pro
1331 3146 1412 3202 uobis
1427 3144 1555 3200 omnibus
1570 3145 1651 3200 illuni
1662 3144 1791 3213 traderet,
1857 3170 1860 3174 Δ

143 3235 297 3308 apostolica
304 3227 442 3292 'duntaxat
457 3235 620 3292 anctoritate
634 3236 780 3304 roboratis,
797 3254 938 3310 nunqnam
993 3247 1024 3293 ut
1041 3254 1090 3292 nos
1105 3235 1253 3292 liberaret:
1272 3235 1379 3309 utquid
1390 3252 1439 3291 uos
1450 3251 1506 3291 non
1517 3234 1669 3303 diligimus,
1682 3232 1790 3302 fratres,

133 3323 938 3397 optomedeviare,necetiamreormeabeisinpraeter·
993 3335 1040 3383 ant
1068 3343 1113 3382 eos
1136 3333 1238 3383 temere
1263 3323 1430 3395 judicamus,
1446 3339 1510 3379 cum
1540 3322 1687 3394 pradictus
1717 3322 1791 3380 dicat

131 3405 175 3472 ito
187 3414 320 3471 deviasse.
337 3416 494 3472 Annectitis
504 3432 624 3487 quoque,
637 3417 658 3470 si
674 3416 712 3470 ita
726 3423 778 3483 est,
791 3424 823 3473 nt
839 3419 938 3487 passim
992 3417 1140 3487 Apostolus
1156 3433 1162 3470 ς
1177 3414 1264 3470 Nolite
1280 3414 1404 3482 judicare
1417 3413 1537 3480 ittoiaen,
1554 3411 1597 3465 secl
1612 3412 1658 3464 boc
1671 3410 1792 3479 judaeis

130 3504 258 3562 smaltis
272 3510 299 3560 et
311 3505 394 3559 etiarn
411 3503 520 3572 publice
537 3503 564 3556 in
582 3502 701 3573 publicis
715 3503 825 3573 placitis
839 3504 938 3561 divul-
991 3506 1084 3575 magis,
1100 3521 1132 3558 ae
1144 3505 1249 3574 portulis
1263 3504 1448 3574 offendiculam
1462 3501 1547 3572 [ratri
1557 3503 1596 3555 nel
1610 3501 1790 3558 scandalum?

132 3603 221 3670 gutur,
237 3601 374 3668 quantum
390 3591 544 3662 periculum
560 3609 591 3648 ac
604 3591 803 3649 detrimentum
817 3594 881 3650 inde
896 3596 936 3651 in·
992 3597 1081 3667 (llam.
1092 3611 1153 3662 arv,
1165 3595 1203 3666 l.)
1215 3593 1282 3648 Nam
1294 3593 1317 3648 si
1329 3592 1370 3648 illi
1382 3592 1429 3663 qui
1441 3592 1538 3646 fratres
1549 3589 1678 3661 diligunt,
1688 3607 1723 3645 ex
1732 3593 1790 3648 Deo
1863 3590 1866 3594 ‘

132 3705 254 3753 sumam,
264 3692 450 3758 quantamque
465 3683 694 3756 vituperationem
709 3685 873 3742 sacerdotali
886 3687 936 3742 rni·
991 3687 1047 3742 uati
1060 3696 1135 3754 sunt,
1152 3694 1178 3742 et
1198 3685 1294 3742 vident
1316 3687 1414 3751 Deum,
1431 3682 1499 3756 quid
1512 3699 1576 3754 ergo
1598 3683 1650 3738 erit
1667 3683 1788 3756 illisqui
1865 3686 1870 3693 '

131 3777 247 3836 nisterio
259 3776 391 3845 ingeram,
403 3772 425 3827 si
436 3789 533 3827 sanum
544 3773 619 3846 sapio
630 3773 783 3845 intelligere
794 3791 847 3832 me.
859 3776 935 3833 lstnd
990 3789 1035 3832 eos
1050 3784 1262 3849 persequuntur,
1278 3783 1305 3831 et
1328 3791 1374 3829 eos
1397 3773 1576 3839 detrahendo,
1592 3772 1787 3840 machinando,

131 3866 204 3924 mibi
219 3865 320 3921 mirum
336 3870 386 3929 est,
401 3861 475 3933 quod
490 3863 590 3932 passim
605 3863 727 3919 smaltis
739 3873 765 3920 et
780 3865 862 3920 etiarn
879 3880 935 3936 pu—
988 3866 1152 3933 accusando,
1169 3863 1325 3920 infestando
1346 3863 1476 3919 damnare
1495 3861 1670 3917 moliuntur?
1694 3862 1722 3917 Si
1745 3860 1789 3917 illi

130 3955 205 4014 blire
220 3954 248 4010 iu
264 3952 383 4026 publicis
403 3950 513 4021 placitis
527 3949 597 4004 illud
611 3949 779 4021 divulgatur,
796 3953 869 4023 quod
885 3970 934 4012 nec
988 3954 1039 4010 lllii
1056 3954 1116 4023 Dei,
1134 3957 1226 4026 procul
1242 3954 1326 4010 dubio
1338 3954 1367 4009 bi
1380 3954 1431 4009 filii
1447 3962 1511 4009 sunt
1525 3952 1639 4020 diaboli,
1656 3953 1703 4025 qui
1718 3968 1787 4008 sem·

129 4044 240 4102 occulte
267 4058 283 4099 a
303 4058 346 4097 me
368 4041 514 4112 cogitatur.
540 4040 638 4095 Utrum
654 4055 720 4094 vero
735 4040 818 4096 alicui
840 4056 873 4096 ex
890 4042 934 4099 bis
988 4061 1036 4117 per
1049 4046 1120 4102 sicut
1136 4047 1177 4101 leo
1192 4047 1302 4118 rugiens
1316 4047 1415 4103 circuit
1428 4061 1552 4118 quaerens
1566 4060 1647 4117 quem
1662 4043 1785 4112 devoret,

129 4133 242 4207 placitis
253 4133 380 4189 fecissent
394 4147 410 4186 a
425 4130 503 4186 vobis
519 4146 566 4202 pro
584 4129 636 4185 boc
649 4130 811 4203 petitionem
823 4131 933 4202 negotio
988 4134 1026 4188 ita
1045 4133 1142 4188 fratres
1158 4134 1342 4205 insequuntur
1356 4142 1387 4188 nt
1402 4134 1525 4204 perdant.
1552 4133 1603 4199 Qui
1621 4150 1688 4190 vero
1702 4133 1786 4205 adju-

129 4223 230 4290 miror,
255 4222 410 4278 inculcante
434 4220 513 4275 beato
535 4236 604 4293 papa
618 4220 732 4278 Callisto
745 4220 853 4291 (Epist.
870 4219 905 4291 l)
924 4239 930 4278 :
987 4239 1050 4278 vare
1070 4222 1167 4277 fratres
1190 4222 1342 4292 refugiunt,
1358 4222 1445 4292 majus
1460 4229 1631 4290 peccatorum
1647 4238 1717 4278 onus
1736 4241 1786 4280 ac-

135 4338 147 4362 «
165 4313 266 4369 Nullus
278 4328 342 4384 ergo
356 4311 497 4367 doctorem
507 4328 556 4383 per
570 4312 673 4382 scripta
686 4319 862 4378 accuset,nec
872 4313 932 4369 sine
986 4312 1110 4385 quirunt.
1137 4318 1163 4365 et
1187 4310 1366 4365 fraternitatis
1383 4309 1482 4364 solatio
1505 4307 1543 4361 rei
1568 4307 1702 4364 existunt.
1732 4314 1783 4381 Vn,

128 4401 207 4460 fideli
223 4407 251 4459 et
265 4402 397 4474 legitimo,
408 4402 454 4474 qui
466 4401 549 4456 etiam
560 4400 828 4472 irreprebensibilem
846 4403 930 4458 vitam
986 4400 1077 4472 inquit
1093 4399 1234 4470 propbeta,
1249 4398 1296 4467 qui
1304 4404 1396 4468 polttttt
1408 4398 1455 4452 dat
1468 4398 1553 4451 amico
1568 4413 1615 4451 suo
1629 4399 1732 4454 miluus
1746 4401 1784 4470 fei

128 4508 163 4549 ae
176 4490 413 4548 conversationem
439 4491 532 4558 ducat,
548 4498 706 4545 accusatore
721 4491 893 4561 respondeat.
915 4517 924 4539 ·
986 4503 1063 4542 auum
1082 4487 1192 4557 (liobae.
1210 4503 1240 4551 11,
1259 4485 1314 4552 tbi.
1331 4485 1366 4538 Et
1380 4486 1480 4539 iterum
1494 4484 1716 4555 sapientissimus
1730 4484 1784 4540 Sa-

128 4583 414 4657 EtpapaEleutherus
425 4590 540 4638 testatur
552 4582 651 4652 (Epist.
665 4581 809 4646 urtica,sub
819 4582 929 4652 fiuemlz
987 4577 1080 4632 lornon
1093 4575 1132 4630 ait
1148 4593 1153 4631 :
1180 4572 1311 4642 Quoniam
1331 4574 1377 4644 qui
1393 4574 1511 4643 loquitur
1527 4574 1617 4644 irrigua
1632 4591 1686 4629 nou
1699 4581 1784 4645 potest

137 4697 147 4722 ι
165 4673 219 4741 Qui
229 4673 326 4732 tratres
336 4679 464 4730 accusant
475 4672 518 4727 vel
530 4671 735 4738 infestant,uon
744 4686 791 4725 cos
801 4670 930 4741 driigunt,
989 4668 1077 4731 latere,
1104 4682 1147 4719 uec
1167 4664 1316 4736 preteriret
1331 4665 1407 4719 illum
1426 4664 1571 4734 corripiens
1592 4663 1783 4733 jardinarium

128 4763 178 4822 sed
192 4763 279 4835 magis
301 4763 454 4836 negligunt,
471 4770 498 4818 et
512 4769 626 4834 peccant
642 4761 751 4818 dicente
773 4761 906 4832 Apostolo
923 4777 928 4817 :
986 4751 1184 4823 cogitationibus
1199 4766 1258 4820 ergo
1272 4748 1348 4821 impii
1364 4751 1533 4822 iuterropotio
1548 4753 1599 4807 erit
1613 4771 1621 4806 .·
1634 4770 1784 4809 remorum

127 4859 241 4916 Dileclio
250 4859 370 4929 proaimi
381 4858 481 4912 amiam
493 4872 547 4909 uon
554 4861 682 4926 operatur
694 4857 782 4927 (Rom.
798 4870 860 4922 xrrr,
873 4853 929 4924 10),
985 4847 1072 4896 uuum
1087 4843 1161 4898 illius
1176 4842 1278 4897 auditio
1293 4841 1328 4895 cd
1346 4840 1488 4896 Dominum
1502 4844 1634 4912 perueniri
1647 4843 1683 4898 nd
1698 4858 1783 4898 corre·

124 4951 197 5007 Item
211 4948 283 5003 idem
301 4966 306 5003 :
325 4948 420 5002 Frater
433 4952 521 5002 autem
538 4945 653 5014 fratrent
666 4945 800 5014 adjurans
821 4945 931 5000 ceolla·
983 4931 1099 5001 inimum
1113 4931 1287 5002 iniquitatum
1302 4930 1376 4987 illibi
1392 4950 1400 4986 ·'
1416 4933 1541 5003 fwllistm
1553 4933 1630 4987 “ilfi-f
1644 4934 1695 4987 ³¹²st
1706 4930 1784 4984 “Mil

126 5037 212 5105 bitrtr,
225 5043 250 5092 er
263 5037 377 5091 allidens
391 5035 567 5105 dissipabitur
582 5035 675 5104 (Proo.
692 5049 774 5101 xvrrr,
791 5034 848 5103 lit),
869 5059 878 5079 .
895 5034 931 5089 Et
984 5020 1083 5088 omnia,
1097 5028 1121 5076 et
1135 5027 1261 5080 tumultus
1275 5023 1518 5080 murmurationum
1540 5037 1592 5074 nou
1610 5019 1782 5072 abscondetur

124 5145 198 5203 papa
227 5128 316 5193 Felix,
342 5142 377 5182 ex
405 5125 503 5182 divino
536 5140 587 5179 nos
622 5122 773 5178 admonens
807 5125 928 5191 oraculo,
986 5113 1062 5185 (Sap.
1087 5130 1106 5178 1,
1123 5113 1162 5184 8).
1180 5113 1242 5172 Haec
1257 5117 1331 5170 enim
1353 5117 1376 5171 si
1390 5112 1516 5185 amplecti
1538 5110 1690 5164 voluissent
1712 5123 1782 5179 pro·

126 5221 186 5278 suis
209 5217 267 5274 baec
293 5217 332 5272 ita
358 5223 518 5287 prosecutus
546 5221 588 5269 est
614 5211 750 5267 institutis
778 5227 828 5282 pro
857 5212 928 5269 loco.
984 5201 1045 5273 pt'iO
1067 5210 1280 5272 assumserat,
1306 5208 1339 5259 ad
1362 5201 1507 5274 reprobam
1532 5214 1642 5253 sensum
1666 5197 1782 5252 minime

124 5301 196 5358 Nam
222 5311 250 5357 et
277 5319 292 5359 a
319 5304 421 5359 nostris
460 5300 678 5357 antecessoribns
710 5308 790 5372 atque
825 5301 930 5356 relictis
984 5292 1159 5348 laberentur:
1176 5295 1223 5349 sed
1239 5310 1286 5364 per
1300 5294 1349 5349 Dei
1360 5294 1486 5348 timorem
1499 5304 1781 5345 sernronurnsnorum

124 5393 230 5448 sanctis
253 5393 380 5449 Patribus
405 5391 545 5447 multoties
571 5389 722 5444 inhibitum
746 5397 846 5456 est,ne
867 5389 929 5460 qnis
984 5391 1166 5456 precaventes
1191 5385 1354 5447 custodiam,
1383 5385 1455 5453 piam
1485 5390 1642 5437 sanctorum
1669 5382 1782 5437 Petrum

123 5480 241 5538 Domini
263 5481 451 5538 sacerdotibus
474 5479 658 5536 detractiones
687 5479 799 5550 irroget,
825 5486 929 5551 quanto
983 5474 1170 5530 definitionem
1186 5473 1245 5528 sine
1259 5473 1376 5544 quadam
1393 5472 1551 5528 nocumenti
1566 5470 1780 5544 praesumptione

123 5571 214 5644 magis
223 5571 414 5629 accusationes
422 5586 478 5627 uon
490 5585 524 5625 ex
533 5569 624 5626 radice
635 5568 778 5626 charitatis
790 5568 929 5641 prolatas?
983 5564 1078 5636 ntique
1105 5570 1308 5629 conservarent,
1335 5562 1465 5634 qnoniam
1495 5559 1564 5616 dicit
1592 5574 1698 5616 sacrum
1726 5559 1782 5616 elo·
