3834 6136
138 235 205 295 toll

736 246 917 305 (lPUSCULA
936 250 981 306 ΕΤ
999 253 1191 312 EPISTOLAE.
1239 260 1241 267 ’

1719 271 1788 331 tota

134 388 284 445 cessariam
308 389 394 445 vitam
417 393 497 449 istam
522 394 636 461 finierit,
658 398 882 455 communionem
904 410 932 458 et
947 405 972 464 A
988 403 1086 462 Paulus
1099 411 1239 480 apostolus
1252 412 1382 470 admonet
1396 415 1436 471 sic
1449 433 1455 471 :
1468 417 1542 485 Filii,
1560 419 1660 477 obedite
1666 428 1785 494 porenti-

134 477 297 534 societatem
312 495 374 534 cuni
390 482 484 538 electis
498 485 528 540 in
544 486 687 556 regnollei
702 485 802 543 habere
817 489 933 548 nullate·

134 581 189 620 rius
203 566 316 637 poterit,
331 582 382 623 nec
393 569 427 624 de
440 570 541 628 interni
557 573 646 645 poenis
661 581 688 629 et
702 576 859 633 daemonum
883 596 934 635 so-

133 655 235 712 cietate
250 671 373 726 unquam
390 656 502 715 liberari
517 660 630 717 valebit.
642 662 932 737 Sedsuntlortetales,

132 743 182 816 qui
193 742 342 814 privilegia
355 744 388 800 de
400 746 466 802 lacis
474 755 501 802 et
509 748 590 805 rebus
600 750 764 808 Deodicatis
774 762 932 811 sanctorum

134 830 268 887 manibus
276 831 440 889 confirmata
447 836 742 908 parvipendentes,sibi
750 843 814 913 quia
824 843 931 912 volunt,

130 937 190 976 non
205 921 271 994 quia
286 928 411 992 possunt,
434 928 734 986 excommunicationes
757 933 933 1004 usurpatori-

129 1010 185 1066 bus
201 1026 294 1066 rerum
308 1018 335 1066 et
361 1011 523 1069 facultatum
540 1017 785 1075 ecclesiasticarum
804 1023 933 1079 asanctis

131 1097 247 1154 Domini
280 1099 430 1155 intentatas
449 1100 590 1172 alleviant,
611 1104 734 1163 dicantes
758 1125 786 1165 se
808 1126 858 1183 pro
880 1110 933 1167 hoc

131 1186 210 1244 illata
223 1187 412 1256 damnatione,
430 1189 516 1246 idest
538 1193 722 1253 anathematis
740 1198 853 1256 vinculo
876 1216 932 1256 non

130 1276 221 1331 teneri
238 1275 408 1348 :dequibus
421 1288 533 1336 sanctus
547 1283 696 1355 Gregorius
711 1287 740 1341 in
764 1288 880 1358 epistola
898 1287 931 1344 ad

130 1362 320 1420 Theoctistam
338 1364 482 1435 patriciam
495 1367 563 1424 dicit
578 1370 637 1439 (tit.
650 1374 835 1444 rx,epist.39):
848 1375 930 1447 «lpsi,

130 1451 274 1525 inquiens,
289 1452 342 1508 sihi
357 1461 439 1511 testes
454 1463 529 1525 sunt,
545 1459 610 1529 qnia
621 1459 772 1517 Christiani
786 1480 842 1518 non
854 1471 929 1532 sunt,

129 1541 179 1614 qui
192 1542 340 1613 ligamenta
353 1550 454 1598 sancte
468 1545 600 1604 Ecclesiae
614 1551 700 1606 variis
715 1568 743 1607 se
768 1553 931 1610 existimant

128 1631 278 1689 conatibus
292 1632 408 1700 solvere,
423 1649 454 1689 ac
469 1651 517 1706 per
531 1636 584 1693 hoc
598 1656 649 1695 nec
663 1640 864 1699 absolutionem
879 1645 931 1700 Ec·

990 493 1037 548 bus
1049 496 1142 551 uestris
1157 498 1183 553 in
1196 500 1309 556 Domino
1325 501 1433 574 (Ephe.
1448 506 1501 575 vr).
1519 507 1549 562 ln
1561 509 1681 565 Domino
1694 522 1786 572 autem

989 582 1100 639 obedire
1116 593 1167 654 est,
1180 594 1211 642 ut
1231 589 1288 659 ipse
1311 590 1390 646 docet
1406 593 1542 651 Dominus
1559 613 1564 651 :
1581 598 1632 664 Qui
1647 608 1720 655 amat
1729 618 1786 672 pc-

990 677 1055 727 trem
1066 675 1129 743 ptus
1143 690 1223 744 quum
1246 694 1294 745 me,
1312 695 1366 734 aon
1387 688 1425 735 εει
1437 699 1477 737 me
1498 684 1593 755 digitus
1619 685 1725 755 (Mollia.
1742 690 1784 762 x).

989 761 1066 817 Unde
1080 771 1107 818 et
1122 764 1186 820 item
1205 783 1210 820 :
1227 765 1258 822 Si
1268 769 1360 822 oculus
1375 776 1435 826 taus
1460 772 1552 828 decbr
1573 777 1742 833 scandalizat
1753 785 1784 849 te,

988 864 1048 904 erae
1057 867 1115 905 eum
1126 852 1172 907 ahs
1186 859 1208 908 te
1219 855 1324 925 (motat.
1340 860 1382 928 v).
1397 884 1406 906 ι
1428 859 1508 927 Quod
1522 861 1561 916 ita
1570 863 1650 934 plane
1662 864 1691 921 S.
1700 882 1785 938 expo-

989 938 1031 995 nit
1044 941 1215 1012 Augustinus
1231 943 1328 1013 (Serrn.
1344 947 1422 1003 Dora.
1439 948 1571 1017 intricate,
1585 952 1629 1007 iih.
1646 954 1668 1023 ι)
1687 972 1693 1009 :
1715 956 1787 1010 «llic

988 1043 1054 1083 vero
1068 1044 1166 1101 magna
1180 1046 1249 1101 opus
1259 1039 1300 1087 est
1314 1034 1480 1092 fortitudine
1493 1038 1527 1093 ad
1547 1039 1671 1096 membra
1681 1043 1783 1112 praci-

988 1114 1086 1174 denda.
1103 1118 1244 1191 Quidquid
1267 1121 1341 1177 enim
1361 1127 1494 1198 estquod
1518 1127 1655 1197 significat
1674 1132 1780 1200 oculus,

987 1207 1047 1262 sine
1061 1206 1146 1262 dubio
1159 1209 1212 1264 talc
1225 1219 1266 1266 est
1280 1212 1354 1283 quod
1378 1213 1556 1271 vehementer
1575 1216 1713 1289 diligitur.
1729 1220 1784 1276 Sc-
1837 1225 1840 1230 '

987 1295 1025 1349 let
1044 1296 1118 1350 enirn
1141 1305 1170 1352 et
1193 1296 1226 1353 ab
1248 1298 1349 1371 eisqui
1371 1301 1551 1358 vehementer
1572 1305 1670 1361 volunt
1684 1309 1783 1380 expri-

987 1400 1061 1439 mere
1075 1384 1250 1442 dilectionem
1266 1404 1344 1444 suam
1360 1388 1399 1444 ita
1413 1390 1478 1458 dici,
1495 1392 1586 1464 Diligo
1596 1409 1659 1449 eum
1674 1404 1706 1452 ut
1719 1413 1782 1454 ocu·

987 1474 1044 1528 lum
1059 1490 1162 1544 meum,
1187 1484 1234 1532 aut
1252 1477 1335 1533 etiam
1352 1486 1383 1534 ut
1406 1483 1501 1537 oculos
1521 1499 1605 1540 meos.
1619 1483 1782 1559 Quanquam

986 1563 1060 1618 enim
1075 1563 1109 1619 ad
1133 1565 1284 1622 videndum
1306 1567 1352 1622 isti
1367 1570 1440 1625 oculi
1463 1572 1585 1642 corporis
1599 1562 1784 1631 communiter

985 1650 1171 1720 attendantur,
1184 1660 1212 1709 et
1221 1653 1244 1710 si
1254 1655 1334 1710 ambo
1345 1657 1473 1714 similiter
1483 1659 1672 1732 intendantur,
1687 1679 1784 1736 aequa-

128 1720 221 1776 clesie
237 1731 442 1793 quempraestat
459 1721 692 1784 fidelihusveram
709 1732 967 1810 putant,siliga·ss
986 1742 1049 1796 liter
1079 1743 1195 1814 possint,
1224 1748 1343 1818 amplius
1362 1757 1453 1805 emen
1483 1751 1636 1808 formidant
1656 1754 1783 1811 homines

129 1816 209 1865 turae
220 1807 280 1882 ejus
293 1809 384 1868 valere
399 1829 455 1869 non
476 1815 623 1872 aestimant.
647 1816 750 1874 Contra
772 1835 840 1891 quos
862 1819 930 1876 dill-
983 1830 1114 1886 dextrum
1129 1834 1265 1891 amittere.
1284 1836 1320 1891 Ut
1330 1836 1381 1892 iste
1391 1837 1428 1892 sit
1441 1855 1546 1906 sensns,
1562 1841 1697 1914 quidquid
1712 1843 1783 1899 illud

130 1896 190 1952 tius
199 1897 396 1970 disputandum
407 1918 462 1956 non
473 1904 592 1976 estquis
601 1905 771 1976 despiciendi
781 1909 930 1979 peremnia

129 1992 158 2042 et
171 1985 424 2045 anathematizandi
439 1998 514 2058 sunt,
534 2000 561 2048 et
576 1992 649 2048 unde
664 2010 693 2050 se
711 1995 807 2052 fallere
830 1997 929 2053 verita·

132 2079 188 2129 tem
203 2074 331 2144 credunt,
348 2077 412 2133 inde
425 2079 454 2134 in
468 2081 587 2151 peccatis
596 2081 653 2138 suis
663 2084 798 2140 veraciter
808 2084 929 2156 ligantur

167 2180 197 2237 Si
211 2177 258 2255 qui
272 2192 338 2239 sunt
352 2185 447 2257 igitur,
459 2187 506 2259 qui
517 2187 568 2244 suh
578 2189 691 2245 nomine
701 2189 860 2246 Christiano
871 2190 930 2246 haec

128 2271 338 2343 autpredicare
363 2276 475 2343 audent,
498 2284 545 2332 aut
568 2277 652 2333 tacita
669 2278 741 2349 apud
769 2278 929 2350 semetipsos

128 2365 233 2429 encre,
248 2377 296 2418 eos
307 2370 334 2419 ει
348 2380 398 2434 ego
423 2382 519 2422 omnes
545 2367 676 2424 catholici
700 2369 831 2440 episcopi,
847 2377 928 2441 atque

128 2447 297 2507 universalis
320 2454 453 2522 Ecclesia,
475 2456 750 2526 anathematizamus,
769 2458 834 2529 quia
849 2458 928 2512 veri-

128 2539 181 2594 tati
207 2543 347 2600 contraria
364 2547 497 2614 sentiunt,
523 2555 550 2602 et
573 2548 711 2604 contraria
735 2549 921 2621 loquuntur.»

129 2628 189 2686 lloc
202 2631 369 2703 Apostolicae
383 2637 557 2693 auctoritatis
577 2635 728 2705 decretum,
744 2638 827 2695 etiarn
845 2655 861 2694 a
875 2655 929 2695 ve-

128 2725 187 2774 stra
201 2720 337 2792 probitate
354 2723 393 2780 sic
407 2726 572 2782 assumendo
590 2724 748 2796 probatum,
765 2727 787 2782 si
809 2735 840 2783 ut
854 2727 928 2783 scri-

129 2807 225 2878 psistis
239 2810 310 2866 mihi
324 2820 365 2866 est
381 2814 549 2885 sequendum
563 2831 595 2870 ao
610 2814 767 2884 tenendum,
784 2815 879 2888 utique
902 2825 929 2872 et

127 2895 260 2953 omnihus
274 2907 375 2956 sancte
395 2900 525 2958 Ecclesiae
550 2901 625 2970 siliis,
643 2904 689 2974 qui
709 2887 928 2959 Christianitatis

127 2986 243 3042 nomine
257 2987 340 3059 potiri
354 2987 525 3060 delegerunt,
541 2991 594 3046 erit
604 2990 773 3063 sequendum
789 3006 820 3048 ac
834 2999 929 3047 tenen·

984 1926 1024 1973 est
1040 1921 1114 1991 quod
1131 1922 1169 1977 ita
1184 1923 1289 1995 diligis,
1305 1933 1337 1980 ut
1351 1942 1401 1997 pro
1418 1928 1517 1984 dextro
1532 1931 1613 1984 oculo
1631 1930 1741 1999 habeas,
1759 1931 1782 1985 si

983 2009 1194 2078 scandalizatte,
1211 2010 1239 2067 id
1253 2020 1295 2067 est
1309 2012 1332 2067 si
1344 2013 1396 2068 tibi
1407 2014 1607 2086 impedimento
1622 2026 1663 2072 est
1677 2017 1712 2073 ad
1727 2033 1783 2073 ve-

983 2112 1041 2152 ram
1055 2099 1266 2170 beatitudinem,
1282 2119 1346 2159 erue
1360 2105 1441 2161 illum
1455 2113 1482 2162 et
1497 2107 1599 2179 projice
1614 2108 1661 2162 ahs
1675 2116 1719 2164 te:
1736 2126 1781 2165 ex·

983 2186 1059 2258 pedit
1072 2189 1146 2242 enim
1159 2189 1211 2243 tibi
1223 2198 1255 2245 nt
1271 2201 1363 2261 pereat
1380 2210 1466 2249 unum
1482 2194 1581 2250 horum
1599 2212 1659 2266 quaa
1673 2196 1779 2268 diligis,

983 2281 1078 2346 utpote
1092 2284 1223 2349 tanquam
1239 2279 1362 2335 membra
1386 2280 1436 2335 tibi
1451 2280 1614 2349 inhaereant,
1637 2299 1720 2355 quam
1734 2292 1783 2340 to-

982 2371 1042 2419 tum
1058 2380 1158 2436 corpus
1175 2372 1253 2421 tuum
1269 2373 1312 2422 eat
1337 2367 1366 2422 in
1382 2367 1545 2439 gehennam.
1568 2371 1647 2442 Cogit
1661 2388 1782 2443 querere

983 2451 1144 2523 diligentius
1158 2453 1226 2525 quid
1241 2454 1344 2510 dixerit
1357 2455 1488 2512 oculum:
1505 2456 1534 2511 in
1554 2473 1608 2530 qua
1623 2459 1777 2530 quastione

983 2540 1053 2596 nihil
1063 2542 1133 2597 mihi
1139 2543 1471 2616 occurritcongruentius,
1481 2562 1562 2618 quam
1568 2547 1780 2607 dilectissimum

982 2630 1113 2688 amioum.
1128 2630 1198 2699 Nam
1211 2630 1264 2689 hoc
1278 2639 1319 2687 est
1333 2634 1429 2706 utique
1444 2634 1517 2706 quod
1537 2636 1691 2691 menihrum
1706 2645 1780 2693 recte

984 2737 1129 2794 possumus
1144 2722 1293 2794 appellare,
1310 2724 1384 2795 quod
1400 2724 1577 2782 vehementer
1591 2726 1744 2797 diligimus,
1754 2734 1782 2782 et

983 2810 1057 2867 hunc
1069 2811 1269 2880 consiliarium,
1282 2815 1346 2885 quia
1356 2815 1453 2869 oculus
1467 2825 1509 2871 est
1523 2822 1654 2888 tanquam
1665 2815 1781 2872 demon·

982 2908 1072 2956 straus
1086 2900 1156 2968 iter;
1173 2911 1201 2958 et
1214 2903 1244 2958 in
1260 2904 1342 2960 rebus
1350 2902 1468 2969 divinis,
1483 2904 1548 2976 quia
1565 2903 1662 2960 dexter
1675 2912 1716 2962 est
1729 2923 1736 2961 :
1750 2913 1782 2961 ut

982 2988 1094 3045 sinister
1102 2989 1138 3046 sit
1151 2990 1268 3048 dilectus
1278 2991 1390 3064 quidem
1400 2992 1586 3058 consiliarius,
1600 2992 1687 3048 sedin
1699 2992 1781 3050 robus

128 3072 288 3131 dumllnde
304 3092 360 3133 non
376 3077 446 3133 mihi
463 3078 606 3135 videretur
622 3079 736 3150 dignum
761 3079 927 3135 excellentia
946 3078 1100 3160 ctarrenis
1117 3080 1151 3135 ad
1165 3082 1354 3138 necessitatem
1370 3080 1493 3150 corporis
1508 3079 1729 3151 pertinentibus;
1744 3082 1780 3138 de

128 3172 222 3220 vestra
235 3166 329 3235 luisse,
346 3177 376 3224 ut
393 3167 522 3225 diceretis
536 3169 681 3224 Berthario
696 3168 771 3240 quod
790 3168 860 3223 mihi
879 3183 928 3224 re-
982 3182 1038 3238 que
1056 3166 1257 3223 scandalizante
1269 3165 1780 3238 superfluumeratdieere,quandoqui·

128 3254 270 3311 nuntiavit
283 3272 333 3312 vos
348 3255 462 3312 dixisse.
479 3256 507 3313 Si
523 3257 573 3314 hos
592 3259 770 3331 praesignatos
785 3273 861 3313 meos
874 3272 928 3312 ex·
982 3254 1045 3310 dem
1053 3271 1105 3311 nec
1113 3253 1212 3311 dextro
1220 3255 1387 3327 parcendum
1396 3256 1441 3311 sit.
1452 3256 1482 3310 ln
1492 3253 1780 3310 rebusautemdivinis

127 3346 376 3402 communicassem
394 3345 520 3402 homines
530 3346 577 3418 qui
591 3347 788 3419 taliaegerunt,
799 3355 826 3403 ει
838 3346 928 3405 adhuc
981 3344 1156 3401 consiliarius
1177 3343 1378 3400 scandalizatus
1393 3351 1443 3411 est,
1459 3342 1482 3398 si
1497 3343 1616 3414 aliquam
1636 3342 1792 3417 pernicie,

127 3441 225 3503 agunt,
235 3451 293 3489 non
308 3451 355 3490 eos
370 3412 657 3490 excommunicatione
680 3434 777 3501 teneri,
797 3435 928 3492 videlicet
982 3447 1038 3487 mm
1050 3432 1174 3488 haeresim
1186 3432 1300 3489 nomine
1311 3431 1453 3501 religionis
1464 3431 1688 3504 atquedoctrinaa
1698 3448 1778 3489 cona-

127 3521 313 3578 anathematis
329 3521 443 3576 vinculo
459 3537 514 3575 non
528 3521 618 3590 ligari.
630 3520 682 3577 Sed
697 3538 753 3577 non
763 3532 804 3578 est
814 3523 926 3592 mirum,
981 3526 1027 3574 tur
1041 3518 1203 3576 inducere·
1225 3521 1319 3592 ltaque
1328 3520 1403 3592 qnod
1417 3518 1489 3576 nihil
1500 3528 1562 3590 post
1570 3521 1659 3576 Deum
1668 3519 1780 3577 charius

126 3611 151 3666 si
166 3611 313 3683 parvitatis
341 3624 407 3662 mee
422 3608 736 3666 excommunicationem
755 3610 927 3683 parvipendi·
981 3607 1061 3664 vobis
1071 3625 1128 3665 esse
1145 3608 1242 3665 debeat
1252 3610 1359 3681 ignoro,
1375 3609 1422 3665 sed
1436 3607 1515 3664 vobis
1525 3608 1709 3680 perniciosum
1725 3617 1777 3706 est,

127 3698 175 3768 tis,
191 3715 223 3754 ac
239 3698 310 3752 forte
324 3697 541 3754 irrationabilem
563 3697 704 3770 judicatis,
729 3701 839 3774 quando
857 3717 928 3774 apo-
982 3703 1012 3751 ut
1027 3705 1122 3753 contra
1135 3697 1296 3768 religionem
1310 3707 1392 3771 atque
1406 3696 1563 3768 apostolicae
1584 3695 1657 3753 sedis
1670 3696 1778 3753 doctri-

124 3788 235 3844 stolicae
244 3787 315 3842 sedis
327 3787 643 3844 excommunicationem
655 3798 682 3846 et
693 3790 841 3863 pronihilo
851 3791 926 3847 duci·
981 3803 1045 3843 nam
1059 3786 1156 3843 obvias
1179 3803 1277 3844 manus
1300 3786 1436 3854 inieratis,
1451 3794 1478 3842 et
1494 3786 1563 3842 mihi
1578 3787 1776 3858 periculosum,

125 3880 176 3944 tis,
192 3887 221 3935 et
235 3877 384 3949 pronihilo
398 3876 551 3933 ducendam
562 3886 657 3951 utpote
666 3878 812 3935 absurdam
826 3879 926 3952 predi·
981 3876 1039 3931 imo
1052 3875 1151 3932 inutile
1166 3882 1217 3944 est,
1232 3882 1323 3932 vestro
1340 3883 1447 3932 tantum
1458 3874 1616 3932 obnubilari
1629 3890 1732 3940 amore,
1748 3882 1779 3930 ut

130 3968 210 4024 catis.
227 3964 410 4023 Praadmiror
423 3974 525 4033 tamen,
544 3966 609 4022 dum
630 3967 696 4022 talia
717 3967 821 4035 dicitis,
836 3968 860 4023 si
881 3985 926 4024 ve·
982 3966 1096 4023 tacendo
1111 3965 1191 4022 vobis
1204 3966 1300 4022 videar
1313 3966 1486 4024 consentire:
1503 3965 1569 4038 quia
1589 3964 1640 4021 etsi
1655 3971 1776 4031 acuero,

128 4064 214 4114 stram
240 4054 558 4111 excommunicationem
581 4062 630 4110 aut
650 4055 927 4129 auctoritatemque
981 4064 1009 4112 et
1022 4072 1072 4112 vos
1086 4056 1284 4123 clamaveritis,
1307 4073 1358 4113 nec
1372 4074 1422 4129 pro
1440 4057 1629 4114 taciturnitate
1642 4072 1712 4123 mea,
1728 4071 1779 4111 noc

126 4146 237 4218 exejus
252 4144 385 4217 processit
406 4143 616 4212 constitutione,
640 4143 778 4215 expendet
800 4143 924 4213 arbitrio,
981 4160 1031 4217 pro
1044 4144 1163 4201 clamore
1177 4151 1279 4210 vestro,
1296 4144 1367 4199 illud
1391 4161 1513 4216 unquam
1528 4146 1658 4217 perlicere
1671 4146 1780 4217 poteri-

126 4236 201 4308 apud
216 4236 336 4307 aliquem
352 4249 446 4289 eorum
461 4233 510 4306 qui
529 4234 581 4289 hoc
595 4233 756 4302 audiunt,si
774 4243 926 4305 tamenvo·
981 4240 1026 4294 tis.
1042 4238 1178 4296 Videlicet
1188 4253 1284 4294 omnes
1295 4238 1448 4294 decretales
1456 4239 1614 4309 apostolica
1622 4238 1702 4308 ,sedis
1714 4240 1779 4311 epi-

126 4325 172 4382 hie
190 4323 318 4390 credunt,
334 4321 441 4394 aliquid
456 4323 548 4377 valere
561 4322 715 4390 aestimatis,
731 4331 758 4379 et
772 4323 820 4395 qui
843 4323 925 4380 etiam
980 4327 1056 4383 stolae
1064 4326 1227 4398 recipienda
1236 4333 1328 4392 erunt,
1337 4333 1426 4381 etnon
1434 4324 1524 4380 solum
1536 4323 1710 4395 recipienda,
1722 4325 1779 4382 imo

125 4416 216 4472 Deum
232 4414 360 4470 timentes
370 4412 540 4483 agnitionem
551 4412 677 4469 veritatis
688 4413 837 4487 retinentes
847 4413 926 4470 vobis
980 4415 1143 4472 decernente
1158 4414 1268 4471 Gelasio
1292 4411 1489 4470 venerabiliter
1504 4419 1586 4468 erunt
1602 4411 1776 4482 recipienda.

127 4519 185 4560 non
199 4503 244 4559 his
258 4503 385 4571 credunt,
401 4518 452 4557 nec
469 4501 497 4556 in
513 4501 556 4555 sni
572 4500 665 4556 cordis
682 4502 851 4558 conscientia
861 4519 925 4559 con·
1016 4502 1105 4558 Sedet
1122 4501 1168 4574 qui
1184 4501 1282 4573 prosit,
1297 4499 1371 4572 quod
1390 4500 1420 4554 in
1435 4497 1665 4571 quaternionibus
1679 4499 1779 4554 vestris

126 4593 264 4661 sentiunt,
282 4601 444 4649 nontamen
460 4591 729 4662 possuntdevestra
750 4591 883 4662 sapientia
897 4607 928 4648 ac
981 4591 1083 4659 dicitis,
1102 4598 1133 4646 ut
1151 4605 1196 4645 eas
1210 4587 1406 4644 venerabiliter
1431 4594 1540 4643 tantum
1564 4587 1663 4658 legam,
1688 4587 1711 4642 si
1740 4588 1779 4643 eis

126 4683 272 4740 sanctitate
287 4698 342 4736 non
358 4679 508 4735 remorderi
525 4678 590 4735 :sed
605 4679 696 4751 potius
719 4679 848 4751 scrupulo
871 4687 927 4736 tam
982 4679 1176 4737 venerabiliter
1190 4677 1301 4734 obedire
1326 4692 1382 4733 non
1404 4676 1529 4743 debeam,
1554 4685 1581 4733 ει
1603 4692 1696 4732 earum
1711 4692 1780 4732 san-

127 4773 255 4830 nefandae
269 4789 301 4829 ac
314 4767 481 4827 detestandae
497 4767 733 4840 prevaricationis
746 4767 855 4838 cilensi,
873 4768 927 4825 sin·
981 4771 1086 4829 ctiones
1113 4765 1307 4825 venerabiliter
1333 4765 1411 4838 sequi
1439 4781 1496 4821 non
1524 4773 1654 4836 satagam,
1671 4764 1777 4864 ignoro.

126 4863 270 4920 ceritatem
286 4870 382 4917 vestrae
399 4857 616 4930 praestabilitatis
631 4857 794 4915 vilificatam
804 4865 852 4914 aut
863 4874 927 4915 con·
981 4857 1187 4931 appellationes
1197 4854 1390 4927 episcoporum
1404 4854 1439 4909 ad
1450 4854 1692 4952 apostolicaesedis
1706 4868 1779 4949 sum·

125 4956 234 5022 dolent,
250 4961 297 5008 aut
311 4953 452 5022 derogant.
475 4948 555 5016 Quod
571 4948 634 5004 ideo
650 4948 729 5004 vobis
746 4949 846 5021 pando,
863 4949 928 5021 quia
982 4964 1058 5004 mum
1073 4946 1229 5005 antistitem
1242 4960 1298 5000 non
1313 4943 1514 5015 comprimetis,
1528 4959 1578 5039 pec
1589 4941 1659 4996 illud
1674 4939 1779 5036 altrice·

125 5045 240 5101 metiore
262 5047 323 5098 sicot
350 5042 462 5095 vulnera
490 5039 633 5108 diligeritis,
649 5055 730 5109 quom
751 5039 928 5110 fraudulenta
981 5051 1049 5090 num
1063 5034 1214 5093 concilium
1226 5040 1325 5091 contra
1339 5028 1553 5089 innumerabilia
1566 5027 1788 5105 apostolicorum¹

125 5135 220 5191 osculo
243 5132 357 5187 odientis
381 5130 476 5197 (Proo.
491 5129 597 5198 xxvn),
620 5127 757 5184 scribente
780 5136 874 5183 sancto
893 5128 927 5185 ad
981 5127 1089 5182 decreta
1103 5124 1248 5183 vobiscum
1261 5123 1375 5188 valebit,
1391 5138 1445 5193 quo
1460 5121 1500 5175 ait
1512 5119 1546 5176 ad
1562 5120 1663 5220 locum,
1687 5117 1781 5172 «Nam

126 5230 256 5282 sanctum
279 5220 435 5291 Augustino
452 5217 664 5289 Hieronymum,
693 5216 813 5272 «Nescio
833 5224 927 5274 utrum
981 5228 1013 5276 ut
1026 5218 1112 5290 aliqui
1123 5224 1341 5291 tanquamatuae
1353 5212 1510 5270 sanctitatis
1524 5212 1608 5310 latere
1622 5215 1781 5309 mittantur,

126 5312 295 5371 Christiane
312 5307 443 5365 aniicitie
459 5305 574 5378 putandi
587 5305 654 5372 sint,
674 5305 704 5360 in
726 5304 827 5378 quibus
841 5307 928 5379 magis
981 5309 1060 5364 nulla
1073 5307 1234 5364 invenimus
1247 5315 1358 5377 patrum
1372 5301 1479 5375 synodo
1493 5305 1677 5399 constitutum
1694 5316 1700 5354 :
1718 5313 1783 5370 quta

126 5403 204 5458 valet
216 5402 329 5473 vulgare
340 5398 517 5471 proverbium
529 5414 536 5452 :
554 5394 722 5468 Obsequium
733 5395 846 5463 amicos,
859 5396 929 5452 veri·
982 5398 1053 5454 illud
1061 5396 1136 5469 quod
1146 5395 1253 5468 pridem
1264 5392 1447 5465 pereumdem
1454 5393 1783 5488 ⁰f³⁰p¹ff⁰⁰pu¹f¹f⁰mfum

130 5501 174 5549 tas
187 5491 282 5546 odium
298 5488 463 5562 parit‚quam
473 5483 853 5552 Ecclesiasticum,Fideliora
866 5492 930 5542 sarit
982 5489 1148 5546 Faustinum
1161 5491 1293 5556 tanquam
1302 5497 1338 5538 ex
1350 5488 1428 5552 parte
1441 5479 1547 5578 Nucem
1559 5476 1672 5576 concilii
1681 5473 1783 5576 arande

130 5585 245 5638 valuero
262 5583 352 5651 amici,
369 5597 449 5651 qaum
468 5579 626 5635 voluntaria
645 5577 736 5633 osculo
759 5576 877 5632 inimici.
893 5577 929 5634 Et
982 5574 1190 5642 transmisistis,
1200 5573 1230 5629 in
1239 5566 1530 5631 conciliisverioribus
1539 5583 1599 5639 quat
1610 5570 1784 5637 accipiuntur
