3834 6136
16 196 17 199 ‘
74 222 123 282 iii
595 221 911 283 ninrinoioomii.
931 256 967 269 -
985 224 1090 284 imas.
1118 226 1214 283 snm.
1495 190 1498 196 ’
1677 231 1730 290 iii

107 346 290 426 Bacuenses.
304 362 311 400 :
336 345 448 426 glloma
460 345 489 400 in
501 347 683 415 surburbano,
698 350 788 408 natale
800 351 874 408 beati
888 355 914 415 Α
928 351 1036 409 abbatis
1052 362 1080 411 et
1092 352 1267 410 confessoris.
1286 354 1392 411 Eodem
1406 353 1462 422 die,
1486 357 1577 417 natale
1590 357 1662 415 beati
1677 358 1728 416 Ge·

75 418 212 498 Victorini
222 430 348 487 episcopi
357 424 385 472 ot
396 417 534 489 martyris.
550 417 603 486 Qui
616 422 761 499 sanctitate
774 432 801 480 et
816 424 875 480 mi·
929 424 1038 480 nebaldi
1053 424 1173 496 episcopi
1184 424 1373 482 Liudunensis
1384 435 1412 484 et
1430 426 1604 496 molossoiis,
1623 428 1725 504 dequo

75 489 174 571 iaculis
183 487 344 568 praeclarus,
356 503 494 569 summum
502 489 684 548 sacerdotium
695 494 873 553 Amiterninas
929 497 1029 569 legitur
1039 496 1161 569 ingestis
1176 495 1247 553 beati
1258 497 1375 569 Remigii
1386 499 1529 556 ilemensis
1539 500 1670 573 episcopi.
1685 525 1696 549 ι

75 561 160 627 urbis,
174 567 264 614 totius
277 575 312 630 po
333 560 371 615 iili
388 560 523 618 electione
535 561 587 618 ade
608 569 660 629 tus,
684 564 735 621 suli
750 566 873 639 impera·
964 567 1111 625 durinc:
1134 593 1143 616 ι
1157 568 1273 625 Sanctus
1288 570 1427 638 Bertinus,
1443 570 1471 627 iii
1489 570 1629 628 territorio
1656 572 1726 631 Con·

76 641 130 714 tore
140 630 232 688 Neris
246 646 301 702 epu
330 646 394 686 eum
410 631 500 688 locum
515 633 562 706 qui
579 579 693 691 &otiliae
707 640 872 710 appellatur,
928 639 1071 697 stantienii
1096 647 1183 706 ortus,
1212 640 1299 712 patria
1313 640 1420 707 relicta,
1443 641 1478 697 ad
1493 649 1619 700 sanctum
1635 642 1726 700 Audo-

76 704 268 784 uhiuputentes
290 718 370 782 aquae
383 708 410 757 et
424 702 737 786 sulphureas'emanant,
761 709 873 781 idipsis
928 727 1034 767 marum
1059 711 1267 781 compatriotam
1292 729 1383 781 suum,
1405 713 1607 771 'sarcinensem
1622 713 1726 786 episeo-

76 783 160 848 capite
168 773 300 829 deorsum
308 790 404 856 iussus
413 782 454 830 est
463 776 604 844 suspendi.
614 777 694 844 Quod
705 782 872 852 comperiri·
928 799 1003 855 pnm,
1014 799 1076 839 cum
1089 783 1151 839 aliis
1163 783 1402 853 duobusveiiiens,
1418 794 1445 842 et
1458 786 1492 841 ab
1507 801 1540 842 eo
1554 786 1583 842 in
1599 802 1616 842 o
1635 801 1668 842 us
1675 785 1726 843 Dei

75 846 154 926 dnum
169 845 261 914 lieret,
277 845 396 913 gloriose
408 855 568 916 coronatus,
592 848 681 931 vietor
696 852 825 918 migravit
839 853 873 909 ad
929 854 1037 920 missus,
1053 855 1111 909 vita
1132 862 1160 910 et
1174 855 1260 927 signis
1274 855 1409 937 gloriosus
1429 855 1545 924 quievit.
1562 858 1591 914 ln
1608 802 1725 914 flexan-

75 919 254 997 Dominum.·
286 916 319 972 ln
333 916 493 1000 llerculano¹
509 928 537 974 et
551 918 697 1001 Captionis,
721 939 806 1004 purus
820 933 870 982 est.
927 923 996 992 dria,
1013 924 1037 981 N
1038 926 1124 1008 ympii
1137 934 1164 981 et
1174 926 1327 983 Saturnini.
1344 929 1375 984 ln
1388 927 1606 985 Galtiiscivitate
1620 927 1726 986 Veson-

80 989 164 1070 ilpsc
184 986 243 1056 dio,
259 986 399 1061 depositio
423 987 495 1046 beati
510 989 616 1046 Bertini
640 990 745 1050 abbatis
759 1003 786 1050 et
800 1011 872 1052 con-
927 996 1056 1064 tionensi,
1082 998 1206 1053 inventio
1231 998 1372 1055 beatorum
1390 1007 1543 1071 martyrum
1568 999 1675 1057 Fereoli
1697 1005 1724 1055 et

75 1061 219 1117 ressone»
307 1129 313 1141 .
354 1129 360 1140 ι
384 1129 389 1140 Ι
926 1067 1106 1135 Ferrutionis,
1117 1085 1132 1123 a
1144 1068 1224 1125 beato
1240 1069 1284 1125 An
1296 1086 1359 1127 ano.
1377 1079 1499 1142 tempore
1522 1069 1623 1127 loliani
1639 1070 1725 1142 impe·

86 1130 288 1214 1Ηιιιὶιιιοηξτ.
305 1135 422 1201 incipit:
446 1130 602 1212 «cedeonis
615 1135 790 1208 prophetaret
797 1135 870 1208 judi·
927 1139 1034 1196 ratoris.
1046 1139 1098 1196 Ubi
1109 1156 1125 1197 o
1146 1148 1238 1195 erante
1248 1140 1378 1208 Domino,
1392 1143 1485 1198 multas
1496 1140 1717 1199 virtutesliunt.·

73 1218 106 1286 cis
119 1202 216 1260 lsrael.
232 1200 285 1258 llic
300 1201 411 1283 Gedeon
427 1201 482 1257 luit
496 1203 569 1274 loos,
586 1205 620 1262 de
635 1207 740 1263 familia
755 1207 870 1276 duride
924 1210 985 1267 lluc
998 1210 1109 1283 respicit
1125 1156 1276 1268 iodiemus
1293 1211 1484 1270 tt'andatbsrti
1497 1213 1659 1282 versiculus,
1674 1211 1724 1286 qui

72 1274 142 1334 tribu
153 1274 290 1330 llanisse.
307 1272 420 1330 llicluii
433 1274 568 1334 salutatus
582 1277 616 1333 ab
638 1280 735 1351 angelo
749 1288 776 1334 et
790 1280 871 1335 viro-
925 1281 1015 1353 primo
1030 1282 1091 1339 loco
1106 1283 1235 1356 ponitur:

72 1363 127 1404 rum
139 1345 312 1403 lenissimus
329 1351 513 1416 nuncupatus.
530 1347 581 1405 Cui
597 1348 708 1406 Gedeon
722 1366 804 1422 super
818 1367 871 1422 po-

71 1425 138 1473 liam
161 1432 260 1475 carnes
273 1414 375 1472 obtulit
389 1415 423 1471 ad
447 1416 595 1476 edendum.
620 1421 674 1476 lste
694 1422 729 1477 ab
743 1437 790 1477 ara
804 1422 868 1479 Baal

70 1488 223 1569 destructa,
236 1486 327 1544 dictus
350 1486 485 1568 lerobaal.
512 1489 563 1547 llic
576 1501 702 1565 suscepto
717 1493 745 1547 iii
769 1494 869 1550 vellere
931 1495 1163 1568 ·lnPromia,dgi
1185 1494 1615 1568 ulphi,abbatis,martyriscum
1630 1493 1716 1551 aliis·

71 1576 122 1641 suo
135 1575 230 1640 signo,
252 1574 312 1617 cuin
332 1566 463 1639 trecentis
478 1561 575 1628 viris·
605 1570 670 1644 etc,
686 1579 745 1636 quai
760 1581 793 1619 ex
811 1565 869 1636 ipsa
924 1565 993 1623 Vide
1011 1566 1056 1623 die
1071 1511 1247 1639 precedenti.
1270 1568 1325 1623 «ln
1343 1566 1503 1638 Campania,
1520 1565 1649 1634 Quintini
1663 1565 1722 1638 epi·

72 1631 278 1688 liistonasacra
295 1636 439 1710 satisnola
459 1640 534 1688 sunt.
550 1632 695 1706 sequntur:
726 1635 777 1690 ·ln
793 1635 868 1691 Laii-
922 1654 968 1693 sco
989 1639 996 1692 i
1014 1647 1041 1694 et
1054 1637 1321 1710 confessorisilpud
1333 1639 1475 1696 Coloniam
1491 1637 1577 1710 Agrip
1597 1635 1722 1705 inam,in

72 1717 148 1782 sana,
166 1699 321 1758 Genedeudi
336 1701 457 1774 episcopi
473 1709 500 1782 et
512 1705 699 1785 contessoris.»
721 1706 755 1786 lii¹
770 1705 871 1762 Victo·
886 1709 907 1766 B
923 1656 1038 1764 occissis
1048 1709 1119 1764 beati
1134 1709 1293 1776 Clementis,
1309 1709 1450 1764 translatio
1465 1710 1551 1765 sancti
1586 1707 1720 1776 unibersi,

70 1789 141 1838 rino,
152 1772 311 1832 Herculano
321 1772 497 1855 etCapuaiiis
512 1775 694 1858 martyribus,
706 1785 771 1832 satis
784 1793 870 1858 purus
902 1838 908 1848 ‚
923 1779 1045 1906 &nedem
1068 1780 1145 1835 urliis
1159 1780 1279 1906 egiscopi
1305 1788 1332 1835 et
1349 1780 1523 1837 confessoris.
1545 1778 1649 1834 Eodem
1663 1779 1719 1846 die,

69 1851 116 1900 est.
133 1844 166 1901 ln
181 1843 254 1901 line:
286 1843 337 1900 ‹lii
359 1843 460 1912 Vtalia,
478 1854 567 1904 sancti
591 1846 696 1904 Bertini
719 1847 862 1904 abbatis.»
943 1850 1059 1920 epositio
1074 1851 1147 1906 beati
1196 1850 1321 1906 enelsildi
1343 1851 1463 1922 episcopi
1490 1848 1721 1906 Lauduncnsiset

69 1913 144 1996 liade
168 1914 281 1971 ltaliam
296 1914 352 1971 linc
365 1912 519 1986 induxerit,
546 1917 608 1976 aliis
632 1918 813 1974 divinandum
828 1935 868 1976 re·
923 1922 1099 1989 ooniessoris,
1115 1922 1149 1978 de
1164 1922 1261 2003 quoin
1277 1920 1359 1991 gestis
1371 1921 1460 1978 sancti
1474 1920 1591 2001 Remigii
1608 1920 1719 1992 legitur.

70 1986 107 2043 1111
145 2001 174 2042 ⁰·
923 1994 984 2064 lpso
999 1993 1054 2061 die,
1071 1994 1196 2048 inventio
1218 1992 1305 2049 sancti
1319 1991 1443 2048 Taurini.
1460 1991 1600 2049 Victorini
1614 1989 1721 2047 conice

146 2055 560 2116 raic.·Citiirus.·Uiriiiieoi-.:
583 2058 868 2134 «victoriniepiseopi
923 2067 1001 2120 soris.
1012 2064 1065 2131 Qui
1077 2081 1140 2121 cum
1151 2065 1245 2122 Rome
1257 2063 1293 2120 ob
1303 2063 1477 2136 sapientiam,
1492 2070 1611 2119 statuam
1620 2062 1650 2117 in
1660 2061 1721 2118 loro

71 2136 93 2186 et
102 2128 245 2200 martyris,
259 2126 365 2209 Bertini
375 2129 492 2199 abbatis,
506 2129 586 2202 cujus
600 2131 722 2188 solemne
733 2140 867 2190 monaste·
922 2135 1031 2207 Trajani
1048 2135 1202 2203 meruisset,
1219 2135 1248 2191 in
1264 2142 1414 2201 senectute,
1426 2133 1529 2192 Christi
1544 2132 1610 2190 fidei
1624 2147 1652 2188 se
1666 2138 1721 2188 tra·

72 2200 139 2257 rium
152 2206 247 2257 astat
257 2206 341 2272 Juxta
355 2201 384 2258 S.
396 2201 596 2258 Andomarum.
612 2227 621 2250 υ
921 2206 999 2274 dens,
1014 2205 1121 2280 quievit
1133 2207 1162 2262 in
1177 2222 1250 2277 pace.
1268 2206 1366 2262 Trecas
1379 2204 1503 2271 civitate,
1523 2218 1720 2261 commemora·

103 2269 272 2330 &urum
289 2278 317 2327 et
329 2271 426 2329 Commi
441 2275 473 2329 l).
491 2290 528 2330 nu
547 2273 672 2342 Cuivis,
688 2274 811 2346 signatus
826 2274 864 2333 C:
921 2278 961 2333 tio
973 2285 1130 2334 sanctorum
1144 2277 1251 2334 Savinai
1273 2275 1400 2348 virginis,
1417 2283 1444 2332 et
1458 2273 1601 2332 Saviniaiii
1619 2281 1689 2329 mart
1711 2303 1719 2315 -

78 2342 227 2401 «donorio
247 2342 392 2412 Cluniaco,
416 2344 488 2401 beati
502 2345 625 2402 llarcelli
647 2361 723 2417 papae
745 2355 773 2402 et
789 2362 866 2402 mar·
921 2349 968 2416 ris,
984 2348 1077 2405 fratris
1091 2347 1181 2419 ejus.»
1204 2347 1276 2416 Quid
1292 2347 1339 2402 hic
1352 2344 1661 2404 faciteaeon'unctioi
1705 2359 1720 2400 e

73 2413 137 2486 tyris
162 2412 283 2486 gloriosa
296 2414 331 2471 ali
359 2415 492 2472 Arvernis
507 2417 643 2488 exceptio,
669 2416 865 2473 miraculorum
921 2418 973 2477 hoc
983 2420 1057 2476 enim
1078 2419 1218 2476 Usuardus
1231 2435 1302 2475 xxiii
1314 2416 1449 2483 ianuarii,
1466 2416 1500 2473 de
1515 2416 1524 2473 i
1537 2416 1563 2473 la
1577 2431 1649 2472 xxix
1662 2415 1718 2472 Au·

72 2485 144 2542 laude
160 2487 384 2560 populorumque
397 2487 552 2560 frequentia
565 2503 622 2544 non
638 2487 812 2546 mediocriter
826 2488 867 2544 il·
921 2492 993 2564 gusti
1011 2491 1171 2547 memoriam
1186 2491 1251 2563 epit.

72 2557 168 2614 lustris.
184 2581 195 2607 ι
956 2563 1080 2619 clocam:
1104 2561 1199 2618 ‹Atmi
1214 2560 1303 2617 Patris
1317 2559 1403 2617 nostri
1418 2567 1446 2616 et
1459 2557 1625 2616 confessoris
1635 2557 1717 2637 depo·

100 2629 214 2687 liucinii:
229 2628 313 2686 Suro.
330 2630 400 2702 sign.
416 2630 485 2689 ire:
518 2630 656 2690 «Ciuitate
684 2630 752 2699 Sais,
777 2629 866 2687 sancti
919 2633 995 2701 sitio,
1012 2634 1041 2689 in
1059 2650 1125 2706 pago
1147 2631 1324 2700 Tervanensi,
1341 2631 1507 2687 monasterio
1525 2629 1600 2686 dicto
1613 2627 1717 2696 Sithiu,

71 2699 238 2774 Godegranni
250 2700 343 2773 episco
364 2702 408 2759 iet
420 2704 559 2777 martyris.
575 2726 585 2751 ι
607 2702 678 2762 Vide
699 2703 774 2761 dicta
786 2717 865 2776 supe·
939 2705 966 2760 ni
984 2707 1040 2761 vita
1054 2713 1081 2761 et
1095 2704 1236 2761 miraculis
1251 2703 1376 2784 insignis,
1393 2718 1466 2758 anno
1478 2701 1512 2757 ali
1523 2697 1717 2758 lucarnatione

72 2771 124 2829 iius
135 2772 172 2829 sd
187 2789 219 2829 iii
235 2719 414 2846 Septemiris.
920 2721 1031 2833 donini
1046 2793 1180 2843 oricum,
1199 2776 1328 2847 migravit
1341 2774 1376 2829 ad
1400 2772 1560 2829 Dominum.
1583 2770 1636 2826 Ubi
1650 2768 1716 2825 dum
1785 2786 1788 2791 ·

1001 1386 1085 1438 Nonis
1100 1388 1237 1439 Ferreolus
1249 1402 1307 1438 cuni
1321 1386 1474 1438 l'errutione
1490 1387 1614 1451 refulget.

99 2845 129 2901 lu
140 2843 279 2902 Varium.
291 2845 343 2903 suh
358 2863 435 2903 num.
446 2846 517 2904 osii
526 2846 602 2905 deest
620 2845 747 2904 Victorini
763 2854 790 2903 et
806 2847 865 2901 Ber·
919 2848 978 2905 dies
987 2847 1156 2904 caniculares
1170 2846 1252 2903 linem
1265 2845 1381 2912 iaciunt,
1392 2843 1461 2901 sicut
1474 2841 1639 2899 venerahilis
1651 2839 1715 2918 Gre-

69 2914 122 2973 lt'ttt'·
919 2919 1012 3046 gorius
1042 2919 1209 2975 Turonensis
1236 2916 1381 2989 episcopus
1400 2914 1506 2980 scribit,
1536 2912 1591 2969 line
1610 2910 1717 2969 ultimae

97 2987 290 3045 iseum:
318 2989 369 3045 «ln
384 2988 550 3046 monasterio
568 2988 740 3046 Pulsanensi.
756 2988 864 3046 dioece·
941 2991 986 3060 iei,
997 2991 1095 3046 mutati
1107 2996 1173 3045 sunt
1185 2988 1237 3045 viri
1247 2987 1335 3044 sancti
1350 2987 1448 3044 invicti
1465 2981 1715 3063 lahores‚quoniain

66 3057 102 3115 sis
112 3057 367 3132 sipontinenjuxta
377 3060 604 3129 llanlredoniam‚
625 3059 762 3130 depositio
776 3059 865 3117 sancti
880 3066 902 3127 G
916 3061 989 3119 diem
1005 3062 1104 3118 clausit
1118 3060 1259 3127 ultimum,
1275 3060 1303 3115 iii
1321 3057 1527 3126 regeneratione
1551 3054 1626 3137 ilva,
1642 3051 1716 3110 diem

65 3127 372 3187 lordanialibrtisdicti
386 3132 567 3188 monasterii·
591 3131 734 3188 ldirumin
750 3132 861 3204 proprio
915 3135 1021 3205 accepit
1053 3139 1208 3203 erpetuum,
1224 3130 1315 3186 lesum
1332 3129 1475 3187 Christum
1494 3128 1644 3205 Dominum
1668 3138 1715 3203 ¹¹⁰:

66 3199 140 3258 illius
153 3199 273 3259 cenom
287 3201 496 3275 llartyrologio,
522 3202 604 3260 toties
627 3218 642 3257 a
664 3203 745 3260 nohis
764 3204 859 3270 citato,
915 3211 1014 3260 strum.
1035 3150 1306 3283 YiaudunoClavato,
1327 3195 1577 3280 sancti-Genebaldi
1593 3209 1714 3276 episcopi

66 3273 168 3330 nullam
179 3270 296 3330 lordaiii
311 3273 388 3330 illius
404 3274 563 3331 memoriam
580 3273 650 3329 sieri.
915 3285 942 3331 et
955 3274 1129 3342 confessoris,
1141 3283 1168 3330 et
1176 3281 1276 3329 sancta
1288 3270 1381 3326 Probae
1398 3284 1539 3349 rupinis.»¹
1554 3268 1715 3346 Deinttypis

96 3342 278 3402 numdi*
301 3344 414 3402 ‘Bufde
432 3348 492 3412 ³¹2,
516 3345 682 3402 Innocentis
701 3345 854 3426 virginis.»
916 3346 1086 3402 minorihus:
1112 3346 1165 3401 «tn
1179 3343 1277 3400 Galliis
1294 3342 1408 3399 civitate
1429 3338 1651 3420 Vesontionensi‚
1672 3349 1713 3415 in-

97 3362 468 3490 moenera.:·1ipuddur
486 3415 860 3488 undiampapollatiscensi,
916 3416 1009 3472 ventio
1033 3416 1175 3472 beatorum
1205 3422 1358 3494 martyrum
1384 3409 1504 3467 Ferreoli
1528 3416 1555 3465 et
1575 3408 1713 3487 Ferrutio·

65 3484 187 3543 ouuoldo
210 3484 357 3556 Cluniaco,
383 3488 454 3545 beati
498 3487 593 3544 arcelli
610 3503 684 3559 papae
699 3498 726 3545 et
751 3496 861 3558 marty·
916 3487 994 3550 nis„
1020 3494 1085 3552 etc,
1106 3493 1238 3556 utsupra
1257 3499 1286 3539 in
1305 3480 1533 3561 deponensln
1552 3478 1712 3561 (limparis,

66 3555 100 3613 iis
111 3556 233 3630 gloriose
245 3557 281 3615 ali
294 3557 428 3616 Arvernis
442 3559 577 3633 exceptio,
591 3582 600 3604 ι
618 3565 684 3629 etc,
697 3566 820 3631 utsupra
831 3560 860 3613 in
915 3558 1042 3626 Qiiintini
1057 3555 1178 3629 episcopi
1193 3564 1220 3611 et
1234 3554 1410 3612 confessoris.
1427 3552 1565 3609 Victorini
1576 3547 1715 3606 confosso·

66 3626 257 3687 Cluitucmt.
915 3630 962 3686 ris.
974 3628 1100 3696 Quicum
1113 3629 1205 3685 llome
1220 3627 1255 3682 oli
1270 3624 1433 3697 sapientiam
1450 3638 1538 3688 suam,
1559 3628 1706 3700 statuam·

96 3698 190 3757 ulios
205 3699 417 3758 bonaco-Con:
450 3701 555 3772 «Apud
571 3700 714 3761 Coloniam
733 3699 859 3773 Agrippi·
914 3692 1714 3774 etc„etianintliahetGiiaviiii.ineditionibiisnposterip·

65 3784 138 3837 uam,
151 3769 182 3827 iii
194 3771 312 3828 ecclesis
326 3771 397 3827 beati
415 3771 576 3841 Clementis,
602 3771 746 3829 translatio
772 3771 859 3828 sancti
914 3771 1002 3837 ribus,
1032 3773 1060 3827 in
1075 3770 1130 3826 line
1142 3769 1225 3838 inter,
1240 3768 1338 3835 codem,
1364 3771 1489 3822 etsoncti
1505 3764 1620 3830 Bertini,
1650 3759 1713 3841 aliis

66 3838 207 3921 cmm
217 3841 417 3915 “⁰¹¹50l’5500l)i
428 3843 671 3970 Airiuginansium
685 3851 712 3900 et
722 3842 858 3900 contesso-
915 3842 1014 3901 litteris
1029 3842 1179 3898 inertior:
1197 3840 1249 3897 «ln
1263 3854 1332 3913 pago
1351 3835 1529 3920 Vervanensi,
1547 3838 1714 3889 monasterio

65 3911 411 3982 ris.ltomainsuouroio‚
428 3914 499 3970 beati
537 3914 812 3987 ictorinipresbyteri
832 3921 859 3970 et
913 3911 1118 3970 dictoSithiu.·
1140 3911 1256 3978 Deinde,
1288 3910 1373 3966 «almi
1393 3909 1492 3976 Patris,
1504 3930 1517 3987 ’.
1543 3911 1597 3962 ato.
1622 3901 1713 3958 ‹Lau-

65 3982 203 4056 mtrlyris
213 3980 264 4051 Qui
273 3984 419 4041 sanctitate
435 3993 464 4041 et
482 3985 623 4042 miraculis
657 3987 794 4054 nectarus,
810 4001 859 4041 sa·
913 3985 988 4042 dimo
998 3984 1123 4050 Clavato,
1135 3983 1222 4040 sancti
1234 3979 1385 4063 donenaldi
1398 3979 1517 4070 episcopi
1528 3983 1561 4057 et.
1575 3974 1713 4058 contesso-

65 4052 213 4111 oerdotium
226 4054 416 4112 Amicerrimae
442 4002 654 4131 [Amiterninaf
663 4055 749 4125 urbis,
773 4055 859 4112 totius
913 4057 961 4114 ris.
973 4056 1009 4111 Et
1018 4064 1119 4112 sanctie
1130 4053 1224 4109 Probae
1233 4067 1358 4123 virginis.
1372 4051 1403 4107 ln
1412 4051 1520 4116 celliis,
1536 4052 1650 4104 civitate
1661 4042 1713 4126 Ve-

66 4125 154 4203 ponii
168 4124 306 4183 electione
324 4134 364 4182 est
382 4126 433 4183 ade
453 4135 506 4183 tus.
533 4127 639 4186 Deinde
653 4126 688 4184 ab
709 4128 859 4184 Aureliano
913 4127 1084 4190 sontionum,
1095 4124 1219 4180 inventio
1235 4123 1375 4201 beaterum
1388 4128 1541 4191 martyrum
1559 4116 1706 4182 Ferreoli,·

63 4209 73 4263 l
109 4195 223 4253 'cecum
234 4195 298 4254 aliis
309 4197 356 4254 tici
367 4214 454 4255 servis
466 4199 722 4256 Eutioeetllarone
733 4199 859 4271 (cedetis
912 4206 976 4266 eto,
993 4205 1123 4266 utsupra.
1139 4195 1255 4250 Demum
1272 4207 1373 4246 minori
1388 4190 1563 4269 charactere:
1588 4185 1712 4268 «liudem

68 4264 107 4323 88.
121 4267 203 4325 Nerei
215 4267 375 4340 rtdcliillei)
392 4272 535 4344 relegatus,
551 4270 721 4341 sexagesimo
739 4269 858 4325 miliario
912 4268 967 4332 die,
978 4273 1136 4322 sanctorum
1148 4274 1311 4335 martyrum,
1325 4259 1446 4340 lindum,
1461 4274 1507 4383 «Lm
1519 4265 1546 4313 et
1561 4257 1712 4335 llariaiius,

66 4335 95 4392 ali
107 4336 190 4407 Urlie,
205 4339 253 4395 vis
267 4337 381 4397 Salaria.
399 4342 464 4398 inde
480 4341 654 4414 postmodum
672 4341 723 4398 sub
742 4341 858 4413 impera·
913 4337 1033 4404 Romuli,
1048 4337 1177 4402 Zenonis,
1189 4343 1217 4391 et
1230 4332 1354 4413 llaoarii,
1370 4345 1417 4410 qui
1427 4344 1467 4410 'su
1508 4326 1711 4406 Traianomar-

65 4410 232 4479 1111110111.
254 4408 349 4483 iussus
362 4418 404 4468 est
430 4412 571 4486 suspendi,
595 4436 604 4459 ·
637 4419 702 4480 etc,
727 4411 926 4485 pnre:1n1)t
948 4424 990 4465 res
999 4414 1189 4465 coronantur.»
1202 4403 1516 4481 Videannuiitiationein
1527 4397 1642 4453 lloiuaiii
1655 4408 1712 4448 mo·

66 4477 213 4561 llcmulano
222 4490 251 4539 et
260 4480 399 4565 Capuanis
407 4501 494 4566 purus
502 4494 553 4542 cst.
564 4484 644 4540 Tum:
665 4482 766 4565 «Apud
781 4482 860 4537 Flan·
933 4479 1004 4546 erni,
1019 4486 1047 4534 et
1060 4476 1211 4550 appositam
1227 4473 1375 4532 Castellum
1392 4469 1526 4527 notulam.

65 4547 138 4622 ints,
154 4560 328 4611 monasterio
341 4554 464 4625 Sithino,
487 4554 624 4628 depositio
636 4563 724 4611 sancti
753 4551 859 4609 Bertini

90 4840 230 4898 Zachariae
247 4840 398 4914 propheta,
414 4842 462 4916 qui
473 4843 508 4900 de
518 4841 639 4900 Chaldea
649 4856 733 4898 senex
744 4841 773 4897 in
785 4838 902 4915 patriam
914 4854 1050 4908 reversus,
1067 4837 1151 4912 juxta
1164 4838 1288 4910 Aegeum
1306 4834 1471 4909 prophetam
1486 4831 1559 4905 jacet
1572 4828 1712 4889 conditus.

60 4927 88 4983 lii
99 4927 207 4999 Africa,
223 4929 367 4988 beatorum
381 4931 570 4989 confessorum
585 4938 612 4987 et
626 4930 830 5004 episcoporum,
843 4928 1002 4996 Donatiani,
1013 4926 1141 4986 Presidii.
1153 4924 1299 4993 Mansueti,
1313 4921 1454 4989 Germani,
1465 4918 1587 4987 Fuscoli,
1602 4916 1650 4991 qui
1661 4929 1711 4989 pro

56 5018 203 5075 munione
217 5018 361 5077 catholica
375 5022 501 5079 veritatis
515 5021 656 5080 dirissime
669 5021 733 5079 cassi
747 5027 775 5078 et
789 5017 875 5077 exilio
889 5020 1026 5078 eliminati
1041 5028 1115 5078 sunt.
1134 5020 1210 5076 Inter
1227 5033 1296 5091 quos
1317 5015 1400 5072 etiam
1424 5012 1579 5085 episeopus,
1600 5003 1712 5062 nomine

56 5103 146 5176 utus,
160 5114 292 5166 umerus
306 5116 389 5185 atque
403 5110 585 5169 doctissimus
599 5111 653 5178 vir,
669 5118 731 5185 post
744 5109 893 5167 diuturnos
907 5110 1024 5168 carceris
1046 5109 1201 5183 squalores,
1226 5104 1357 5163 incendio
1369 5104 1560 5160 concrematus
1574 5101 1626 5151 cst.
1643 5094 1711 5150 item

54 5190 233 5268 Cappadocia
251 5197 320 5256 urbe
339 5199 452 5267 lleaten,
466 5201 555 5259 sancti
577 5198 681 5259 Cottidi
697 5198 822 5256 diaconi.
846 5196 1006 5273 [Bouittort.
1027 5197 1091 5254 cdd.
1107 5196 1138 5253 in
1151 5194 1288 5266 marpioe:
1305 5205 1317 5232 ⁸
1333 5192 1464 5256 Senones,
1481 5192 1639 5243 sanctorum
1654 5197 1711 5254 per·

55 5298 199 5347 manorum
212 5289 354 5349 Sanctiaiii
368 5299 396 5348 ct
409 5291 510 5361 Beatos,
525 5300 553 5350 et
570 5289 659 5348 sancti
672 5289 822 5363 Augustini
836 5286 984 5363 episcopi]

568 5381 579 5408 Ι

828 5414 852 5471 N
877 5414 946 5470 ΤΕ.

85 5506 129 5563 Es
144 5508 270 5578 Protea,
285 5510 436 5580 Heriiiien„
450 5512 707 5586 recep-riatur,
727 5415 877 5582 uenerati),
894 5513 1046 5570 Graecast
1059 5508 1166 5566 llotcn.

85 5652 170 5712 ⁸Non
183 5669 200 5712 a
215 5653 339 5727 margine
356 5654 386 5712 in
396 5664 503 5715 textum
523 5656 634 5730 irrepsit
648 5657 707 5714 hac
729 5671 857 5714 comme-
915 5670 982 5711 num
998 5652 1027 5709 in
1043 5651 1164 5725 margine
1178 5647 1279 5720 legitur
1293 5653 1320 5703 et
1335 5644 1447 5717 quidem
1460 5639 1714 5720 superiorillouiu·

52 5726 189 5785 motatio:
212 5727 327 5785 Senones
345 5735 495 5784 mortorum
521 5730 727 5797 Germanorum,
744 5735 810 5795 etc,
826 5733 858 5784 ut
919 5742 1001 5781 ianr.

50 5808 87 5849 οι
111 5796 255 5871 ambiguis
267 5797 380 5856 indiciis
395 5798 514 5871 conjecit
536 5800 688 5857 Sollerius:
711 5798 855 5857 sedetiam
