3834 6136
1703 208 1765 264 tato

121 187 210 282 inaa'

640 218 812 276 ardenam
834 215 1073 273 LUGDUNENSlS
1093 213 1248 272 EPISCOPl
1268 294 1271 299 .

123 374 205 430 modo
219 388 294 428 nunc
303 371 376 444 juste
388 387 420 426 ac
434 368 635 427 rationabiliter
649 367 806 425 ventilanda
822 382 917 422 eorum
932 335 958 425 h
976 382 1082 421 mensor
1096 365 1232 422 monentis
1248 380 1254 419 :
1271 362 1378 419 Altiorc
1390 356 1768 430 tenequoesiarisfflccti.1n).

122 478 205 518 causa
218 461 264 527 sit,
275 478 307 517 ac
321 459 470 515 secundum
482 476 573 515 sacras
586 460 657 531 leges
664 457 826 514 diffinienda
837 466 919 513 ante·
973 454 1072 522 Quare
1088 463 1190 523 umen,
1204 461 1235 508 ut
1249 451 1297 509 ubi
1321 448 1439 505 mendax
1457 454 1510 514 est,
1526 454 1554 502 et
1570 445 1660 502 sacris
1679 443 1771 500 obviat

124 568 204 627 qnam
215 551 249 606 de
258 549 362 605 eisdem
376 549 457 605 rebus
469 549 601 604 revestiar
610 555 753 620 potestate,
765 562 821 602 non
836 554 918 617 patet,
975 543 1086 615 regulis,
1104 543 1173 598 inihi
1184 538 1390 599 demonstretis.
1414 538 1513 593 Fateor
1527 535 1594 607 qnia
1608 550 1668 589 non
1682 533 1771 602 video,

123 642 252 715 quoniam
265 639 338 712 juste
362 656 393 696 ac
412 638 616 695 rationabiliter
639 654 684 692 eos
698 637 732 692 ab
748 636 804 692 illis
819 635 919 707 recepi,

123 736 151 786 et
165 730 228 785 illos
243 729 277 783 ah
293 728 359 799 ipsis
373 727 501 799 prohibui
526 744 531 782 :
553 726 626 800 quod
642 726 666 782 ei
682 725 860 780 evidentibus
874 725 920 780 do-

124 820 261 874 cumentis
276 817 400 889 probare,
415 824 446 872 ιιι
461 815 625 889 praescripsi,
641 824 752 887 paratus
761 813 814 869 fui.

160 909 239 978 Quod
259 907 425 980 scripsistis:
448 930 456 953 ι
482 907 629 972 Ceterum,
652 903 812 959 charissime
827 901 922 970 frater,

125 1002 159 1058 de
169 1000 310 1067 schedula,
325 999 402 1070 quasi
417 999 607 1068 episcoporum
624 992 923 1050 ‹lilliniticnem'conti-

127 1097 208 1146 nente
221 1093 248 1144 in
264 1088 376 1159 Synodo
390 1103 450 1158 quae
465 1086 537 1158 apud
551 1084 697 1140 Tusiacum
714 1084 803 1140 luerat
816 1083 922 1151 habita,

127 1179 207 1236 valde
236 1177 352 1233 miratus
374 1192 435 1231 sum
457 1174 506 1230 ubi
535 1181 562 1230 et
585 1173 722 1247 quomodo
745 1172 923 1240 adinvenisti,

127 1285 210 1343 quam
224 1275 370 1340 antequam
383 1281 431 1338 por
441 1265 587 1321 Hettonem
595 1265 728 1322 clericum
739 1272 817 1320 tuum
832 1262 924 1320 audie·

127 1359 192 1427 rim,
208 1373 349 1429 nunquam
360 1355 419 1411 vidi
433 1356 477 1410 vel
492 1371 627 1428 nusquam
640 1354 746 1422 audivi,
758 1352 804 1408 sed
815 1368 865 1408 nec
878 1351 925 1424 qui

129 1447 211 1504 riicdo
226 1447 373 1502 adfuerunt
389 1444 510 1517 episcopi
526 1461 586 1501 caui
601 1444 745 1500 sevidisse
760 1443 805 1498 vel
817 1441 926 1497 audisse

128 1536 270 1593 dixerunt.
286 1561 294 1583 ι
314 1535 350 1589 Εῑ
362 1549 411 1604 ego
427 1531 499 1588 illud
513 1549 569 1587 non
582 1531 617 1588 ab
632 1547 660 1586 re
675 1529 807 1597 admiror,
822 1529 844 1585 si
860 1528 926 1583 Har·

129 1623 227 1681 duicus
240 1623 464 1696 archiepiscopus
475 1620 523 1693 qni
536 1620 635 1689 adfuit,
648 1637 706 1676 eam
717 1637 745 1676 se
758 1637 814 1677 nou
825 1619 927 1676 vidisse

976 641 1002 687 et
1014 634 1037 688 si
1053 641 1119 689 tunc
1133 632 1275 698 vidissem,
1291 645 1346 686 non
1362 626 1598 698 subscripsissem.

1012 719 1089 786 Quod
1099 719 1212 776 dicitis:
1232 719 1285 773 «Et
1296 713 1529 772 mirandaesttua
1539 710 1702 784 prudentia,
1713 725 1775 781 qua-

978 809 1041 864 liter
1058 811 1081 865 si
1095 810 1200 882 placuit
1214 809 1286 864 hanc
1295 803 1541 873 mendacem,etin
1555 801 1736 875 quibusdam,
1746 809 1776 858 nt

977 897 1047 965 dixi,
1059 897 1143 953 sacris
1152 897 1254 970 regulis
1263 894 1423 951 obviantem
1434 888 1774 963 compilationemhabere,

978 996 1004 1043 et
1021 987 1092 1043 mihi
1104 987 1299 1055 transmittere,
1317 1001 1399 1058 quarn
1415 999 1508 1039 veram
1524 980 1628 1053 synodi
1641 979 1776 1036 delinitio

978 1095 1039 1134 nem
1055 1086 1081 1134 et
1092 1079 1176 1134 sacris
1198 1076 1302 1148 regulis
1316 1079 1515 1146 congruentem
1536 1069 1651 1136 babere,
1666 1078 1693 1124 ct
1706 1086 1721 1124 a
1736 1086 1776 1125 me

979 1167 1164 1239 qualicunque
1180 1165 1296 1237 primate
1320 1171 1368 1218 tuo
1389 1161 1473 1232 juxta
1497 1159 1609 1231 regulas
1628 1174 1717 1214 sacras
1733 1167 1778 1215 te-

980 1255 1097 1312 nendam
1122 1264 1149 1312 et
1172 1252 1338 1327 sequendam
1354 1251 1508 1322 accipere·
1532 1249 1613 1304 lllam
1625 1247 1778 1320 epistolam,

980 1361 1061 1418 quam
1075 1360 1125 1399 vos
1141 1344 1170 1398 in
1187 1342 1282 1399 eadem
1297 1340 1404 1413 synodo
1417 1356 1433 1395 a
1446 1338 1529 1394 vobis
1549 1335 1778 1410 archiepiscopali

980 1431 1220 1489 administratione
1235 1429 1365 1487 dictatam
1381 1427 1491 1485 recitari
1507 1426 1629 1494 fecistis,
1647 1442 1728 1499 penes
1736 1443 1778 1483 me

981 1526 1078 1593 habeo,
1103 1533 1131 1581 et
1148 1524 1310 1581 reminiscor
1329 1506 1453 1596 quia'ob
1468 1519 1665 1593 prolixitatem
1681 1518 1775 1591 ipsius,

981 1615 1146 1688 quibusdam
1160 1612 1358 1686 satagentibus,
1375 1610 1441 1667 huic
1462 1607 1694 1681 compendiosius
1707 1607 1780 1665 diffi-

129 1728 180 1769 nec
193 1713 302 1770 audisse
316 1712 398 1769 dixit.
415 1711 485 1766 Nam
500 1711 534 1766 ab
549 1726 581 1765 ιο
598 1711 674 1765 illam
689 1709 792 1781 accepi,
808 1718 835 1765 οι
850 1709 925 1764 rele-
942 1721 965 1780 Β
983 1704 1084 1761 nitioni
1099 1704 1222 1761 collecta
1232 1701 1455 1773 subscripsimus.
1470 1697 1540 1754 Nam
1551 1704 1682 1754 vestrum
1694 1696 1779 1753 Tetra·

130 1819 195 1875 gens
216 1801 363 1859 transcribi
382 1800 463 1871 jussi,
488 1806 515 1854 et
535 1799 700 1872 transcripta
713 1807 754 1855 ιιι
769 1815 816 1871 per
832 1814 928 1854 manus
983 1794 1072 1852 sticcn
1082 1791 1196 1849 domino
1206 1791 1263 1862 regi
1277 1789 1438 1848 devotivum
1450 1786 1658 1860 praemittentes
1672 1785 1780 1843 itainci·

129 1892 247 1949 duorum
266 1892 387 1949 ecclesiae
404 1890 473 1946 inihi
486 1890 639 1946 commissa
655 1889 846 1957 diaconorum,
862 1905 928 1961 quo·
983 1884 1058 1956 pitis,
1075 1890 1170 1939 salicta
1190 1880 1319 1955 Synodus
1341 1886 1507 1951 congregata
1529 1877 1560 1932 in
1580 1876 1653 1932 villa
1673 1875 1781 1932 'lusiaco

129 1999 190 2037 rum
205 1998 278 2036 unns
293 1981 472 2048 Teutlandus,
489 1979 558 2035 alter
572 1987 686 2034 vocatur
696 1979 866 2050 Hartgarius‚
881 1977 928 2050 qui
983 1972 1120 2027 Tullensis
1133 1969 1279 2042 parochiae.
1297 1971 1329 2025 ln
1345 1968 1397 2024 hec
1410 1973 1502 2023 autem
1516 1983 1581 2038 quae
1595 1964 1709 2038 incipit,
1719 1963 1779 2021 em

129 2068 187 2124 scio
202 2068 276 2141 quod
290 2068 419 2122 nesciunt
433 2066 599 2139 apostolicas
614 2065 818 2139 autsyuodicas
834 2066 928 2138 depra·
984 2065 1012 2122 in
1026 2064 1139 2120 nomine
1151 2064 1201 2119 Dei
1217 2061 1427 2134 omnipotentis,
1443 2059 1569 2132 primum
1589 2056 1671 2113 istud
1686 2057 1723 2112 ita
1736 2057 1779 2112 in-

130 2173 195 2212 vare
210 2156 254 2211 vel
271 2155 426 2211 diminuere
441 2155 572 2227 epistolas
589 2175 594 2211 :
612 2157 685 2229 quod
699 2173 714 2210 a
729 2173 772 2212 me
787 2171 928 2228 nunquam
984 2153 1065 2209 choat
1079 2150 1251 2223 capitulum:
1274 2151 1322 2206 ‹ln
1332 2149 1431 2222 primis
1438 2148 1535 2220 igitur,
1545 2153 1665 2218 propter
1672 2145 1781 2218 pertina-

131 2245 301 2313 didicerunt,
315 2244 450 2316 quia,Dec
464 2250 544 2311 teste,
561 2260 610 2316 ego
625 2245 834 2317 hocnunquam
850 2260 929 2316 agere
984 2241 1055 2298 ciam
1079 2240 1242 2305 multorum,
1266 2238 1315 2311 qui
1338 2254 1401 2296 cum
1417 2236 1474 2293 sint
1496 2235 1640 2307 sacrilegi,
1657 2234 1782 2307 templum

131 2335 302 2408 presumpsi.
319 2333 398 2400 Quod
412 2350 478 2390 vero
502 2350 552 2389 vos
570 2332 674 2402 dicitis,
691 2351 742 2390 nec
756 2334 864 2391 audisse
880 2349 930 2388 nec
985 2337 1035 2392 Dei
1051 2335 1080 2390 in
1096 2333 1250 2406 semetipsis
1261 2339 1480 2405 corrumpentes,
1495 2346 1590 2388 sacras
1605 2347 1651 2387 res
1666 2346 1702 2386 ex
1717 2329 1782 2385 obla·

130 2425 234 2482 vidisse
249 2440 319 2493 eam,
336 2432 363 2480 et
377 2422 564 2480 authenticam
580 2422 787 2488 diffinitionem,
808 2438 868 2494 qua
883 2438 931 2478 se-
986 2424 1060 2481 tione
1080 2431 1106 2479 et
1122 2430 1186 2479 voto
1201 2421 1325 2478 fidelium
1339 2421 1424 2477 sacris
1435 2419 1504 2476 locis
1517 2418 1696 2475 contraditas
1714 2418 1782 2474 iuva·

131 2515 254 2570 cundum
269 2529 358 2569 sacras
374 2513 444 2584 leges
459 2513 489 2567 in
512 2512 607 2568 eadem
626 2512 733 2584 synodo
756 2510 866 2566 decreta
880 2516 930 2578 est,
985 2514 1049 2570 dere
1075 2530 1131 2569 non
1157 2513 1271 2580 timent,
1297 2511 1444 2567 statuimus
1476 2509 1636 2567 secundum
1672 2510 1785 2582 regulam

133 2604 178 2658 cui
191 2610 217 2656 et
233 2602 376 2657 vobiscum
390 2600 576 2670 interlui,vos
591 2600 692 2656 hahere
707 2599 931 2670 multumprecor
981 2604 1128 2675 ‚antiquam
1143 2609 1251 2675 patrum
1277 2610 1445 2668 nostrorum,
1467 2606 1498 2654 nt
1512 2599 1537 2655 si
1553 2600 1620 2673 quis
1635 2598 1783 2655 oblationes

132 2689 209 2744 illam
226 2690 294 2745 mihi
318 2689 437 2758 ostendi,
458 2699 489 2746 ut
503 2699 531 2746 et
544 2691 601 2764 ipse
617 2705 809 2765 recognoscere
824 2688 931 2743 valeam
986 2695 1139 2762 fructuum,
1156 2702 1183 2750 et
1197 2708 1289 2748 reruni
1303 2691 1427 2747 omnium
1443 2707 1503 2763 quae
1514 2689 1660 2747 ministris
1674 2690 1786 2747 ecclesa

133 2777 162 2832 in
179 2778 237 2849 ipsa
252 2793 364 2831 niarium
376 2793 442 2832 meaa
450 2778 671 2851 subscriptionis.
685 2779 747 2834 Scio
760 2786 852 2834 tamen
867 2775 933 2849 quia
987 2783 1178 2851 conferuntur,
1199 2791 1247 2838 aut
1261 2783 1383 2838 collectae
1399 2789 1475 2848 sunt,
1487 2788 1570 2836 extra
1579 2781 1728 2837 ecclesiam
1740 2797 1785 2836 ac·

135 2864 249 2920 interfui
265 2864 294 2919 iss
309 2864 368 2935 ipsa
379 2865 496 2936 ⁸511⁰<102
514 2876 541 2922 et
553 2868 717 2924 reminiscor
732 2883 850 2940 quorum
865 2882 932 2938 spe·
987 2873 1078 2944 cipere
1086 2872 1128 2927 vel
1139 2872 1203 2928 dare
1214 2870 1332 2926 voluerit
1338 2876 1437 2942 preter
1446 2869 1783 2941 conscientiamepiscopi,

133 2954 240 3012 cialiter
250 2950 440 3009 admonitione
452 2952 518 3008 huic
526 2953 689 3010 diffinitioni
699 2954 869 3010 succinctius
878 2952 933 3008 col·
988 2961 1032 3015 vel
1045 2960 1105 3032 ejus
1119 2960 1167 3033 qui
1183 2960 1352 3017 constitutus
1365 2966 1407 3015 est
1423 2959 1456 3015 ab
1471 2976 1504 3016 ao
1518 2959 1557 3016 ad
1571 2959 1783 3033 dispensandum

135 3045 212 3102 lecte
227 3041 414 3114 subscriptum
428 3051 478 3098 est.
490 3040 569 3107 Quod
582 3041 714 3114 adjicitis,
728 3042 793 3114 quia
806 3040 933 3097 divinare
950 3077 972 3136 C
987 3048 1079 3105 officio
1093 3050 1279 3106 eeclesiastico
1296 3048 1437 3120 disposita,
1454 3056 1510 3105 tam
1528 3048 1617 3120 isqui
1633 3050 1692 3117 dat,
1708 3064 1782 3121 quam

134 3150 190 3190 non
206 3132 304 3188 valetis
316 3131 390 3188 unde
403 3132 566 3188 adinventio
580 3134 633 3187 ista
648 3131 799 3199 emerserit,
808 3129 865 3201 jam
877 3145 932 3185 non
989 3137 1013 3193 is
1032 3137 1079 3211 qui
1104 3139 1214 3210 accipit,
1234 3140 1378 3195 anathema
1400 3138 1437 3193 sit
1457 3136 1568 3209 judicio
1592 3137 1785 3211 omnipotentis

134 3232 175 3279 est
194 3222 273 3279 vobis
301 3238 409 3279 necesse
432 3222 502 3279 illud
521 3222 658 3290 divinare,
681 3222 746 3296 quia
762 3238 810 3294 per
826 3237 869 3277 me
885 3218 933 3293 qni
989 3226 1049 3295 Dei,
1059 3225 1113 3282 nisi
1124 3227 1281 3298 resipuerit,
1292 3235 1424 3300 perpetuo
1432 3225 1595 3292 damnatus,
1608 3236 1638 3283 et
1648 3228 1779 3299 reliqua.-

134 3311 273 3368 humanus
288 3311 371 3367 homo
386 3328 459 3380 sum,
476 3313 529 3368 hoc
543 3313 648 3369 interea
660 3311 780 3380 rescitis,
800 3311 864 3368 etsi
880 3326 934 3365 au·
990 3315 1042 3373 Cui
1058 3316 1168 3373 decreto
1183 3323 1210 3372 et
1226 3333 1275 3373 vos
1289 3317 1319 3372 in
1333 3316 1449 3388 epistola
1472 3323 1566 3372 vestra
1589 3316 1630 3373 ita
1645 3316 1785 3373 concinere

135 3403 286 3460 thenticam
311 3403 380 3459 mihi
396 3403 572 3460 ostenderitis
594 3420 654 3477 quae
682 3403 762 3459 aliter
787 3419 815 3458 se
837 3401 935 3457 habeat
989 3403 1136 3475 videmini,
1152 3405 1225 3460 inter
1239 3406 1294 3462 alia
1307 3406 1473 3478 inquientes,
1483 3404 1584 3461 dicunt
1594 3407 1671 3471 euim
1682 3404 1734 3474 illi,
1743 3403 1785 3477 qui

136 3489 259 3546 divinam
271 3506 329 3546 esse
338 3490 573 3559 demonstrabitis,
590 3492 654 3563 quia
670 3508 719 3547 nos
734 3490 848 3547 humani
864 3490 935 3548 hanc
990 3494 1018 3549 in
1029 3494 1099 3551 coelo
1114 3500 1228 3565 regnant
1242 3494 1311 3550 etin
1326 3500 1400 3550 tarra
1414 3493 1560 3551 miraculis
1570 3492 1783 3565 coruscant,qui

135 3579 166 3633 in
181 3579 275 3634 eadem
290 3578 397 3650 synodo
415 3579 595 3634 constitutam
610 3586 637 3634 et
650 3579 842 3634 confirmatam
857 3597 934 3636 vera·
990 3593 1017 3640 et
1036 3600 1120 3656 usque
1134 3583 1216 3640 hodie
1232 3584 1376 3641 nobiscum
1386 3584 1497 3652 vivunt,
1508 3591 1538 3639 et
1552 3570 1785 3642 cum'succeacn'-

137 3668 207 3722 citer
219 3665 358 3721 novimus.
990 3672 1042 3729 bus
1064 3673 1167 3730 nostris
1189 3689 1275 3747 usque
1298 3674 1507 3746 inperpetuum
1531 3674 1646 3743 vivent,
1663 3672 1785 3746 quonian

173 3753 252 3823 Quod
260 3753 425 3827 adjungitis:
444 3755 529 3822 «Qua
544 3754 615 3812 sicut
630 3770 664 3811 ex
677 3754 721 3811 his
735 3756 878 3813 evidenter
889 3774 934 3831 po·
990 3760 1063 3832 apud
1082 3763 1169 3818 Deum
1184 3770 1225 3818 est
1244 3777 1349 3819 merces
1371 3778 1476 3818 eorum.
1501 3761 1531 3818 Si
1550 3762 1617 3834 quis
1643 3760 1786 3820 oblationes

138 3853 179 3901 tes
189 3859 361 3915 cognoscere,
373 3861 434 3916 quae
451 3843 503 3899 tibi
521 3850 617 3899 contra
633 3845 859 3916 praesumptiones
875 3853 937 3903 tuas
992 3849 1112 3906 ecclesias
1126 3858 1205 3906 extra
1223 3850 1368 3906 ecclesiam
1388 3850 1512 3922 accipere
1528 3851 1572 3905 vel
1593 3851 1661 3907 dare
1675 3848 1786 3906 voluerit

140 3934 233 3990 studui
249 3932 377 3999 scribere,
394 3933 422 3986 in
437 3931 601 4004 quibusdam
612 3933 697 3988 sacris
715 3935 816 4006 regulis
831 3934 934 4003 obviat,
993 3946 1090 4011 praeter
1107 3939 1305 3996 conscientiam
1318 3939 1449 4012 episcopi,
1466 3940 1510 3996 vel
1527 3938 1590 4011 ejus
1601 3940 1649 3999 cui
1665 3939 1754 4012 bojas.

141 4030 167 4077 et
191 4018 350 4076 niendacem
373 4019 450 4075 illam
473 4018 604 4076 facillime
620 4038 712 4093 posses
734 4022 885 4091 advertere,
913 4024 936 4079 si
1028 4028 1101 4085 Medi
1118 4028 1209 4084 officio
1224 4027 1455 4096 commissasunt‚
1467 4043 1594 4086 naccum
1606 4026 1786 4100 ejusvcluerit

141 4111 206 4166 illos
219 4110 315 4165 oculos
328 4108 470 4166 habuisses
481 4109 617 4181 incapite,
635 4110 668 4166 de
683 4111 783 4183 quibus
797 4112 938 4184 Scriptura
993 4134 1071 4190 agere
1093 4116 1222 4186 consilio,
1240 4118 1387 4173 anathema
1408 4117 1453 4173 sit.
1480 4116 1644 4175 Anathema
1656 4115 1784 4175 autemin

141 4199 230 4257 dicit:
248 4199 323 4255 Oculi
337 4198 461 4270 supinatis
477 4199 505 4253 in
519 4200 602 4271 cupita
616 4199 673 4269 apua
684 4201 782 4272 (Eorta.
798 4202 841 4274 n).
855 4201 937 4268 »Ωιι
993 4205 1114 4261 llcmana
1140 4206 1232 4277 lingua
1245 4205 1372 4260 alienatio
1388 4205 1589 4279 interpretatur
1601 4224 1608 4262 :
1626 4207 1694 4280 quia
1705 4203 1785 4263 amnis

141 4291 189 4346 illa
202 4290 267 4358 sint,
284 4306 343 4362 quae
353 4296 449 4345 contra
462 4289 689 4361 praesumptiones
702 4306 775 4347 meas
790 4291 938 4364 scripseri-
993 4294 1058 4351 talia
1073 4294 1188 4362 faciens,
1203 4292 1326 4367 quandiu
1342 4294 1441 4351 inillis
1457 4304 1559 4363 manet,
1577 4296 1647 4353 licet
1661 4312 1714 4352 nos
1730 4293 1786 4366 epi-

141 4381 188 4449 tis,
213 4380 243 4434 in
265 4379 366 4452 quihus
384 4377 527 4435 evidenter
548 4394 655 4451 possem
675 4396 849 4453 cognoscere,
873 4381 976 4478 quiaD
993 4382 1079 4454 scopi,
1098 4382 1146 4454 qui
1162 4382 1190 4438 iu
1205 4383 1349 4455 apostolis,
1364 4392 1465 4439 etcum
1475 4384 1624 4456 apostolis,
1634 4391 1786 4440 ncnncstro

142 4468 201 4524 haec
215 4467 346 4524 diffinitio
360 4467 389 4522 in
404 4465 570 4539 quibusdam
584 4468 668 4525 sacris
685 4469 787 4541 regulis
802 4469 936 4540 obviaret,
993 4472 1103 4540 merito,
1119 4472 1165 4528 sed
1183 4472 1270 4544 gratia
1286 4472 1383 4528 divina
1407 4472 1511 4544 ligandi
1534 4480 1562 4529 et
1577 4473 1709 4530 solvendi
1722 4479 1786 4545 pote

143 4556 249 4628 ignoro,
266 4572 316 4612 nec
332 4573 367 4610 ex
386 4557 496 4627 scriptis
511 4548 610 4612 v'estris
626 4573 669 4611 me
684 4574 739 4612 non
752 4558 857 4629 agendo
871 4575 936 4630 praa·
992 4569 1089 4617 statem
1106 4561 1268 4634 accipimus,
1290 4561 1430 4617 interdum
1455 4561 1548 4618 divini
1572 4580 1673 4620 sensus
1696 4559 1785 4634 ignari,

86 4690 91 4697 .
143 4645 290 4717 sumpsisse
306 4660 480 4714 recognosce,
490 4645 555 4716 quia
569 4660 612 4699 me
628 4660 662 4700 ex
677 4645 783 4702 actibus
797 4648 937 4703 conscien·
992 4650 1133 4706 interdurn
1150 4667 1210 4723 qnae
1228 4651 1445 4706 committuntur
1459 4651 1627 4720 nescientes,
1645 4646 1784 4725 aliquando

143 4733 189 4788 tia
204 4748 270 4787 mere
286 4749 334 4803 pro
354 4734 424 4790 scire
447 4736 594 4807 perpendo,
623 4751 678 4790 non
704 4752 739 4792 ex
763 4737 939 4794 denotatione
993 4740 1075 4795 etiam
1090 4738 1238 4795 commissa
1253 4745 1282 4794 ut
1296 4736 1409 4810 expedit
1432 4738 1573 4811 corrigere
1588 4755 1646 4796 non
1660 4739 1783 4802 valentes,

144 4820 342 4893 scripturarum
367 4830 519 4878 vestrarum
542 4822 651 4894 dejicio.
672 4822 751 4889 Quod
767 4823 860 4881 dicitis
875 4825 940 4898 qnia
994 4844 1054 4899 quae
1064 4834 1165 4882 statuta
1176 4835 1240 4882 sunt
1254 4827 1367 4899 exsequi
1392 4826 1616 4897 dissimulemus,
1642 4828 1688 4884 vel
1710 4826 1782 4883 etiam

145 4909 304 4967 mendacem
321 4909 398 4965 illam
411 4926 468 4966 esse
482 4911 614 4967 facillime
624 4927 731 4983 possem
746 4913 898 4982 advertere,
915 4914 938 4970 si
994 4914 1173 4986 negligamus,
1190 4923 1221 4970 ut
1238 4916 1320 4970 talem
1335 4915 1476 4971 hominem
1491 4915 1526 4971 ab
1538 4917 1667 4975 Ecclesia
1682 4925 1710 4975 et
1722 4915 1782 4971 fide·

144 5000 208 5056 illos
222 4999 318 5056 oculos
334 4997 491 5054 habuissem
502 4999 640 5071 incapite,
654 4999 688 5055 de
702 4999 803 5072 quibus
817 5000 938 5074 Scriptu·
995 5002 1064 5057 lium
1076 5001 1206 5058 societate
1230 5002 1503 5059 excommunicantes
1530 5020 1588 5060 uon
1611 5016 1780 5077 segregemus,

50 5083 59 5099 ‘
145 5087 362 5145 radicitzomti
376 5088 502 5158 sapientis
517 5086 642 5158 incapite
656 5087 723 5157 ejus,
740 5089 804 5144 illos
825 5106 868 5145 rue
885 5090 938 5147 ha·
992 5088 1047 5162 jam
1063 5098 1154 5146 umen
1178 5090 1291 5147 asacris
1312 5089 1465 5148 canonibus
1484 5092 1781 5149 excommunicatura

144 5176 208 5232 berc
226 5177 321 5232 oculos
338 5193 392 5232 non
411 5176 495 5247 jacto,
518 5176 565 5232 sed
580 5176 686 5232 utinam
701 5178 849 5250 adepturus
863 5178 940 5236 desi·
995 5179 1199 5251 praedamnatus
1212 5189 1264 5248 est,
1283 5180 1370 5237 donec
1385 5188 1529 5253 peccatum
1546 5181 1620 5238 illud
1637 5183 1749 5247 deserat,
1761 5182 1780 5231 rt

146 5265 221 5321 dero.
247 5267 302 5324 Nec
325 5267 389 5322 illos
403 5265 570 5338 sapientium
587 5265 686 5321 habere
701 5266 775 5334 volo,
792 5267 825 5322 de
840 5269 940 5341 quibus
996 5286 1043 5342 per
1056 5270 1271 5328 satisfactionem
1291 5271 1519 5341 ecclesiasticam,
1543 5281 1571 5328 et
1597 5270 1779 5330 sacerdotalem

146 5353 248 5411 dicitur
265 5372 270 5409 :
290 5357 422 5428 Sapientes
437 5363 499 5412 sunt
512 5362 541 5411 ιιι
554 5355 657 5426 sociant
671 5357 755 5424 ιηοιο,
774 5357 835 5412 bana
846 5364 941 5413 >uuum
996 5361 1259 5430 reconciliationem,
1269 5361 1379 5416 Domini
1388 5361 1516 5434 gratiam,
1531 5369 1559 5418 ιι
1570 5363 1698 5419 fidelium
1710 5358 1779 5417 socie·

147 5439 233 5508 locere
246 5445 364 5500 nesciunt
379 5446 447 5516 (Jer.
459 5446 511 5517 iv).
530 5446 586 5502 Nec
600 5447 662 5516 plns
679 5446 743 5502 volo
754 5461 847 5518 sapere
857 5462 940 5519 quam
996 5457 1079 5506 tatem
1094 5451 1207 5524 recipiat
1222 5470 1227 5507 ;
1245 5459 1271 5507 ιι
1286 5451 1444 5524 quicunque
1456 5451 1486 5506 in
1501 5453 1625 5524 peccatis
1637 5451 1695 5508 suis
1711 5456 1735 5506 et
1745 5455 1781 5501 u-

148 5535 255 5599 oportet
269 5546 371 5602 supero,
388 5535 434 5589 sed
445 5532 579 5605 saperead
588 5533 763 5590 sobrietatem
776 5534 862 5603 (Rani.
875 5536 941 5608 ιιιι),
996 5537 1068 5593 libus
1082 5539 1230 5597 sceleribus
1244 5539 1412 5617 implicatus,
1429 5547 1493 5598 ante
1508 5540 1725 5600 satisfactionem
1737 5547 1780 5590 nr
