<?xml version="1.0" encoding="UTF-8"?>
<!DOCTYPE html PUBLIC "-//W3C//DTD XHTML 1.0 Transitional//EN"
    "http://www.w3.org/TR/xhtml1/DTD/xhtml1-transitional.dtd">
<html xmlns="http://www.w3.org/1999/xhtml" xml:lang="en" lang="en">
 <head>
  <title>
</title>
<meta http-equiv="Content-Type" content="text/html;charset=utf-8" />
  <meta name='ocr-system' content='tesseract 3.04.00' />
  <meta name='ocr-capabilities' content='ocr_page ocr_carea ocr_par ocr_line ocrx_word'/>
</head>
<body>
  <div class='ocr_page' id='page_1' title='image "./patrologiaecurs76unkngoog_0576.png"; bbox 0 0 3834 6136; ppageno 0'>
   <div class='ocr_carea' id='block_1_1' title="bbox 78 201 148 266">
    <p class='ocr_par' dir='ltr' id='par_1_1' title="bbox 78 201 148 266">
     <span class='ocr_line' id='line_1_1' title="bbox 78 201 148 266; baseline -0.043 0"><span class='ocrx_word' id='word_1_1' title='bbox 78 201 148 266; x_wconf 79' lang='lat' dir='ltr'>trit</span> 
     </span>
    </p>
   </div>
   <div class='ocr_carea' id='block_1_2' title="bbox 22 359 712 2789">
    <p class='ocr_par' dir='ltr' id='par_1_2' title="bbox 112 359 640 538">
     <span class='ocr_line' id='line_1_2' title="bbox 112 359 630 440; baseline 0.017 -22"><span class='ocrx_word' id='word_1_2' title='bbox 112 359 193 430; x_wconf 90' lang='lat' dir='ltr'>Quod</span> <span class='ocrx_word' id='word_1_3' title='bbox 205 375 312 435; x_wconf 89' lang='lat' dir='ltr'>semper</span> <span class='ocrx_word' id='word_1_4' title='bbox 327 362 428 422; x_wconf 86' lang='lat' dir='ltr'>studiis</span> <span class='ocrx_word' id='word_1_5' title='bbox 442 365 535 440; x_wconf 89' lang='lat' dir='ltr'>sigilla</span> <span class='ocrx_word' id='word_1_6' title='bbox 548 369 630 427; x_wconf 87' lang='lat' dir='ltr'>castis</span> 
     </span>
     <span class='ocr_line' id='line_1_3' title="bbox 148 457 640 538; baseline 0.022 -23"><span class='ocrx_word' id='word_1_7' title='bbox 148 457 293 533; x_wconf 75' lang='lat' dir='ltr'><strong>Tantisper</strong></span> <span class='ocrx_word' id='word_1_8' title='bbox 309 462 412 535; x_wconf 84' lang='lat' dir='ltr'>refugis</span> <span class='ocrx_word' id='word_1_9' title='bbox 426 476 456 521; x_wconf 82' lang='lat'>¹:</span> <span class='ocrx_word' id='word_1_10' title='bbox 473 465 538 524; x_wconf 88' lang='lat' dir='ltr'>licet</span> <span class='ocrx_word' id='word_1_11' title='bbox 552 467 640 538; x_wconf 90' lang='lat' dir='ltr'>illam,</span> 
     </span>
    </p>

    <p class='ocr_par' dir='ltr' id='par_1_3' title="bbox 110 549 620 715">
     <span class='ocr_line' id='line_1_4' title="bbox 110 549 620 623; baseline 0.02 -15"><span class='ocrx_word' id='word_1_12' title='bbox 110 549 178 620; x_wconf 82' lang='lat' dir='ltr'>Quas</span> <span class='ocrx_word' id='word_1_13' title='bbox 192 553 289 623; x_wconf 80' lang='lat' dir='ltr'>fertur,</span> <span class='ocrx_word' id='word_1_14' title='bbox 305 557 417 612; x_wconf 79' lang='lat' dir='ltr'>Danaen</span> <span class='ocrx_word' id='word_1_15' title='bbox 432 557 520 614; x_wconf 87' lang='lat' dir='ltr'>ahena</span> <span class='ocrx_word' id='word_1_16' title='bbox 535 560 620 618; x_wconf 89' lang='lat' dir='ltr'>turris</span> 
     </span>
     <span class='ocr_line' id='line_1_5' title="bbox 145 642 590 715; baseline 0.02 -16"><span class='ocrx_word' id='word_1_17' title='bbox 145 642 283 715; x_wconf 84' lang='lat' dir='ltr'>Auripluc</span> <span class='ocrx_word' id='word_1_18' title='bbox 297 644 347 701; x_wconf 85' lang='lat' dir='ltr'>vix</span> <span class='ocrx_word' id='word_1_19' title='bbox 362 647 433 706; x_wconf 86' lang='lat' dir='ltr'>texit</span> <span class='ocrx_word' id='word_1_20' title='bbox 446 647 481 704; x_wconf 91' lang='lat' dir='ltr'>ab</span> <span class='ocrx_word' id='word_1_21' title='bbox 495 648 590 708; x_wconf 88' lang='lat' dir='ltr'>imbri.</span> 
     </span>
    </p>

    <p class='ocr_par' dir='ltr' id='par_1_4' title="bbox 22 730 695 890">
     <span class='ocr_line' id='line_1_6' title="bbox 22 730 695 815; baseline 0.024 -30"><span class='ocrx_word' id='word_1_22' title='bbox 22 806 24 815; x_wconf 33' lang='grc' dir='ltr'>Ι</span> <span class='ocrx_word' id='word_1_23' title='bbox 109 730 184 801; x_wconf 84' lang='lat' dir='ltr'>Quid</span> <span class='ocrx_word' id='word_1_24' title='bbox 198 740 254 789; x_wconf 92' lang='lat' dir='ltr'>tam</span> <span class='ocrx_word' id='word_1_25' title='bbox 272 735 447 795; x_wconf 76' lang='lat' dir='ltr'>turmivomae</span> <span class='ocrx_word' id='word_1_26' title='bbox 459 737 560 811; x_wconf 85' lang='lat' dir='ltr'>juvant</span> <span class='ocrx_word' id='word_1_27' title='bbox 573 740 695 813; x_wconf 80' lang='lat' dir='ltr'>plateas?</span> 
     </span>
     <span class='ocr_line' id='line_1_7' title="bbox 145 821 603 890; baseline 0.022 -13"><span class='ocrx_word' id='word_1_28' title='bbox 145 821 218 890; x_wconf 84' lang='lat' dir='ltr'>Quid</span> <span class='ocrx_word' id='word_1_29' title='bbox 232 822 324 882; x_wconf 84' lang='lat' dir='ltr'>rellnae</span> <span class='ocrx_word' id='word_1_30' title='bbox 338 825 480 885; x_wconf 76' lang='lat' dir='ltr'><strong>dicacibus</strong></span> <span class='ocrx_word' id='word_1_31' title='bbox 494 828 603 887; x_wconf 78' lang='lat' dir='ltr'>urbes?</span> 
     </span>
    </p>

    <p class='ocr_par' dir='ltr' id='par_1_5' title="bbox 108 912 712 1078">
     <span class='ocr_line' id='line_1_8' title="bbox 108 912 712 994; baseline 0.023 -26"><span class='ocrx_word' id='word_1_32' title='bbox 108 912 196 981; x_wconf 90' lang='lat' dir='ltr'>Quem</span> <span class='ocrx_word' id='word_1_33' title='bbox 210 913 328 972; x_wconf 87' lang='lat' dir='ltr'>necdum</span> <span class='ocrx_word' id='word_1_34' title='bbox 343 916 435 991; x_wconf 86' lang='lat' dir='ltr'>tetigit</span> <span class='ocrx_word' id='word_1_35' title='bbox 449 918 547 977; x_wconf 78' lang='lat' dir='ltr'>littura</span> <span class='ocrx_word' id='word_1_36' title='bbox 558 940 574 991; x_wconf 81' lang='grc'>;,</span> <span class='ocrx_word' id='word_1_37' title='bbox 583 923 712 994; x_wconf 89' lang='lat' dir='ltr'>necdum,</span> 
     </span>
     <span class='ocr_line' id='line_1_9' title="bbox 143 1002 617 1078; baseline 0.021 -20"><span class='ocrx_word' id='word_1_38' title='bbox 143 1002 277 1060; x_wconf 88' lang='lat' dir='ltr'>Sordibus</span> <span class='ocrx_word' id='word_1_39' title='bbox 290 1005 421 1078; x_wconf 78' lang='lat' dir='ltr'>explosis,</span> <span class='ocrx_word' id='word_1_40' title='bbox 438 1009 514 1066; x_wconf 86' lang='lat' dir='ltr'>color</span> <span class='ocrx_word' id='word_1_41' title='bbox 529 1010 617 1068; x_wconf 86' lang='lat' dir='ltr'>auxit.</span> 
     </span>
    </p>

    <p class='ocr_par' dir='ltr' id='par_1_6' title="bbox 107 1090 594 1261">
     <span class='ocr_line' id='line_1_10' title="bbox 107 1090 594 1172; baseline 0.021 -24"><span class='ocrx_word' id='word_1_42' title='bbox 107 1090 136 1148; x_wconf 91' lang='lat' dir='ltr'>Si</span> <span class='ocrx_word' id='word_1_43' title='bbox 151 1107 207 1150; x_wconf 92' lang='lat' dir='ltr'>ncn</span> <span class='ocrx_word' id='word_1_44' title='bbox 220 1092 357 1167; x_wconf 88' lang='lat' dir='ltr'>insipidus</span> <span class='ocrx_word' id='word_1_45' title='bbox 370 1096 477 1155; x_wconf 84' lang='lat' dir='ltr'>deerrat</span> <span class='ocrx_word' id='word_1_46' title='bbox 489 1114 594 1172; x_wconf 87' lang='lat' dir='ltr'>augur:</span> 
     </span>
     <span class='ocr_line' id='line_1_11' title="bbox 142 1183 571 1261; baseline 0.014 -20"><span class='ocrx_word' id='word_1_47' title='bbox 142 1183 165 1241; x_wconf 90' lang='lat'>0</span> <span class='ocrx_word' id='word_1_48' title='bbox 179 1183 299 1241; x_wconf 90' lang='lat' dir='ltr'>nimium</span> <span class='ocrx_word' id='word_1_49' title='bbox 313 1202 424 1259; x_wconf 87' lang='lat' dir='ltr'>passure</span> <span class='ocrx_word' id='word_1_50' title='bbox 438 1188 571 1261; x_wconf 82' lang='lat' dir='ltr'>pudoris!</span> 
     </span>
    </p>

    <p class='ocr_par' dir='ltr' id='par_1_7' title="bbox 107 1271 609 1439">
     <span class='ocr_line' id='line_1_12' title="bbox 107 1271 609 1345; baseline 0.012 -15"><span class='ocrx_word' id='word_1_51' title='bbox 107 1271 239 1345; x_wconf 73' lang='lat' dir='ltr'>vulgant,</span> <span class='ocrx_word' id='word_1_52' title='bbox 255 1273 403 1334; x_wconf 82' lang='lat' dir='ltr'>bucolicen</span> <span class='ocrx_word' id='word_1_53' title='bbox 419 1277 511 1335; x_wconf 89' lang='lat' dir='ltr'>labore</span> <span class='ocrx_word' id='word_1_54' title='bbox 526 1279 609 1336; x_wconf 91' lang='lat' dir='ltr'>trimo</span> 
     </span>
     <span class='ocr_line' id='line_1_13' title="bbox 142 1361 598 1439; baseline 0.009 -18"><span class='ocrx_word' id='word_1_55' title='bbox 142 1361 252 1421; x_wconf 89' lang='lat' dir='ltr'>Cultius</span> <span class='ocrx_word' id='word_1_56' title='bbox 265 1364 432 1437; x_wconf 76' lang='lat' dir='ltr'>explicuisse</span> <span class='ocrx_word' id='word_1_57' title='bbox 445 1368 598 1439; x_wconf 82' lang='lat' dir='ltr'>Maronem,</span> 
     </span>
    </p>

    <p class='ocr_par' dir='ltr' id='par_1_8' title="bbox 105 1450 596 1622">
     <span class='ocr_line' id='line_1_14' title="bbox 105 1450 576 1529; baseline 0.015 -21"><span class='ocrx_word' id='word_1_58' title='bbox 105 1450 231 1523; x_wconf 86' lang='lat' dir='ltr'>Septenis</span> <span class='ocrx_word' id='word_1_59' title='bbox 245 1453 342 1511; x_wconf 90' lang='lat' dir='ltr'>itidem</span> <span class='ocrx_word' id='word_1_60' title='bbox 357 1455 481 1529; x_wconf 84' lang='lat' dir='ltr'>polibant</span> <span class='ocrx_word' id='word_1_61' title='bbox 495 1459 576 1515; x_wconf 91' lang='lat' dir='ltr'>annis</span> 
     </span>
     <span class='ocr_line' id='line_1_15' title="bbox 141 1541 596 1622; baseline 0.02 -24"><span class='ocrx_word' id='word_1_62' title='bbox 141 1541 329 1610; x_wconf 84' lang='lat' dir='ltr'>Quadriiidam</span> <span class='ocrx_word' id='word_1_63' title='bbox 348 1546 449 1603; x_wconf 89' lang='lat' dir='ltr'>sudore</span> <span class='ocrx_word' id='word_1_64' title='bbox 462 1546 596 1622; x_wconf 75' lang='lat' dir='ltr'>Gourgan.</span> 
     </span>
    </p>

    <p class='ocr_par' dir='ltr' id='par_1_9' title="bbox 104 1632 606 1804">
     <span class='ocr_line' id='line_1_16' title="bbox 104 1632 594 1711; baseline 0.016 -23"><span class='ocrx_word' id='word_1_65' title='bbox 104 1632 179 1689; x_wconf 86' lang='lat' dir='ltr'>Exin</span> <span class='ocrx_word' id='word_1_66' title='bbox 194 1633 315 1691; x_wconf 82' lang='lat' dir='ltr'>AEnedas</span> <span class='ocrx_word' id='word_1_67' title='bbox 329 1636 358 1693; x_wconf 94' lang='lat' dir='ltr'>in</span> <span class='ocrx_word' id='word_1_68' title='bbox 372 1653 449 1694; x_wconf 88' lang='lat' dir='ltr'>arma</span> <span class='ocrx_word' id='word_1_69' title='bbox 462 1636 594 1711; x_wconf 89' lang='lat' dir='ltr'>pulchros</span> 
     </span>
     <span class='ocr_line' id='line_1_17' title="bbox 140 1722 606 1804; baseline 0.017 -26"><span class='ocrx_word' id='word_1_70' title='bbox 140 1722 264 1782; x_wconf 84' lang='lat' dir='ltr'>Endecas</span> <span class='ocrx_word' id='word_1_71' title='bbox 278 1727 313 1782; x_wconf 92' lang='lat' dir='ltr'>ad</span> <span class='ocrx_word' id='word_1_72' title='bbox 327 1727 477 1803; x_wconf 86' lang='lat' dir='ltr'>limamque</span> <span class='ocrx_word' id='word_1_73' title='bbox 492 1729 606 1804; x_wconf 90' lang='lat' dir='ltr'>redegit.</span> 
     </span>
    </p>

    <p class='ocr_par' dir='ltr' id='par_1_10' title="bbox 104 1812 706 1976">
     <span class='ocr_line' id='line_1_18' title="bbox 104 1812 706 1892; baseline 0.012 -23"><span class='ocrx_word' id='word_1_74' title='bbox 104 1812 159 1870; x_wconf 90' lang='lat' dir='ltr'>Nec</span> <span class='ocrx_word' id='word_1_75' title='bbox 173 1813 257 1871; x_wconf 91' lang='lat' dir='ltr'>libras</span> <span class='ocrx_word' id='word_1_76' title='bbox 272 1817 376 1886; x_wconf 89' lang='lat' dir='ltr'>animo,</span> <span class='ocrx_word' id='word_1_77' title='bbox 392 1817 458 1892; x_wconf 90' lang='lat' dir='ltr'>qnid</span> <span class='ocrx_word' id='word_1_78' title='bbox 474 1818 540 1885; x_wconf 91' lang='lat' dir='ltr'>ille;</span> <span class='ocrx_word' id='word_1_79' title='bbox 556 1817 623 1892; x_wconf 88' lang='lat' dir='ltr'>quid</span> <span class='ocrx_word' id='word_1_80' title='bbox 638 1836 706 1888; x_wconf 89' lang='lat' dir='ltr'>n0s;</span> 
     </span>
     <span class='ocr_line' id='line_1_19' title="bbox 137 1900 619 1976; baseline 0.012 -19"><span class='ocrx_word' id='word_1_81' title='bbox 137 1900 208 1968; x_wconf 92' lang='lat' dir='ltr'>Quid</span> <span class='ocrx_word' id='word_1_82' title='bbox 224 1904 315 1975; x_wconf 90' lang='lat' dir='ltr'>potnit</span> <span class='ocrx_word' id='word_1_83' title='bbox 328 1922 389 1976; x_wconf 82' lang='lat' dir='ltr'>spes</span> <span class='ocrx_word' id='word_1_84' title='bbox 404 1907 489 1963; x_wconf 86' lang='lat' dir='ltr'>altera</span> <span class='ocrx_word' id='word_1_85' title='bbox 504 1909 597 1964; x_wconf 86' lang='lat' dir='ltr'>Romae</span> <span class='ocrx_word' id='word_1_86' title='bbox 612 1925 619 1975; x_wconf 91' lang='lat'>;</span> 
     </span>
    </p>

    <p class='ocr_par' dir='ltr' id='par_1_11' title="bbox 103 1989 702 2143">
     <span class='ocr_line' id='line_1_20' title="bbox 103 1989 694 2070; baseline 0.008 -24"><span class='ocrx_word' id='word_1_87' title='bbox 103 1989 177 2058; x_wconf 84' lang='lat' dir='ltr'>Quid</span> <span class='ocrx_word' id='word_1_88' title='bbox 191 1992 278 2064; x_wconf 92' lang='lat' dir='ltr'>possit</span> <span class='ocrx_word' id='word_1_89' title='bbox 292 1993 426 2050; x_wconf 89' lang='lat' dir='ltr'>minimus</span> <span class='ocrx_word' id='word_1_90' title='bbox 439 1996 580 2051; x_wconf 88' lang='lat' dir='ltr'>minorum</span> <span class='ocrx_word' id='word_1_91' title='bbox 595 1997 694 2070; x_wconf 87' lang='lat' dir='ltr'>impar,</span> 
     </span>
     <span class='ocr_line' id='line_1_21' title="bbox 138 2082 702 2143; baseline 0.009 -6"><span class='ocrx_word' id='word_1_92' title='bbox 138 2082 194 2138; x_wconf 91' lang='lat' dir='ltr'>Nec</span> <span class='ocrx_word' id='word_1_93' title='bbox 209 2082 341 2139; x_wconf 89' lang='lat' dir='ltr'>minimos</span> <span class='ocrx_word' id='word_1_94' title='bbox 354 2091 448 2140; x_wconf 90' lang='lat' dir='ltr'>tamen</span> <span class='ocrx_word' id='word_1_95' title='bbox 462 2084 536 2143; x_wconf 89' lang='lat' dir='ltr'>inter</span> <span class='ocrx_word' id='word_1_96' title='bbox 550 2085 702 2143; x_wconf 86' lang='lat' dir='ltr'>habendus.</span> 
     </span>
    </p>

    <p class='ocr_par' dir='ltr' id='par_1_12' title="bbox 100 2169 622 2336">
     <span class='ocr_line' id='line_1_22' title="bbox 100 2169 553 2248; baseline 0.009 -22"><span class='ocrx_word' id='word_1_97' title='bbox 100 2169 149 2238; x_wconf 83' lang='lat' dir='ltr'>Et,</span> <span class='ocrx_word' id='word_1_98' title='bbox 167 2170 195 2226; x_wconf 93' lang='lat' dir='ltr'>ni</span> <span class='ocrx_word' id='word_1_99' title='bbox 211 2173 347 2245; x_wconf 87' lang='lat' dir='ltr'>proripias</span> <span class='ocrx_word' id='word_1_100' title='bbox 359 2173 389 2228; x_wconf 94' lang='lat' dir='ltr'>in</span> <span class='ocrx_word' id='word_1_101' title='bbox 403 2189 451 2230; x_wconf 89' lang='lat' dir='ltr'>ora</span> <span class='ocrx_word' id='word_1_102' title='bbox 464 2174 553 2248; x_wconf 86' lang='lat' dir='ltr'>vulgi,</span> 
     </span>
     <span class='ocr_line' id='line_1_23' title="bbox 137 2260 622 2336; baseline 0.012 -20"><span class='ocrx_word' id='word_1_103' title='bbox 137 2260 297 2333; x_wconf 86' lang='lat' dir='ltr'>Impatiens,</span> <span class='ocrx_word' id='word_1_104' title='bbox 315 2262 474 2336; x_wconf 87' lang='lat' dir='ltr'>clavemque</span> <span class='ocrx_word' id='word_1_105' title='bbox 488 2264 622 2322; x_wconf 77' lang='lat' dir='ltr'>recusas?</span> 
     </span>
    </p>

    <p class='ocr_par' dir='ltr' id='par_1_13' title="bbox 102 2349 650 2516">
     <span class='ocr_line' id='line_1_24' title="bbox 102 2349 650 2425; baseline 0.016 -20"><span class='ocrx_word' id='word_1_106' title='bbox 102 2349 145 2407; x_wconf 80' lang='lat'>15.</span> <span class='ocrx_word' id='word_1_107' title='bbox 166 2351 291 2408; x_wconf 89' lang='lat' dir='ltr'>Invitum</span> <span class='ocrx_word' id='word_1_108' title='bbox 305 2351 435 2425; x_wconf 86' lang='lat' dir='ltr'>quatiunt</span> <span class='ocrx_word' id='word_1_109' title='bbox 450 2369 546 2412; x_wconf 90' lang='lat' dir='ltr'>severa</span> <span class='ocrx_word' id='word_1_110' title='bbox 560 2363 650 2414; x_wconf 85' lang='lat' dir='ltr'>vatem</span> 
     </span>
     <span class='ocr_line' id='line_1_25' title="bbox 137 2439 576 2516; baseline 0.016 -21"><span class='ocrx_word' id='word_1_111' title='bbox 137 2439 248 2506; x_wconf 80' lang='lat' dir='ltr'>ilmina,</span> <span class='ocrx_word' id='word_1_112' title='bbox 263 2440 430 2516; x_wconf 82' lang='lat' dir='ltr'>terrificique</span> <span class='ocrx_word' id='word_1_113' title='bbox 445 2460 576 2502; x_wconf 89' lang='lat' dir='ltr'>sonores:</span> 
     </span>
    </p>

    <p class='ocr_par' dir='ltr' id='par_1_14' title="bbox 101 2527 633 2694">
     <span class='ocr_line' id='line_1_26' title="bbox 101 2527 633 2602; baseline 0.015 -18"><span class='ocrx_word' id='word_1_114' title='bbox 101 2527 198 2586; x_wconf 88' lang='lat' dir='ltr'>Virtus</span> <span class='ocrx_word' id='word_1_115' title='bbox 213 2530 337 2602; x_wconf 88' lang='lat' dir='ltr'>gnostica</span> <span class='ocrx_word' id='word_1_116' title='bbox 351 2547 401 2588; x_wconf 91' lang='lat' dir='ltr'>nec</span> <span class='ocrx_word' id='word_1_117' title='bbox 414 2532 482 2589; x_wconf 90' lang='lat' dir='ltr'>sinit</span> <span class='ocrx_word' id='word_1_118' title='bbox 495 2534 633 2592; x_wconf 82' lang='lat' dir='ltr'>volentem</span> 
     </span>
     <span class='ocr_line' id='line_1_27' title="bbox 136 2618 557 2694; baseline 0.017 -20"><span class='ocrx_word' id='word_1_119' title='bbox 136 2618 305 2693; x_wconf 88' lang='lat' dir='ltr'>Importunis</span> <span class='ocrx_word' id='word_1_120' title='bbox 320 2638 430 2694; x_wconf 88' lang='lat' dir='ltr'>parcere</span> <span class='ocrx_word' id='word_1_121' title='bbox 444 2622 537 2681; x_wconf 80' lang='lat' dir='ltr'>verbis</span> <span class='ocrx_word' id='word_1_122' title='bbox 551 2642 557 2682; x_wconf 93' lang='lat'><strong>:</strong></span> 
     </span>
    </p>

    <p class='ocr_par' dir='ltr' id='par_1_15' title="bbox 101 2706 651 2789">
     <span class='ocr_line' id='line_1_28' title="bbox 101 2706 651 2789; baseline 0.016 -25"><span class='ocrx_word' id='word_1_123' title='bbox 101 2706 165 2765; x_wconf 81' lang='lat' dir='ltr'>Hac</span> <span class='ocrx_word' id='word_1_124' title='bbox 177 2709 273 2767; x_wconf 86' lang='lat' dir='ltr'>nolens</span> <span class='ocrx_word' id='word_1_125' title='bbox 285 2711 384 2784; x_wconf 85' lang='lat' dir='ltr'>capies,</span> <span class='ocrx_word' id='word_1_126' title='bbox 401 2714 497 2771; x_wconf 84' lang='lat' dir='ltr'>volens</span> <span class='ocrx_word' id='word_1_127' title='bbox 512 2715 632 2789; x_wconf 90' lang='lat' dir='ltr'>itemque</span> <span class='ocrx_word' id='word_1_128' title='bbox 644 2733 651 2773; x_wconf 95' lang='lat'><strong>:</strong></span> 
     </span>
    </p>
   </div>
   <div class='ocr_carea' id='block_1_3' title="bbox 135 2805 623 2891">
    <p class='ocr_par' dir='ltr' id='par_1_16' title="bbox 135 2805 623 2891">
     <span class='ocr_line' id='line_1_29' title="bbox 135 2805 623 2891; baseline 0.018 -31"><span class='ocrx_word' id='word_1_129' title='bbox 135 2805 184 2862; x_wconf 89' lang='lat' dir='ltr'>His</span> <span class='ocrx_word' id='word_1_130' title='bbox 198 2823 248 2864; x_wconf 91' lang='lat' dir='ltr'>nos</span> <span class='ocrx_word' id='word_1_131' title='bbox 264 2809 305 2869; x_wconf 77' lang='lat' dir='ltr'>aa’</span> <span class='ocrx_word' id='word_1_132' title='bbox 316 2815 448 2891; x_wconf 61' lang='lat' dir='ltr'>religasse</span> <span class='ocrx_word' id='word_1_133' title='bbox 461 2810 474 2846; x_wconf 64' lang='lat' dir='ltr'>i</span> <span class='ocrx_word' id='word_1_134' title='bbox 489 2810 623 2869; x_wconf 85' lang='lat' dir='ltr'>subimus.</span> 
     </span>
    </p>
   </div>
   <div class='ocr_carea' id='block_1_4' title="bbox 98 2898 713 3251">
    <p class='ocr_par' dir='ltr' id='par_1_17' title="bbox 98 2898 590 3068">
     <span class='ocr_line' id='line_1_30' title="bbox 98 2898 580 2976; baseline 0.023 -21"><span class='ocrx_word' id='word_1_135' title='bbox 98 2898 130 2956; x_wconf 89' lang='lat' dir='ltr'>in</span> <span class='ocrx_word' id='word_1_136' title='bbox 144 2901 243 2976; x_wconf 86' lang='lat' dir='ltr'>vulgus</span> <span class='ocrx_word' id='word_1_137' title='bbox 256 2907 361 2976; x_wconf 81' lang='lat' dir='ltr'>venies,</span> <span class='ocrx_word' id='word_1_138' title='bbox 378 2908 488 2965; x_wconf 82' lang='lat' dir='ltr'>lavante</span> <span class='ocrx_word' id='word_1_139' title='bbox 504 2916 580 2966; x_wconf 82' lang='lat' dir='ltr'>roto.</span> 
     </span>
     <span class='ocr_line' id='line_1_31' title="bbox 134 2991 590 3068; baseline 0.018 -21"><span class='ocrx_word' id='word_1_140' title='bbox 134 2991 196 3062; x_wconf 91' lang='lat' dir='ltr'>Pro,</span> <span class='ocrx_word' id='word_1_141' title='bbox 215 3003 318 3068; x_wconf 89' lang='lat' dir='ltr'>quanto</span> <span class='ocrx_word' id='word_1_142' title='bbox 331 2996 470 3068; x_wconf 80' lang='lat' dir='ltr'>jactabere</span> <span class='ocrx_word' id='word_1_143' title='bbox 483 2996 590 3055; x_wconf 84' lang='lat' dir='ltr'>fluctui</span> 
     </span>
    </p>

    <p class='ocr_par' dir='ltr' id='par_1_18' title="bbox 99 3079 713 3251">
     <span class='ocr_line' id='line_1_32' title="bbox 99 3079 654 3158; baseline 0.02 -22"><span class='ocrx_word' id='word_1_144' title='bbox 99 3079 150 3140; x_wconf 85' lang='lat' dir='ltr'>ilic</span> <span class='ocrx_word' id='word_1_145' title='bbox 164 3082 266 3141; x_wconf 83' lang='lat' dir='ltr'>ioedum</span> <span class='ocrx_word' id='word_1_146' title='bbox 282 3093 379 3158; x_wconf 85' lang='lat' dir='ltr'>spuet:</span> <span class='ocrx_word' id='word_1_147' title='bbox 398 3087 455 3157; x_wconf 92' lang='lat' dir='ltr'>bic,</span> <span class='ocrx_word' id='word_1_148' title='bbox 470 3096 565 3146; x_wconf 86' lang='lat' dir='ltr'>coacta</span> <span class='ocrx_word' id='word_1_149' title='bbox 578 3103 654 3158; x_wconf 89' lang='lat' dir='ltr'>nare,</span> 
     </span>
     <span class='ocr_line' id='line_1_33' title="bbox 133 3170 713 3251; baseline 0.012 -23"><span class='ocrx_word' id='word_1_150' title='bbox 133 3170 262 3231; x_wconf 90' lang='lat' dir='ltr'>Succinet</span> <span class='ocrx_word' id='word_1_151' title='bbox 275 3175 476 3251; x_wconf 81' lang='lat' dir='ltr'>infandumque</span> <span class='ocrx_word' id='word_1_152' title='bbox 490 3177 690 3251; x_wconf 88' lang='lat' dir='ltr'>inimicumque</span> <span class='ocrx_word' id='word_1_153' title='bbox 707 3195 713 3235; x_wconf 93' lang='lat'>:</span> 
     </span>
    </p>
   </div>
   <div class='ocr_carea' id='block_1_5' title="bbox 61 3267 856 3768">
    <p class='ocr_par' dir='ltr' id='par_1_19' title="bbox 61 3267 856 3558">
     <span class='ocr_line' id='line_1_34' title="bbox 61 3267 856 3357; baseline 0.016 -35"><span class='ocrx_word' id='word_1_154' title='bbox 61 3267 152 3342; x_wconf 87' lang='lat' dir='ltr'>sigilla</span> <span class='ocrx_word' id='word_1_155' title='bbox 178 3290 315 3357; x_wconf 86' lang='lat' dir='ltr'>rumpere,</span> <span class='ocrx_word' id='word_1_156' title='bbox 340 3294 400 3352; x_wconf 81' lang='lat' dir='ltr'>quas</span> <span class='ocrx_word' id='word_1_157' title='bbox 415 3277 497 3335; x_wconf 89' lang='lat' dir='ltr'>castis</span> <span class='ocrx_word' id='word_1_158' title='bbox 511 3277 610 3335; x_wconf 89' lang='lat' dir='ltr'>studiis</span> <span class='ocrx_word' id='word_1_159' title='bbox 624 3286 681 3335; x_wconf 88' lang='lat' dir='ltr'>tam</span> <span class='ocrx_word' id='word_1_160' title='bbox 703 3278 856 3335; x_wconf 89' lang='lat' dir='ltr'>necessaria</span> 
     </span>
     <span class='ocr_line' id='line_1_35' title="bbox 61 3344 855 3429; baseline 0.015 -35"><span class='ocrx_word' id='word_1_161' title='bbox 61 3349 136 3398; x_wconf 89' lang='lat' dir='ltr'>sunt.</span> <span class='ocrx_word' id='word_1_162' title='bbox 146 3344 214 3401; x_wconf 86' lang='lat' dir='ltr'>Nam</span> <span class='ocrx_word' id='word_1_163' title='bbox 225 3363 246 3402; x_wconf 86' lang='grc' dir='ltr'>ει</span> <span class='ocrx_word' id='word_1_164' title='bbox 256 3350 359 3418; x_wconf 87' lang='lat' dir='ltr'>Danae,</span> <span class='ocrx_word' id='word_1_165' title='bbox 378 3350 477 3406; x_wconf 85' lang='lat' dir='ltr'>Acrisii</span> <span class='ocrx_word' id='word_1_166' title='bbox 490 3350 558 3416; x_wconf 84' lang='lat' dir='ltr'>filia,</span> <span class='ocrx_word' id='word_1_167' title='bbox 574 3348 608 3404; x_wconf 89' lang='lat' dir='ltr'>ab</span> <span class='ocrx_word' id='word_1_168' title='bbox 619 3348 778 3429; x_wconf 88' lang='lat' dir='ltr'>impudente</span> <span class='ocrx_word' id='word_1_169' title='bbox 788 3351 855 3406; x_wconf 86' lang='lat' dir='ltr'>Jove</span> 
     </span>
     <span class='ocr_line' id='line_1_36' title="bbox 61 3413 855 3493; baseline 0.015 -27"><span class='ocrx_word' id='word_1_170' title='bbox 61 3427 96 3467; x_wconf 92' lang='lat' dir='ltr'>ne</span> <span class='ocrx_word' id='word_1_171' title='bbox 109 3413 137 3468; x_wconf 95' lang='lat' dir='ltr'>in</span> <span class='ocrx_word' id='word_1_172' title='bbox 151 3416 238 3474; x_wconf 84' lang='lat' dir='ltr'>aberra</span> <span class='ocrx_word' id='word_1_173' title='bbox 252 3420 364 3491; x_wconf 87' lang='lat' dir='ltr'>quidem</span> <span class='ocrx_word' id='word_1_174' title='bbox 380 3430 456 3476; x_wconf 90' lang='lat' dir='ltr'>turre</span> <span class='ocrx_word' id='word_1_175' title='bbox 471 3419 537 3474; x_wconf 89' lang='lat' dir='ltr'>satis</span> <span class='ocrx_word' id='word_1_176' title='bbox 550 3426 610 3475; x_wconf 86' lang='lat' dir='ltr'>tuta</span> <span class='ocrx_word' id='word_1_177' title='bbox 625 3419 855 3493; x_wconf 79' lang='lat' dir='ltr'>iu113qniddete</span> 
     </span>
     <span class='ocr_line' id='line_1_37' title="bbox 61 3482 696 3558; baseline 0.016 -21"><span class='ocrx_word' id='word_1_178' title='bbox 61 3482 118 3552; x_wconf 89' lang='lat' dir='ltr'>liet,</span> <span class='ocrx_word' id='word_1_179' title='bbox 133 3488 181 3558; x_wconf 88' lang='lat' dir='ltr'>qui</span> <span class='ocrx_word' id='word_1_180' title='bbox 196 3505 247 3545; x_wconf 90' lang='lat' dir='ltr'>nec</span> <span class='ocrx_word' id='word_1_181' title='bbox 258 3490 368 3545; x_wconf 90' lang='lat' dir='ltr'>occludi</span> <span class='ocrx_word' id='word_1_182' title='bbox 383 3491 436 3558; x_wconf 89' lang='lat' dir='ltr'>vis,</span> <span class='ocrx_word' id='word_1_183' title='bbox 452 3504 502 3546; x_wconf 91' lang='lat' dir='ltr'>nec</span> <span class='ocrx_word' id='word_1_184' title='bbox 514 3488 696 3547; x_wconf 75' lang='lat' dir='ltr'>delitescere?</span> 
     </span>
    </p>

    <p class='ocr_par' dir='ltr' id='par_1_20' title="bbox 95 3559 347 3631">
     <span class='ocr_line' id='line_1_38' title="bbox 95 3559 347 3631; baseline 0.024 -23"><span class='ocrx_word' id='word_1_185' title='bbox 95 3582 107 3608; x_wconf 76' lang='grc' dir='ltr'>ι</span> <span class='ocrx_word' id='word_1_186' title='bbox 127 3559 192 3631; x_wconf 84' lang='lat' dir='ltr'>Sap.</span> <span class='ocrx_word' id='word_1_187' title='bbox 209 3575 347 3630; x_wconf 89' lang='lat' dir='ltr'>rumpere.</span> 
     </span>
    </p>

    <p class='ocr_par' dir='ltr' id='par_1_21' title="bbox 94 3628 467 3698">
     <span class='ocr_line' id='line_1_39' title="bbox 94 3628 467 3698; baseline 0.016 -16"><span class='ocrx_word' id='word_1_188' title='bbox 94 3645 107 3682; x_wconf 82' lang='lat' dir='ltr'>a</span> <span class='ocrx_word' id='word_1_189' title='bbox 127 3628 221 3698; x_wconf 86' lang='lat' dir='ltr'>idest,</span> <span class='ocrx_word' id='word_1_190' title='bbox 240 3630 467 3688; x_wconf 82' lang='lat' dir='ltr'>corstrudieerttem.</span> 
     </span>
    </p>

    <p class='ocr_par' dir='ltr' id='par_1_22' title="bbox 95 3700 615 3768">
     <span class='ocr_line' id='line_1_40' title="bbox 95 3700 615 3768; baseline 0.012 -13"><span class='ocrx_word' id='word_1_191' title='bbox 95 3705 106 3732; x_wconf 76' lang='lat'><em>⁶</em></span> <span class='ocrx_word' id='word_1_192' title='bbox 125 3700 220 3768; x_wconf 88' lang='lat' dir='ltr'>idest,</span> <span class='ocrx_word' id='word_1_193' title='bbox 235 3701 302 3757; x_wconf 84' lang='lat' dir='ltr'>uitio</span> <span class='ocrx_word' id='word_1_194' title='bbox 316 3704 452 3759; x_wconf 74' lang='lat' dir='ltr'>coracinis.</span> <span class='ocrx_word' id='word_1_195' title='bbox 466 3702 530 3762; x_wconf 89' lang='lat' dir='ltr'>Not.</span> <span class='ocrx_word' id='word_1_196' title='bbox 549 3719 615 3761; x_wconf 85' lang='lat' dir='ltr'>mss.</span> 
     </span>
    </p>
   </div>
   <div class='ocr_carea' id='block_1_6' title="bbox 95 3769 417 3901">
    <p class='ocr_par' dir='ltr' id='par_1_23' title="bbox 95 3769 417 3901">
     <span class='ocr_line' id='line_1_41' title="bbox 95 3769 417 3901; baseline 0.016 -76"><span class='ocrx_word' id='word_1_197' title='bbox 95 3769 109 3804; x_wconf 77' lang='lat'>‘¹</span> <span class='ocrx_word' id='word_1_198' title='bbox 127 3770 224 3841; x_wconf 86' lang='lat' dir='ltr'>idest,</span> <span class='ocrx_word' id='word_1_199' title='bbox 240 3775 417 3901; x_wconf 61' lang='lat' dir='ltr'>unguentarii.</span> 
     </span>
    </p>
   </div>
   <div class='ocr_carea' id='block_1_7' title="bbox 94 3843 855 3922">
    <p class='ocr_par' dir='ltr' id='par_1_24' title="bbox 94 3843 855 3922">
     <span class='ocr_line' id='line_1_42' title="bbox 94 3843 855 3922; baseline 0.008 -23"><span class='ocrx_word' id='word_1_200' title='bbox 94 3852 105 3879; x_wconf 87' lang='lat'><strong>·</strong></span> <span class='ocrx_word' id='word_1_201' title='bbox 124 3844 243 3914; x_wconf 72' lang='lat' dir='ltr'>Ignara,</span> <span class='ocrx_word' id='word_1_202' title='bbox 260 3843 268 3900; x_wconf 90' lang='lat' dir='ltr'>i</span> <span class='ocrx_word' id='word_1_203' title='bbox 306 3853 346 3902; x_wconf 88' lang='lat' dir='ltr'>est</span> <span class='ocrx_word' id='word_1_204' title='bbox 361 3845 501 3916; x_wconf 90' lang='lat' dir='ltr'>inanibus,</span> <span class='ocrx_word' id='word_1_205' title='bbox 517 3862 579 3920; x_wconf 83' lang='lat' dir='ltr'>qua</span> <span class='ocrx_word' id='word_1_206' title='bbox 593 3847 658 3922; x_wconf 89' lang='lat' dir='ltr'>qnia</span> <span class='ocrx_word' id='word_1_207' title='bbox 671 3846 744 3904; x_wconf 90' lang='lat' dir='ltr'>nibil</span> <span class='ocrx_word' id='word_1_208' title='bbox 759 3847 855 3905; x_wconf 89' lang='lat' dir='ltr'>conti-</span> 
     </span>
    </p>
   </div>
   <div class='ocr_carea' id='block_1_8' title="bbox 610 214 1198 288">
    <p class='ocr_par' dir='ltr' id='par_1_25' title="bbox 610 214 1198 288">
     <span class='ocr_line' id='line_1_43' title="bbox 610 214 1198 288; baseline 0.026 -15"><span class='ocrx_word' id='word_1_209' title='bbox 610 214 659 273; x_wconf 80' lang='grc' dir='ltr'>ΒΕ</span> <span class='ocrx_word' id='word_1_210' title='bbox 678 216 764 278; x_wconf 78' lang='lat' dir='ltr'>VITA</span> <span class='ocrx_word' id='word_1_211' title='bbox 784 218 813 282; x_wconf 91' lang='lat' dir='ltr'>S.</span> <span class='ocrx_word' id='word_1_212' title='bbox 834 220 1006 284; x_wconf 75' lang='lat' dir='ltr'>GERMANI.</span> <span class='ocrx_word' id='word_1_213' title='bbox 1026 255 1062 272; x_wconf 89' lang='lat'>-·</span> <span class='ocrx_word' id='word_1_214' title='bbox 1081 225 1150 287; x_wconf 75' lang='lat' dir='ltr'>llll.</span> <span class='ocrx_word' id='word_1_215' title='bbox 1174 230 1198 288; x_wconf 91' lang='lat' dir='ltr'>l.</span> 
     </span>
    </p>
   </div>
   <div class='ocr_carea' id='block_1_9' title="bbox 887 380 1503 467">
    <p class='ocr_par' dir='ltr' id='par_1_26' title="bbox 887 380 1503 467">
     <span class='ocr_line' id='line_1_44' title="bbox 887 380 1503 467; baseline 0.023 -27"><span class='ocrx_word' id='word_1_216' title='bbox 887 380 914 440; x_wconf 81' lang='grc' dir='ltr'>Α</span> <span class='ocrx_word' id='word_1_217' title='bbox 928 380 979 439; x_wconf 84' lang='lat' dir='ltr'>liic</span> <span class='ocrx_word' id='word_1_218' title='bbox 993 382 1119 454; x_wconf 90' lang='lat' dir='ltr'>plausum</span> <span class='ocrx_word' id='word_1_219' title='bbox 1132 386 1259 447; x_wconf 84' lang='lat' dir='ltr'>manibus</span> <span class='ocrx_word' id='word_1_220' title='bbox 1271 388 1350 449; x_wconf 88' lang='lat' dir='ltr'>dabit</span> <span class='ocrx_word' id='word_1_221' title='bbox 1360 393 1503 467; x_wconf 75' lang='lat' dir='ltr'>profanis3</span> 
     </span>
    </p>
   </div>
   <div class='ocr_carea' id='block_1_10' title="bbox 963 470 1440 552">
    <p class='ocr_par' dir='ltr' id='par_1_27' title="bbox 963 470 1440 552">
     <span class='ocr_line' id='line_1_45' title="bbox 963 470 1440 552; baseline 0.036 -26"><span class='ocrx_word' id='word_1_222' title='bbox 963 470 1014 529; x_wconf 87' lang='lat' dir='ltr'>Hic</span> <span class='ocrx_word' id='word_1_223' title='bbox 1027 479 1070 529; x_wconf 83' lang='lat' dir='ltr'>ter</span> <span class='ocrx_word' id='word_1_224' title='bbox 1083 477 1219 535; x_wconf 88' lang='lat' dir='ltr'>succutiet</span> <span class='ocrx_word' id='word_1_225' title='bbox 1232 478 1301 552; x_wconf 86' lang='lat' dir='ltr'>pade</span> <span class='ocrx_word' id='word_1_226' title='bbox 1314 487 1416 542; x_wconf 91' lang='lat' dir='ltr'>terram</span> <span class='ocrx_word' id='word_1_227' title='bbox 1433 502 1440 542; x_wconf 92' lang='lat'>:</span> 
     </span>
    </p>
   </div>
   <div class='ocr_carea' id='block_1_11' title="bbox 858 558 1371 644">
    <p class='ocr_par' dir='ltr' id='par_1_28' title="bbox 858 558 1371 644">
     <span class='ocr_line' id='line_1_46' title="bbox 858 558 1371 644; baseline 0.021 -24"><span class='ocrx_word' id='word_1_228' title='bbox 858 611 864 620; x_wconf 94' lang='lat'>.</span> <span class='ocrx_word' id='word_1_229' title='bbox 927 558 1168 624; x_wconf 65' lang='lat' dir='ltr'>Verrncasralius</span> <span class='ocrx_word' id='word_1_230' title='bbox 1182 571 1371 644; x_wconf 84' lang='lat' dir='ltr'>scaturientes,</span> 
     </span>
    </p>
   </div>
   <div class='ocr_carea' id='block_1_12' title="bbox 923 651 1450 1274">
    <p class='ocr_par' dir='ltr' id='par_1_29' title="bbox 923 651 1450 1274">
     <span class='ocr_line' id='line_1_47' title="bbox 960 651 1447 740; baseline 0.035 -32"><span class='ocrx_word' id='word_1_231' title='bbox 960 651 1022 708; x_wconf 86' lang='lat' dir='ltr'>Etsi</span> <span class='ocrx_word' id='word_1_232' title='bbox 1036 655 1113 712; x_wconf 88' lang='lat' dir='ltr'>nulla</span> <span class='ocrx_word' id='word_1_233' title='bbox 1126 665 1219 714; x_wconf 85' lang='lat' dir='ltr'>tamen</span> <span class='ocrx_word' id='word_1_234' title='bbox 1233 668 1307 731; x_wconf 90' lang='lat' dir='ltr'>patet</span> <span class='ocrx_word' id='word_1_235' title='bbox 1320 681 1447 740; x_wconf 82' lang='lat' dir='ltr'>usquam,</span> 
     </span>
     <span class='ocr_line' id='line_1_48' title="bbox 925 741 1372 821; baseline 0.025 -24"><span class='ocrx_word' id='word_1_236' title='bbox 925 741 1066 815; x_wconf 87' lang='lat' dir='ltr'>Disqniret</span> <span class='ocrx_word' id='word_1_237' title='bbox 1080 744 1178 817; x_wconf 91' lang='lat' dir='ltr'>digito,</span> <span class='ocrx_word' id='word_1_238' title='bbox 1194 747 1303 804; x_wconf 69' lang='lat' dir='ltr'>noabit</span> <span class='ocrx_word' id='word_1_239' title='bbox 1315 768 1372 821; x_wconf 90' lang='lat' dir='ltr'>ore,</span> 
     </span>
     <span class='ocr_line' id='line_1_49' title="bbox 960 832 1450 908; baseline 0.027 -19"><span class='ocrx_word' id='word_1_240' title='bbox 960 832 1069 904; x_wconf 90' lang='lat' dir='ltr'>Integra</span> <span class='ocrx_word' id='word_1_241' title='bbox 1078 834 1179 908; x_wconf 88' lang='lat' dir='ltr'>quippe</span> <span class='ocrx_word' id='word_1_242' title='bbox 1190 836 1327 897; x_wconf 86' lang='lat' dir='ltr'>invertere</span> <span class='ocrx_word' id='word_1_243' title='bbox 1342 840 1450 902; x_wconf 88' lang='lat' dir='ltr'>doctus.</span> 
     </span>
     <span class='ocr_line' id='line_1_50' title="bbox 923 921 1439 1004; baseline 0.025 -27"><span class='ocrx_word' id='word_1_244' title='bbox 923 921 960 978; x_wconf 83' lang='lat' dir='ltr'>Et</span> <span class='ocrx_word' id='word_1_245' title='bbox 969 938 1023 995; x_wconf 88' lang='lat' dir='ltr'>quo</span> <span class='ocrx_word' id='word_1_246' title='bbox 1034 923 1169 995; x_wconf 89' lang='lat' dir='ltr'>perditior</span> <span class='ocrx_word' id='word_1_247' title='bbox 1182 926 1244 999; x_wconf 83' lang='lat' dir='ltr'>quis</span> <span class='ocrx_word' id='word_1_248' title='bbox 1256 944 1288 986; x_wconf 91' lang='lat' dir='ltr'>ac</span> <span class='ocrx_word' id='word_1_249' title='bbox 1297 929 1439 1004; x_wconf 81' lang='lat' dir='ltr'>profanus,</span> 
     </span>
     <span class='ocr_line' id='line_1_51' title="bbox 958 1012 1365 1077; baseline 0.022 -9"><span class='ocrx_word' id='word_1_250' title='bbox 958 1012 1057 1070; x_wconf 83' lang='lat' dir='ltr'>Acrius</span> <span class='ocrx_word' id='word_1_251' title='bbox 1066 1013 1120 1071; x_wconf 93' lang='lat' dir='ltr'>hoc</span> <span class='ocrx_word' id='word_1_252' title='bbox 1128 1015 1243 1072; x_wconf 88' lang='lat' dir='ltr'>tolletur</span> <span class='ocrx_word' id='word_1_253' title='bbox 1259 1017 1289 1075; x_wconf 91' lang='lat' dir='ltr'>in</span> <span class='ocrx_word' id='word_1_254' title='bbox 1301 1019 1365 1077; x_wconf 91' lang='lat' dir='ltr'>iras.</span> 
     </span>
     <span class='ocr_line' id='line_1_52' title="bbox 923 1102 1421 1179; baseline 0.018 -21"><span class='ocrx_word' id='word_1_255' title='bbox 923 1102 1044 1160; x_wconf 79' lang='lat' dir='ltr'>Tandem</span> <span class='ocrx_word' id='word_1_256' title='bbox 1058 1103 1180 1161; x_wconf 91' lang='lat' dir='ltr'>ludibrio</span> <span class='ocrx_word' id='word_1_257' title='bbox 1191 1108 1319 1166; x_wconf 88' lang='lat' dir='ltr'>subactus</span> <span class='ocrx_word' id='word_1_258' title='bbox 1333 1111 1421 1179; x_wconf 91' lang='lat' dir='ltr'>omni,</span> 
     </span>
     <span class='ocr_line' id='line_1_53' title="bbox 957 1192 1391 1274; baseline 0.014 -25"><span class='ocrx_word' id='word_1_259' title='bbox 957 1192 1107 1274; x_wconf 67' lang='lat' dir='ltr'>Maporiton</span> <span class='ocrx_word' id='word_1_260' title='bbox 1121 1194 1134 1230; x_wconf 83' lang='lat'>⁴¹</span> <span class='ocrx_word' id='word_1_261' title='bbox 1145 1195 1255 1253; x_wconf 90' lang='lat' dir='ltr'>trudere</span> <span class='ocrx_word' id='word_1_262' title='bbox 1266 1197 1391 1269; x_wconf 86' lang='lat' dir='ltr'>taberna,</span> 
     </span>
    </p>
   </div>
   <div class='ocr_carea' id='block_1_13' title="bbox 913 1292 1523 3251">
    <p class='ocr_par' dir='ltr' id='par_1_30' title="bbox 922 1292 1453 1456">
     <span class='ocr_line' id='line_1_54' title="bbox 922 1292 1453 1371; baseline 0.019 -26"><span class='ocrx_word' id='word_1_263' title='bbox 922 1292 1217 1352; x_wconf 81' lang='lat' dir='ltr'>Autnardimcdicum</span> <span class='ocrx_word' id='word_1_264' title='bbox 1234 1296 1315 1365; x_wconf 84' lang='lat' dir='ltr'>lares,</span> <span class='ocrx_word' id='word_1_265' title='bbox 1330 1296 1453 1371; x_wconf 78' lang='lat' dir='ltr'>piperve,</span> 
     </span>
     <span class='ocr_line' id='line_1_55' title="bbox 956 1380 1359 1456; baseline 0.022 -21"><span class='ocrx_word' id='word_1_266' title='bbox 956 1380 1026 1437; x_wconf 87' lang='lat' dir='ltr'>Etsi</span> <span class='ocrx_word' id='word_1_267' title='bbox 1037 1383 1103 1456; x_wconf 86' lang='lat' dir='ltr'>quid</span> <span class='ocrx_word' id='word_1_268' title='bbox 1115 1383 1219 1441; x_wconf 89' lang='lat' dir='ltr'>chartis</span> <span class='ocrx_word' id='word_1_269' title='bbox 1227 1385 1359 1444; x_wconf 86' lang='lat' dir='ltr'>amicitur</span> 
     </span>
    </p>

    <p class='ocr_par' dir='ltr' id='par_1_31' title="bbox 922 1469 1451 1631">
     <span class='ocr_line' id='line_1_56' title="bbox 922 1469 1451 1548; baseline 0.021 -24"><span class='ocrx_word' id='word_1_270' title='bbox 922 1469 1063 1541; x_wconf 86' lang='lat' dir='ltr'>ignavis·.</span> <span class='ocrx_word' id='word_1_271' title='bbox 1083 1472 1213 1541; x_wconf 83' lang='lat' dir='ltr'>Monitor,</span> <span class='ocrx_word' id='word_1_272' title='bbox 1231 1476 1357 1548; x_wconf 90' lang='lat' dir='ltr'>repulsus</span> <span class='ocrx_word' id='word_1_273' title='bbox 1371 1477 1451 1547; x_wconf 91' lang='lat' dir='ltr'>olim,</span> 
     </span>
     <span class='ocr_line' id='line_1_57' title="bbox 956 1561 1408 1631; baseline 0.022 -15"><span class='ocrx_word' id='word_1_274' title='bbox 956 1561 1104 1619; x_wconf 75' lang='lat' dir='ltr'>abstiterit</span> <span class='ocrx_word' id='word_1_275' title='bbox 1113 1581 1120 1631; x_wconf 89' lang='grc'>;</span> <span class='ocrx_word' id='word_1_276' title='bbox 1130 1579 1181 1621; x_wconf 89' lang='lat' dir='ltr'>nec</span> <span class='ocrx_word' id='word_1_277' title='bbox 1193 1582 1258 1622; x_wconf 90' lang='lat' dir='ltr'>cura</span> <span class='ocrx_word' id='word_1_278' title='bbox 1268 1567 1372 1625; x_wconf 88' lang='lat' dir='ltr'>mederi</span> <span class='ocrx_word' id='word_1_279' title='bbox 1387 1568 1408 1626; x_wconf 83' lang='lat'>¹.</span> 
     </span>
    </p>

    <p class='ocr_par' dir='ltr' id='par_1_32' title="bbox 923 1647 1523 1821">
     <span class='ocr_line' id='line_1_58' title="bbox 923 1647 1451 1728; baseline 0.023 -25"><span class='ocrx_word' id='word_1_280' title='bbox 923 1647 965 1705; x_wconf 83' lang='lat' dir='ltr'>lb.</span> <span class='ocrx_word' id='word_1_281' title='bbox 979 1648 1037 1706; x_wconf 90' lang='lat' dir='ltr'>Neu</span> <span class='ocrx_word' id='word_1_282' title='bbox 1051 1657 1079 1708; x_wconf 91' lang='lat' dir='ltr'>te</span> <span class='ocrx_word' id='word_1_283' title='bbox 1092 1653 1209 1710; x_wconf 89' lang='lat' dir='ltr'>consilio</span> <span class='ocrx_word' id='word_1_284' title='bbox 1223 1671 1337 1728; x_wconf 87' lang='lat' dir='ltr'>querare</span> <span class='ocrx_word' id='word_1_285' title='bbox 1356 1664 1451 1715; x_wconf 89' lang='lat' dir='ltr'>nostro</span> 
     </span>
     <span class='ocr_line' id='line_1_59' title="bbox 956 1737 1523 1821; baseline 0.025 -27"><span class='ocrx_word' id='word_1_286' title='bbox 956 1737 1135 1810; x_wconf 84' lang='lat' dir='ltr'>Fraudatum,</span> <span class='ocrx_word' id='word_1_287' title='bbox 1148 1742 1178 1798; x_wconf 91' lang='lat' dir='ltr'>id</span> <span class='ocrx_word' id='word_1_288' title='bbox 1197 1754 1210 1791; x_wconf 74' lang='lat' dir='ltr'>t</span> <span class='ocrx_word' id='word_1_289' title='bbox 1224 1750 1315 1802; x_wconf 89' lang='lat' dir='ltr'>tecum</span> <span class='ocrx_word' id='word_1_290' title='bbox 1330 1747 1388 1821; x_wconf 91' lang='lat' dir='ltr'>ipse</span> <span class='ocrx_word' id='word_1_291' title='bbox 1401 1749 1523 1809; x_wconf 84' lang='lat' dir='ltr'>referto:</span> 
     </span>
    </p>

    <p class='ocr_par' dir='ltr' id='par_1_33' title="bbox 919 1826 1443 2002">
     <span class='ocr_line' id='line_1_60' title="bbox 919 1826 1443 1909; baseline 0.027 -28"><span class='ocrx_word' id='word_1_292' title='bbox 919 1826 979 1894; x_wconf 88' lang='lat' dir='ltr'>Qua</span> <span class='ocrx_word' id='word_1_293' title='bbox 992 1828 1111 1887; x_wconf 79' lang='lat' dir='ltr'>frontem</span> <span class='ocrx_word' id='word_1_294' title='bbox 1124 1832 1223 1890; x_wconf 88' lang='lat' dir='ltr'>titulus</span> <span class='ocrx_word' id='word_1_295' title='bbox 1236 1836 1443 1909; x_wconf 77' lang='lat' dir='ltr'>praeordinabit,</span> 
     </span>
     <span class='ocr_line' id='line_1_61' title="bbox 954 1918 1442 2002; baseline 0.025 -29"><span class='ocrx_word' id='word_1_296' title='bbox 954 1918 1040 1974; x_wconf 90' lang='lat' dir='ltr'>Nemo</span> <span class='ocrx_word' id='word_1_297' title='bbox 1051 1921 1130 2002; x_wconf 68' lang='grc' dir='ltr'>ὄνομα</span> <span class='ocrx_word' id='word_1_298' title='bbox 1146 1921 1316 1994; x_wconf 73' lang='lat' dir='ltr'>*praefixerit</span> <span class='ocrx_word' id='word_1_299' title='bbox 1328 1934 1424 1984; x_wconf 87' lang='lat' dir='ltr'>auctor</span> <span class='ocrx_word' id='word_1_300' title='bbox 1436 1946 1442 1986; x_wconf 79' lang='grc' dir='ltr'><em>ι</em></span> 
     </span>
    </p>

    <p class='ocr_par' dir='ltr' id='par_1_34' title="bbox 919 2011 1435 2183">
     <span class='ocr_line' id='line_1_62' title="bbox 919 2011 1400 2091; baseline 0.019 -21"><span class='ocrx_word' id='word_1_301' title='bbox 919 2011 1071 2072; x_wconf 87' lang='lat' dir='ltr'>Germanus</span> <span class='ocrx_word' id='word_1_302' title='bbox 1086 2015 1182 2073; x_wconf 86' lang='lat' dir='ltr'>subeat</span> <span class='ocrx_word' id='word_1_303' title='bbox 1195 2019 1296 2091; x_wconf 90' lang='lat' dir='ltr'>prioris</span> <span class='ocrx_word' id='word_1_304' title='bbox 1310 2037 1400 2079; x_wconf 90' lang='lat' dir='ltr'>arcem</span> 
     </span>
     <span class='ocr_line' id='line_1_63' title="bbox 954 2102 1435 2183; baseline 0.019 -26"><span class='ocrx_word' id='word_1_305' title='bbox 954 2102 1078 2174; x_wconf 76' lang='lat' dir='ltr'>Auspicii</span> <span class='ocrx_word' id='word_1_306' title='bbox 1090 2122 1097 2173; x_wconf 94' lang='grc'><strong>;</strong></span> <span class='ocrx_word' id='word_1_307' title='bbox 1112 2104 1158 2163; x_wconf 90' lang='lat' dir='ltr'>hic</span> <span class='ocrx_word' id='word_1_308' title='bbox 1168 2105 1320 2180; x_wconf 88' lang='lat' dir='ltr'>primordia</span> <span class='ocrx_word' id='word_1_309' title='bbox 1334 2109 1435 2183; x_wconf 88' lang='lat' dir='ltr'>signet.</span> 
     </span>
    </p>

    <p class='ocr_par' dir='ltr' id='par_1_35' title="bbox 918 2189 1440 2349">
     <span class='ocr_line' id='line_1_64' title="bbox 918 2189 1431 2271; baseline 0.021 -27"><span class='ocrx_word' id='word_1_310' title='bbox 918 2189 976 2247; x_wconf 87' lang='lat' dir='ltr'>lloc</span> <span class='ocrx_word' id='word_1_311' title='bbox 986 2190 1078 2247; x_wconf 83' lang='lat' dir='ltr'>forsan</span> <span class='ocrx_word' id='word_1_312' title='bbox 1093 2195 1196 2266; x_wconf 88' lang='lat' dir='ltr'>poteris</span> <span class='ocrx_word' id='word_1_313' title='bbox 1216 2196 1321 2253; x_wconf 81' lang='lat' dir='ltr'>inernre</span> <span class='ocrx_word' id='word_1_314' title='bbox 1331 2200 1431 2271; x_wconf 87' lang='lat' dir='ltr'>vulgus</span> 
     </span>
     <span class='ocr_line' id='line_1_65' title="bbox 953 2280 1440 2349; baseline 0.016 -15"><span class='ocrx_word' id='word_1_315' title='bbox 953 2280 1095 2349; x_wconf 84' lang='lat' dir='ltr'>Temnere,</span> <span class='ocrx_word' id='word_1_316' title='bbox 1110 2298 1158 2339; x_wconf 89' lang='lat' dir='ltr'>seu</span> <span class='ocrx_word' id='word_1_317' title='bbox 1172 2281 1334 2340; x_wconf 83' lang='lat' dir='ltr'>discrimina</span> <span class='ocrx_word' id='word_1_318' title='bbox 1352 2286 1440 2344; x_wconf 87' lang='lat' dir='ltr'>mille.</span> 
     </span>
    </p>

    <p class='ocr_par' dir='ltr' id='par_1_36' title="bbox 918 2368 1430 2534">
     <span class='ocr_line' id='line_1_66' title="bbox 918 2368 1418 2445; baseline 0.014 -22"><span class='ocrx_word' id='word_1_319' title='bbox 918 2368 998 2425; x_wconf 83' lang='lat' dir='ltr'>Tanti</span> <span class='ocrx_word' id='word_1_320' title='bbox 1017 2370 1140 2426; x_wconf 89' lang='lat' dir='ltr'>nominis</span> <span class='ocrx_word' id='word_1_321' title='bbox 1157 2370 1263 2428; x_wconf 88' lang='lat' dir='ltr'>obicem</span> <span class='ocrx_word' id='word_1_322' title='bbox 1283 2379 1418 2445; x_wconf 73' lang='lat' dir='ltr'>protervas</span> 
     </span>
     <span class='ocr_line' id='line_1_67' title="bbox 952 2457 1430 2534; baseline 0.008 -19"><span class='ocrx_word' id='word_1_323' title='bbox 952 2457 1009 2515; x_wconf 83' lang='lat' dir='ltr'>Vix</span> <span class='ocrx_word' id='word_1_324' title='bbox 1022 2460 1114 2516; x_wconf 90' lang='lat' dir='ltr'>ausint</span> <span class='ocrx_word' id='word_1_325' title='bbox 1128 2461 1262 2533; x_wconf 90' lang='lat' dir='ltr'>sprevisse</span> <span class='ocrx_word' id='word_1_326' title='bbox 1272 2460 1430 2534; x_wconf 89' lang='lat' dir='ltr'>phalanges.</span> 
     </span>
    </p>

    <p class='ocr_par' dir='ltr' id='par_1_37' title="bbox 916 2547 1462 2710">
     <span class='ocr_line' id='line_1_68' title="bbox 916 2547 1462 2623; baseline 0.009 -19"><span class='ocrx_word' id='word_1_327' title='bbox 916 2547 1039 2605; x_wconf 87' lang='lat' dir='ltr'>Mitescst</span> <span class='ocrx_word' id='word_1_328' title='bbox 1057 2548 1144 2607; x_wconf 86' lang='lat' dir='ltr'>rabies</span> <span class='ocrx_word' id='word_1_329' title='bbox 1161 2567 1167 2606; x_wconf 92' lang='lat'>:</span> <span class='ocrx_word' id='word_1_330' title='bbox 1183 2550 1325 2623; x_wconf 87' lang='lat' dir='ltr'>sputisque</span> <span class='ocrx_word' id='word_1_331' title='bbox 1338 2559 1462 2623; x_wconf 86' lang='lat' dir='ltr'>parcent,</span> 
     </span>
     <span class='ocr_line' id='line_1_69' title="bbox 951 2637 1428 2710; baseline 0.013 -18"><span class='ocrx_word' id='word_1_332' title='bbox 951 2637 987 2694; x_wconf 87' lang='lat' dir='ltr'>Et</span> <span class='ocrx_word' id='word_1_333' title='bbox 1000 2637 1115 2710; x_wconf 75' lang='lat' dir='ltr'>cynicoi</span> <span class='ocrx_word' id='word_1_334' title='bbox 1128 2637 1319 2696; x_wconf 88' lang='lat' dir='ltr'>incrudescere</span> <span class='ocrx_word' id='word_1_335' title='bbox 1335 2639 1428 2698; x_wconf 89' lang='lat' dir='ltr'>dente.</span> 
     </span>
    </p>

    <p class='ocr_par' dir='ltr' id='par_1_38' title="bbox 916 2728 1419 2890">
     <span class='ocr_line' id='line_1_70' title="bbox 916 2728 1419 2803; baseline 0.008 -20"><span class='ocrx_word' id='word_1_336' title='bbox 916 2728 927 2782; x_wconf 93' lang='grc' dir='ltr'>Ι</span> <span class='ocrx_word' id='word_1_337' title='bbox 940 2744 1023 2798; x_wconf 91' lang='lat' dir='ltr'>nunc,</span> <span class='ocrx_word' id='word_1_338' title='bbox 1042 2728 1185 2785; x_wconf 64' lang='lat' dir='ltr'>Maeoniis]</span> <span class='ocrx_word' id='word_1_339' title='bbox 1200 2729 1295 2786; x_wconf 89' lang='lat' dir='ltr'>adacte</span> <span class='ocrx_word' id='word_1_340' title='bbox 1309 2729 1419 2803; x_wconf 88' lang='lat' dir='ltr'>pennis,</span> 
     </span>
     <span class='ocr_line' id='line_1_71' title="bbox 950 2818 1365 2890; baseline 0.002 -15"><span class='ocrx_word' id='word_1_341' title='bbox 950 2820 961 2875; x_wconf 95' lang='lat'><em>1</em></span> <span class='ocrx_word' id='word_1_342' title='bbox 979 2818 1088 2890; x_wconf 80' lang='lat' dir='ltr'>dextro,</span> <span class='ocrx_word' id='word_1_343' title='bbox 1104 2818 1185 2889; x_wconf 85' lang='lat' dir='ltr'>liber,</span> <span class='ocrx_word' id='word_1_344' title='bbox 1205 2819 1272 2876; x_wconf 88' lang='lat' dir='ltr'>alite</span> <span class='ocrx_word' id='word_1_345' title='bbox 1285 2820 1365 2877; x_wconf 81' lang='lat' dir='ltr'>felix.</span> 
     </span>
    </p>

    <p class='ocr_par' dir='ltr' id='par_1_39' title="bbox 913 2906 1468 3071">
     <span class='ocr_line' id='line_1_72' title="bbox 913 2906 1468 2976; baseline 0.004 -15"><span class='ocrx_word' id='word_1_346' title='bbox 913 2906 968 2962; x_wconf 83' lang='lat' dir='ltr'>Nec</span> <span class='ocrx_word' id='word_1_347' title='bbox 983 2913 1010 2962; x_wconf 89' lang='lat' dir='ltr'>te</span> <span class='ocrx_word' id='word_1_348' title='bbox 1020 2922 1077 2962; x_wconf 93' lang='lat' dir='ltr'>non</span> <span class='ocrx_word' id='word_1_349' title='bbox 1091 2906 1240 2976; x_wconf 89' lang='lat' dir='ltr'>monitum,</span> <span class='ocrx_word' id='word_1_350' title='bbox 1256 2922 1307 2964; x_wconf 91' lang='lat' dir='ltr'>nec</span> <span class='ocrx_word' id='word_1_351' title='bbox 1326 2907 1468 2965; x_wconf 85' lang='lat' dir='ltr'>insuasum</span> 
     </span>
     <span class='ocr_line' id='line_1_73' title="bbox 949 2997 1337 3071; baseline 0.003 -16"><span class='ocrx_word' id='word_1_352' title='bbox 949 2997 1023 3055; x_wconf 90' lang='lat' dir='ltr'>Olim</span> <span class='ocrx_word' id='word_1_353' title='bbox 1038 2997 1195 3056; x_wconf 87' lang='lat' dir='ltr'>discessisse</span> <span class='ocrx_word' id='word_1_354' title='bbox 1205 2999 1337 3071; x_wconf 87' lang='lat' dir='ltr'>graveris.</span> 
     </span>
    </p>

    <p class='ocr_par' dir='ltr' id='par_1_40' title="bbox 913 3086 1467 3251">
     <span class='ocr_line' id='line_1_74' title="bbox 913 3086 1418 3157; baseline 0.006 -14"><span class='ocrx_word' id='word_1_355' title='bbox 913 3086 992 3156; x_wconf 89' lang='lat' dir='ltr'>Quod</span> <span class='ocrx_word' id='word_1_356' title='bbox 1006 3096 1099 3157; x_wconf 87' lang='lat' dir='ltr'>restat,</span> <span class='ocrx_word' id='word_1_357' title='bbox 1117 3089 1210 3147; x_wconf 89' lang='lat' dir='ltr'>dubiis</span> <span class='ocrx_word' id='word_1_358' title='bbox 1224 3089 1418 3146; x_wconf 77' lang='lat' dir='ltr'>remitteretis.</span> 
     </span>
     <span class='ocr_line' id='line_1_75' title="bbox 949 3177 1467 3251; baseline 0.002 -19"><span class='ocrx_word' id='word_1_359' title='bbox 949 3178 1039 3250; x_wconf 85' lang='lat' dir='ltr'>Teque</span> <span class='ocrx_word' id='word_1_360' title='bbox 1053 3177 1159 3232; x_wconf 89' lang='lat' dir='ltr'>utinam</span> <span class='ocrx_word' id='word_1_361' title='bbox 1175 3177 1289 3232; x_wconf 85' lang='lat' dir='ltr'>meliora</span> <span class='ocrx_word' id='word_1_362' title='bbox 1302 3177 1467 3251; x_wconf 87' lang='lat' dir='ltr'>sequantnri</span> 
     </span>
    </p>
   </div>
   <div class='ocr_carea' id='block_1_14' title="bbox 910 3273 1634 3347">
    <p class='ocr_par' dir='ltr' id='par_1_41' title="bbox 910 3273 1634 3347">
     <span class='ocr_line' id='line_1_76' title="bbox 910 3273 1634 3347; baseline 0.004 -17"><span class='ocrx_word' id='word_1_363' title='bbox 910 3284 977 3333; x_wconf 90' lang='lat' dir='ltr'>nent</span> <span class='ocrx_word' id='word_1_364' title='bbox 991 3277 1063 3332; x_wconf 91' lang='lat' dir='ltr'>lectu</span> <span class='ocrx_word' id='word_1_365' title='bbox 1072 3275 1197 3347; x_wconf 89' lang='lat' dir='ltr'>dignum,</span> <span class='ocrx_word' id='word_1_366' title='bbox 1213 3275 1332 3332; x_wconf 88' lang='lat' dir='ltr'>sordidis</span> <span class='ocrx_word' id='word_1_367' title='bbox 1348 3275 1444 3332; x_wconf 88' lang='lat' dir='ltr'>usibus</span> <span class='ocrx_word' id='word_1_368' title='bbox 1458 3273 1634 3333; x_wconf 87' lang='lat' dir='ltr'>adhibentur.</span> 
     </span>
    </p>
   </div>
   <div class='ocr_carea' id='block_1_15' title="bbox 946 3346 1819 3420">
    <p class='ocr_par' dir='ltr' id='par_1_42' title="bbox 946 3346 1819 3420">
     <span class='ocr_line' id='line_1_77' title="bbox 946 3346 1819 3420; baseline -0.006 -15"><span class='ocrx_word' id='word_1_369' title='bbox 946 3347 1000 3404; x_wconf 79' lang='lat' dir='ltr'>¹ld</span> <span class='ocrx_word' id='word_1_370' title='bbox 1023 3354 1074 3416; x_wconf 90' lang='lat' dir='ltr'>est,</span> <span class='ocrx_word' id='word_1_371' title='bbox 1085 3346 1159 3419; x_wconf 88' lang='lat' dir='ltr'>quod</span> <span class='ocrx_word' id='word_1_372' title='bbox 1171 3347 1194 3402; x_wconf 92' lang='lat' dir='ltr'>si</span> <span class='ocrx_word' id='word_1_373' title='bbox 1217 3362 1338 3420; x_wconf 89' lang='lat' dir='ltr'>unquam</span> <span class='ocrx_word' id='word_1_374' title='bbox 1356 3363 1390 3403; x_wconf 91' lang='lat' dir='ltr'>eo</span> <span class='ocrx_word' id='word_1_375' title='bbox 1408 3347 1534 3403; x_wconf 90' lang='lat' dir='ltr'>redactus</span> <span class='ocrx_word' id='word_1_376' title='bbox 1556 3346 1650 3414; x_wconf 84' lang='lat' dir='ltr'>lucris,</span> <span class='ocrx_word' id='word_1_377' title='bbox 1667 3346 1708 3403; x_wconf 91' lang='lat' dir='ltr'>li·</span> <span class='ocrx_word' id='word_1_378' title='bbox 1814 3360 1819 3371; x_wconf 83' lang='lat'><strong>·</strong></span> 
     </span>
    </p>
   </div>
   <div class='ocr_carea' id='block_1_16' title="bbox 909 3417 1707 3846">
    <p class='ocr_par' dir='ltr' id='par_1_43' title="bbox 909 3417 1707 3846">
     <span class='ocr_line' id='line_1_78' title="bbox 909 3417 1707 3490; baseline 0 -15"><span class='ocrx_word' id='word_1_379' title='bbox 909 3418 991 3487; x_wconf 91' lang='lat' dir='ltr'>belle,</span> <span class='ocrx_word' id='word_1_380' title='bbox 1006 3426 1065 3475; x_wconf 88' lang='lat' dir='ltr'>tum</span> <span class='ocrx_word' id='word_1_381' title='bbox 1077 3434 1142 3474; x_wconf 86' lang='lat' dir='ltr'>vero</span> <span class='ocrx_word' id='word_1_382' title='bbox 1154 3425 1180 3474; x_wconf 90' lang='lat' dir='ltr'>te</span> <span class='ocrx_word' id='word_1_383' title='bbox 1199 3434 1258 3490; x_wconf 86' lang='lat' dir='ltr'>ego,</span> <span class='ocrx_word' id='word_1_384' title='bbox 1275 3418 1322 3490; x_wconf 87' lang='lat' dir='ltr'>qui</span> <span class='ocrx_word' id='word_1_385' title='bbox 1335 3434 1410 3475; x_wconf 94' lang='lat' dir='ltr'>nnnc</span> <span class='ocrx_word' id='word_1_386' title='bbox 1425 3434 1534 3486; x_wconf 90' lang='lat' dir='ltr'>moneo,</span> <span class='ocrx_word' id='word_1_387' title='bbox 1549 3417 1667 3474; x_wconf 77' lang='lat' dir='ltr'>fortunas</span> <span class='ocrx_word' id='word_1_388' title='bbox 1679 3425 1707 3475; x_wconf 90' lang='lat' dir='ltr'>tc</span> 
     </span>
     <span class='ocr_line' id='line_1_79' title="bbox 910 3488 1463 3619; baseline 0.004 -74"><span class='ocrx_word' id='word_1_389' title='bbox 910 3498 964 3547; x_wconf 78' lang='lat' dir='ltr'>tua</span> <span class='ocrx_word' id='word_1_390' title='bbox 971 3490 1137 3619; x_wconf 51' lang='grc' dir='ltr'>Ιεεεειίῑῑεῐῃ</span> <span class='ocrx_word' id='word_1_391' title='bbox 1149 3506 1184 3572; x_wconf 77' lang='lat' dir='ltr'>ac</span> <span class='ocrx_word' id='word_1_392' title='bbox 1196 3505 1306 3561; x_wconf 85' lang='lat' dir='ltr'>prorsus</span> <span class='ocrx_word' id='word_1_393' title='bbox 1320 3488 1463 3547; x_wconf 89' lang='lat' dir='ltr'>abdicabo.</span> 
     </span>
     <span class='ocr_line' id='line_1_80' title="bbox 946 3563 1245 3633; baseline -0.003 -16"><span class='ocrx_word' id='word_1_394' title='bbox 946 3570 959 3607; x_wconf 79' lang='lat'><strong>⁸</strong></span> <span class='ocrx_word' id='word_1_395' title='bbox 995 3577 1073 3633; x_wconf 90' lang='lat' dir='ltr'>empe</span> <span class='ocrx_word' id='word_1_396' title='bbox 1087 3563 1245 3617; x_wconf 85' lang='lat' dir='ltr'>consrlrum.</span> 
     </span>
     <span class='ocr_line' id='line_1_81' title="bbox 944 3632 1207 3702; baseline -0.004 -12"><span class='ocrx_word' id='word_1_397' title='bbox 944 3632 955 3661; x_wconf 71' lang='lat'>⁸</span> <span class='ocrx_word' id='word_1_398' title='bbox 970 3632 1000 3690; x_wconf 92' lang='lat' dir='ltr'>ld</span> <span class='ocrx_word' id='word_1_399' title='bbox 1015 3641 1065 3702; x_wconf 88' lang='lat' dir='ltr'>est,</span> <span class='ocrx_word' id='word_1_400' title='bbox 1076 3639 1207 3689; x_wconf 82' lang='lat' dir='ltr'>nostram.</span> 
     </span>
     <span class='ocr_line' id='line_1_82' title="bbox 944 3704 1344 3774; baseline -0.003 -12"><span class='ocrx_word' id='word_1_401' title='bbox 944 3704 951 3744; x_wconf 68' lang='grc' dir='ltr'><strong>ί</strong></span> <span class='ocrx_word' id='word_1_402' title='bbox 966 3705 1062 3774; x_wconf 89' lang='lat' dir='ltr'>idest,</span> <span class='ocrx_word' id='word_1_403' title='bbox 1082 3704 1234 3761; x_wconf 82' lang='lat' dir='ltr'>caninoseu</span> <span class='ocrx_word' id='word_1_404' title='bbox 1245 3704 1344 3762; x_wconf 83' lang='lat' dir='ltr'>incido.</span> 
     </span>
     <span class='ocr_line' id='line_1_83' title="bbox 944 3775 1229 3846; baseline 0 -14"><span class='ocrx_word' id='word_1_405' title='bbox 944 3775 951 3821; x_wconf 77' lang='grc' dir='ltr'>Ι</span> <span class='ocrx_word' id='word_1_406' title='bbox 966 3776 997 3833; x_wconf 92' lang='lat' dir='ltr'>Id</span> <span class='ocrx_word' id='word_1_407' title='bbox 1011 3783 1062 3846; x_wconf 86' lang='lat' dir='ltr'>est,</span> <span class='ocrx_word' id='word_1_408' title='bbox 1073 3776 1229 3835; x_wconf 82' lang='lat' dir='ltr'>Homericis.</span> 
     </span>
    </p>
   </div>
   <div class='ocr_carea' id='block_1_17' title="bbox 322 4051 1446 4260">
    <p class='ocr_par' dir='ltr' id='par_1_44' title="bbox 322 4051 1446 4260">
     <span class='ocr_line' id='line_1_84' title="bbox 716 4051 1050 4126; baseline 0 -2"><span class='ocrx_word' id='word_1_409' title='bbox 716 4051 849 4125; x_wconf 81' lang='lat' dir='ltr'>LlBER</span> <span class='ocrx_word' id='word_1_410' title='bbox 882 4051 1050 4126; x_wconf 79' lang='lat' dir='ltr'>PRIMUS</span> 
     </span>
     <span class='ocr_line' id='line_1_85' title="bbox 322 4175 1446 4260; baseline 0 -16"><span class='ocrx_word' id='word_1_411' title='bbox 322 4179 398 4246; x_wconf 81' lang='lat' dir='ltr'>Vite</span> <span class='ocrx_word' id='word_1_412' title='bbox 417 4176 531 4260; x_wconf 78' lang='lat' dir='ltr'>magni</span> <span class='ocrx_word' id='word_1_413' title='bbox 550 4177 660 4244; x_wconf 87' lang='lat' dir='ltr'>Patris</span> <span class='ocrx_word' id='word_1_414' title='bbox 678 4176 836 4256; x_wconf 80' lang='lat' dir='ltr'>Genusus,</span> <span class='ocrx_word' id='word_1_415' title='bbox 860 4180 898 4242; x_wconf 81' lang='lat' dir='ltr'>de</span> <span class='ocrx_word' id='word_1_416' title='bbox 916 4192 1018 4256; x_wconf 84' lang='lat' dir='ltr'>prosu</span> <span class='ocrx_word' id='word_1_417' title='bbox 1038 4175 1073 4240; x_wconf 85' lang='lat' dir='ltr'>in</span> <span class='ocrx_word' id='word_1_418' title='bbox 1093 4190 1234 4246; x_wconf 77' lang='lat' dir='ltr'>merram</span> <span class='ocrx_word' id='word_1_419' title='bbox 1255 4176 1446 4258; x_wconf 72' lang='lat' dir='ltr'>transfusos.</span> 
     </span>
    </p>
   </div>
   <div class='ocr_carea' id='block_1_18' title="bbox 775 4296 984 4311">
    <p class='ocr_par' dir='ltr' id='par_1_45' title="bbox 775 4296 984 4311">
     <span class='ocr_line' id='line_1_86' title="bbox 775 4296 984 4311; baseline -0.01 -1"><span class='ocrx_word' id='word_1_420' title='bbox 775 4296 984 4311; x_wconf 63' lang='grc'>,-</span> 
     </span>
    </p>
   </div>
   <div class='ocr_carea' id='block_1_19' title="bbox 301 4367 593 4427">
    <p class='ocr_par' dir='ltr' id='par_1_46' title="bbox 301 4367 593 4427">
     <span class='ocr_line' id='line_1_87' title="bbox 301 4367 593 4427; baseline -0.007 0"><span class='ocrx_word' id='word_1_421' title='bbox 301 4367 415 4427; x_wconf 81' lang='lat' dir='ltr'>CAPUT</span> <span class='ocrx_word' id='word_1_422' title='bbox 447 4368 593 4427; x_wconf 83' lang='lat' dir='ltr'>PRIMUM.</span> 
     </span>
    </p>
   </div>
   <div class='ocr_carea' id='block_1_20' title="bbox 56 4456 852 4602">
    <p class='ocr_par' dir='ltr' id='par_1_47' title="bbox 56 4456 852 4602">
     <span class='ocr_line' id='line_1_88' title="bbox 56 4456 852 4530; baseline -0.003 -15"><span class='ocrx_word' id='word_1_423' title='bbox 56 4459 147 4515; x_wconf 83' lang='lat' dir='ltr'>Sancti</span> <span class='ocrx_word' id='word_1_424' title='bbox 159 4458 260 4530; x_wconf 85' lang='lat' dir='ltr'>patric,</span> <span class='ocrx_word' id='word_1_425' title='bbox 280 4459 418 4527; x_wconf 77' lang='lat' dir='ltr'>nobilitas,</span> <span class='ocrx_word' id='word_1_426' title='bbox 432 4459 533 4526; x_wconf 84' lang='lat' dir='ltr'>stadio,</span> <span class='ocrx_word' id='word_1_427' title='bbox 549 4456 709 4529; x_wconf 78' lang='lat' dir='ltr'>conjuginm,</span> <span class='ocrx_word' id='word_1_428' title='bbox 730 4458 852 4529; x_wconf 84' lang='lat' dir='ltr'>bonores,</span> 
     </span>
     <span class='ocr_line' id='line_1_89' title="bbox 215 4528 688 4602; baseline -0.002 -16"><span class='ocrx_word' id='word_1_429' title='bbox 215 4547 291 4587; x_wconf 88' lang='lat' dir='ltr'>amor</span> <span class='ocrx_word' id='word_1_430' title='bbox 309 4531 466 4600; x_wconf 83' lang='lat' dir='ltr'>uenationis,</span> <span class='ocrx_word' id='word_1_431' title='bbox 485 4536 510 4586; x_wconf 89' lang='lat' dir='ltr'>et</span> <span class='ocrx_word' id='word_1_432' title='bbox 526 4528 688 4602; x_wconf 81' lang='lat' dir='ltr'>superstitio.</span> 
     </span>
    </p>
   </div>
   <div class='ocr_carea' id='block_1_21' title="bbox 52 4628 825 5063">
    <p class='ocr_par' dir='ltr' id='par_1_48' title="bbox 52 4628 825 4972">
     <span class='ocr_line' id='line_1_90' title="bbox 93 4628 825 4704; baseline 0 -18"><span class='ocrx_word' id='word_1_433' title='bbox 93 4629 136 4686; x_wconf 80' lang='lat' dir='ltr'>ll.</span> <span class='ocrx_word' id='word_1_434' title='bbox 157 4628 263 4687; x_wconf 89' lang='lat' dir='ltr'>Celtica</span> <span class='ocrx_word' id='word_1_435' title='bbox 276 4645 330 4704; x_wconf 89' lang='lat' dir='ltr'>qua</span> <span class='ocrx_word' id='word_1_436' title='bbox 344 4628 450 4687; x_wconf 90' lang='lat' dir='ltr'>Medios</span> <span class='ocrx_word' id='word_1_437' title='bbox 463 4628 591 4702; x_wconf 81' lang='lat' dir='ltr'>exporgit</span> <span class='ocrx_word' id='word_1_438' title='bbox 605 4628 695 4686; x_wconf 89' lang='lat' dir='ltr'>Gallia</span> <span class='ocrx_word' id='word_1_439' title='bbox 709 4635 825 4699; x_wconf 87' lang='lat' dir='ltr'>tractus,</span> 
     </span>
     <span class='ocr_line' id='line_1_91' title="bbox 53 4718 745 4794; baseline -0.003 -17"><span class='ocrx_word' id='word_1_440' title='bbox 53 4721 169 4794; x_wconf 88' lang='lat' dir='ltr'>Quaque</span> <span class='ocrx_word' id='word_1_441' title='bbox 182 4729 223 4778; x_wconf 88' lang='lat' dir='ltr'>est</span> <span class='ocrx_word' id='word_1_442' title='bbox 235 4720 279 4777; x_wconf 87' lang='lat' dir='ltr'>vel</span> <span class='ocrx_word' id='word_1_443' title='bbox 294 4720 384 4791; x_wconf 90' lang='lat' dir='ltr'>terris,</span> <span class='ocrx_word' id='word_1_444' title='bbox 396 4721 441 4778; x_wconf 81' lang='lat' dir='ltr'>vel</span> <span class='ocrx_word' id='word_1_445' title='bbox 456 4719 552 4777; x_wconf 90' lang='lat' dir='ltr'>mitior</span> <span class='ocrx_word' id='word_1_446' title='bbox 565 4718 615 4776; x_wconf 92' lang='lat' dir='ltr'>illa</span> <span class='ocrx_word' id='word_1_447' title='bbox 628 4718 745 4788; x_wconf 89' lang='lat' dir='ltr'>colonis,</span> 
     </span>
     <span class='ocr_line' id='line_1_92' title="bbox 54 4808 774 4883; baseline 0 -18"><span class='ocrx_word' id='word_1_448' title='bbox 54 4808 155 4866; x_wconf 90' lang='lat' dir='ltr'>Urbem</span> <span class='ocrx_word' id='word_1_449' title='bbox 170 4809 244 4867; x_wconf 89' lang='lat' dir='ltr'>band</span> <span class='ocrx_word' id='word_1_450' title='bbox 259 4810 426 4868; x_wconf 89' lang='lat' dir='ltr'>incelebrem</span> <span class='ocrx_word' id='word_1_451' title='bbox 442 4809 512 4868; x_wconf 88' lang='lat' dir='ltr'>Galli</span> <span class='ocrx_word' id='word_1_452' title='bbox 527 4826 642 4883; x_wconf 89' lang='lat' dir='ltr'>posuere</span> <span class='ocrx_word' id='word_1_453' title='bbox 659 4809 774 4881; x_wconf 90' lang='lat' dir='ltr'>priores,</span> 
     </span>
     <span class='ocr_line' id='line_1_93' title="bbox 52 4897 707 4972; baseline 0 -17"><span class='ocrx_word' id='word_1_454' title='bbox 52 4897 191 4955; x_wconf 89' lang='lat' dir='ltr'>Uberibus</span> <span class='ocrx_word' id='word_1_455' title='bbox 203 4898 290 4971; x_wconf 89' lang='lat' dir='ltr'>glebis</span> <span class='ocrx_word' id='word_1_456' title='bbox 303 4909 330 4958; x_wconf 90' lang='lat' dir='ltr'>et</span> <span class='ocrx_word' id='word_1_457' title='bbox 345 4899 431 4972; x_wconf 91' lang='lat' dir='ltr'>opimi</span> <span class='ocrx_word' id='word_1_458' title='bbox 446 4916 559 4957; x_wconf 88' lang='lat' dir='ltr'>munere</span> <span class='ocrx_word' id='word_1_459' title='bbox 573 4898 675 4958; x_wconf 88' lang='lat' dir='ltr'>Bacchi</span> <span class='ocrx_word' id='word_1_460' title='bbox 688 4908 707 4969; x_wconf 83' lang='lat'>⁸,</span> 
     </span>
    </p>

    <p class='ocr_par' dir='ltr' id='par_1_49' title="bbox 53 4987 672 5063">
     <span class='ocr_line' id='line_1_94' title="bbox 53 4987 672 5063; baseline 0 -19"><span class='ocrx_word' id='word_1_461' title='bbox 53 4991 95 5044; x_wconf 81' lang='lat' dir='ltr'>Ac</span> <span class='ocrx_word' id='word_1_462' title='bbox 109 4988 284 5060; x_wconf 82' lang='lat' dir='ltr'>praelabentis</span> <span class='ocrx_word' id='word_1_463' title='bbox 294 4987 427 5063; x_wconf 87' lang='lat' dir='ltr'>jucundis</span> <span class='ocrx_word' id='word_1_464' title='bbox 442 4988 539 5046; x_wconf 87' lang='lat' dir='ltr'>usibus</span> <span class='ocrx_word' id='word_1_465' title='bbox 551 4989 640 5045; x_wconf 90' lang='lat' dir='ltr'>amnis</span> <span class='ocrx_word' id='word_1_466' title='bbox 651 4988 672 5058; x_wconf 69' lang='lat'>⁵,</span> 
     </span>
    </p>
   </div>
   <div class='ocr_carea' id='block_1_22' title="bbox 50 5086 851 5660">
    <p class='ocr_par' dir='ltr' id='par_1_50' title="bbox 50 5086 851 5306">
     <span class='ocr_line' id='line_1_95' title="bbox 89 5086 849 5160; baseline 0.004 -18"><span class='ocrx_word' id='word_1_467' title='bbox 89 5094 97 5113; x_wconf 93' lang='grc'><em>·</em></span> <span class='ocrx_word' id='word_1_468' title='bbox 116 5087 156 5143; x_wconf 87' lang='lat' dir='ltr'>Dc</span> <span class='ocrx_word' id='word_1_469' title='bbox 169 5087 259 5144; x_wconf 87' lang='lat' dir='ltr'>vineis</span> <span class='ocrx_word' id='word_1_470' title='bbox 273 5086 572 5155; x_wconf 80' lang='lat' dir='ltr'>Autissiodorensibus‚</span> <span class='ocrx_word' id='word_1_471' title='bbox 583 5088 651 5144; x_wconf 91' lang='lat' dir='ltr'>olim</span> <span class='ocrx_word' id='word_1_472' title='bbox 666 5088 849 5160; x_wconf 84' lang='lat' dir='ltr'>cinisaperia·</span> 
     </span>
     <span class='ocr_line' id='line_1_96' title="bbox 53 5156 851 5232; baseline 0.005 -20"><span class='ocrx_word' id='word_1_473' title='bbox 53 5156 102 5213; x_wconf 88' lang='lat' dir='ltr'>tici</span> <span class='ocrx_word' id='word_1_474' title='bbox 115 5158 224 5230; x_wconf 77' lang='lat' dir='ltr'>bajulis,</span> <span class='ocrx_word' id='word_1_475' title='bbox 239 5159 303 5218; x_wconf 85' lang='lat' dir='ltr'>vide</span> <span class='ocrx_word' id='word_1_476' title='bbox 317 5161 354 5218; x_wconf 88' lang='lat' dir='ltr'>Le</span> <span class='ocrx_word' id='word_1_477' title='bbox 364 5159 474 5231; x_wconf 67' lang='lat' dir='ltr'>Berlin</span> <span class='ocrx_word' id='word_1_478' title='bbox 486 5159 549 5215; x_wconf 81' lang='lat' dir='ltr'>Pro</span> <span class='ocrx_word' id='word_1_479' title='bbox 562 5166 600 5217; x_wconf 86' lang='lat' dir='ltr'>et.</span> <span class='ocrx_word' id='word_1_480' title='bbox 614 5157 693 5231; x_wconf 85' lang='lat' dir='ltr'>Capti</span> <span class='ocrx_word' id='word_1_481' title='bbox 705 5160 851 5232; x_wconf 76' lang='lat' dir='ltr'>receptique</span> 
     </span>
     <span class='ocr_line' id='line_1_97' title="bbox 50 5230 483 5306; baseline 0.002 -20"><span class='ocrx_word' id='word_1_482' title='bbox 50 5230 245 5301; x_wconf 70' lang='lat' dir='ltr'>autissiodori,</span> <span class='ocrx_word' id='word_1_483' title='bbox 260 5249 322 5306; x_wconf 89' lang='lat' dir='ltr'>pag.</span> <span class='ocrx_word' id='word_1_484' title='bbox 337 5232 372 5291; x_wconf 76' lang='lat'>29</span> <span class='ocrx_word' id='word_1_485' title='bbox 386 5239 455 5288; x_wconf 88' lang='lat' dir='ltr'>etse</span> <span class='ocrx_word' id='word_1_486' title='bbox 477 5275 483 5287; x_wconf 95' lang='lat'>.</span> 
     </span>
    </p>

    <p class='ocr_par' dir='ltr' id='par_1_51' title="bbox 87 5247 836 5387">
     <span class='ocr_line' id='line_1_98' title="bbox 87 5247 836 5387; baseline 0.001 -28"><span class='ocrx_word' id='word_1_487' title='bbox 87 5301 225 5361; x_wconf 69' lang='lat' dir='ltr'>&#39;imane</span> <span class='ocrx_word' id='word_1_488' title='bbox 236 5305 352 5374; x_wconf 87' lang='lat' dir='ltr'>scilicet,</span> <span class='ocrx_word' id='word_1_489' title='bbox 368 5247 565 5387; x_wconf 68' lang='lat' dir='ltr'>vulgoql&#39;cnne.</span> <span class='ocrx_word' id='word_1_490' title='bbox 630 5373 636 5385; x_wconf 37' lang='lat'>⁸</span> <span class='ocrx_word' id='word_1_491' title='bbox 669 5373 676 5386; x_wconf 40' lang='lat'><strong>·</strong></span> <span class='ocrx_word' id='word_1_492' title='bbox 830 5373 836 5386; x_wconf 96' lang='lat'>.</span> 
     </span>
    </p>

    <p class='ocr_par' dir='ltr' id='par_1_52' title="bbox 51 5371 851 5660">
     <span class='ocr_line' id='line_1_99' title="bbox 88 5371 849 5456; baseline -0.001 -25"><span class='ocrx_word' id='word_1_493' title='bbox 88 5383 97 5404; x_wconf 84' lang='lat'>⁸</span> <span class='ocrx_word' id='word_1_494' title='bbox 116 5375 274 5434; x_wconf 70' lang='lat' dir='ltr'>nutricare</span> <span class='ocrx_word' id='word_1_495' title='bbox 282 5376 390 5449; x_wconf 86' lang='lat' dir='ltr'>priscis,</span> <span class='ocrx_word' id='word_1_496' title='bbox 405 5386 458 5434; x_wconf 91' lang='lat' dir='ltr'>etc.</span> <span class='ocrx_word' id='word_1_497' title='bbox 483 5374 557 5443; x_wconf 75' lang='lat' dir='ltr'>«Qus</span> <span class='ocrx_word' id='word_1_498' title='bbox 570 5371 796 5456; x_wconf 81' lang='lat' dir='ltr'>Antrssredurum</span> <span class='ocrx_word' id='word_1_499' title='bbox 809 5371 849 5430; x_wconf 84' lang='lat' dir='ltr'>dr·</span> 
     </span>
     <span class='ocr_line' id='line_1_100' title="bbox 51 5444 851 5527; baseline -0.003 -24"><span class='ocrx_word' id='word_1_500' title='bbox 51 5452 129 5503; x_wconf 90' lang='lat' dir='ltr'>ctum</span> <span class='ocrx_word' id='word_1_501' title='bbox 146 5446 223 5518; x_wconf 88' lang='lat' dir='ltr'>prius</span> <span class='ocrx_word' id='word_1_502' title='bbox 237 5448 385 5506; x_wconf 83' lang='lat' dir='ltr'>Autricum</span> <span class='ocrx_word' id='word_1_503' title='bbox 399 5453 487 5518; x_wconf 86' lang='lat' dir='ltr'>putat,</span> <span class='ocrx_word' id='word_1_504' title='bbox 498 5463 575 5503; x_wconf 89' lang='lat' dir='ltr'>suam</span> <span class='ocrx_word' id='word_1_505' title='bbox 593 5461 642 5519; x_wconf 90' lang='lat' dir='ltr'>geo</span> <span class='ocrx_word' id='word_1_506' title='bbox 661 5444 781 5525; x_wconf 79' lang='lat' dir='ltr'>rapbraer</span> <span class='ocrx_word' id='word_1_507' title='bbox 803 5460 851 5527; x_wconf 84' lang='lat' dir='ltr'>no·</span> 
     </span>
     <span class='ocr_line' id='line_1_101' title="bbox 51 5461 851 5599; baseline -0.003 -26"><span class='ocrx_word' id='word_1_508' title='bbox 51 5516 172 5574; x_wconf 84' lang='lat' dir='ltr'>tantiam</span> <span class='ocrx_word' id='word_1_509' title='bbox 186 5518 290 5599; x_wconf 86' lang='lat' dir='ltr'>prodit,</span> <span class='ocrx_word' id='word_1_510' title='bbox 304 5544 313 5565; x_wconf 86' lang='lat'><strong>»</strong></span> <span class='ocrx_word' id='word_1_511' title='bbox 335 5519 427 5592; x_wconf 86' lang='lat' dir='ltr'>inquit</span> <span class='ocrx_word' id='word_1_512' title='bbox 441 5518 568 5575; x_wconf 83' lang='lat' dir='ltr'>Valesius</span> <span class='ocrx_word' id='word_1_513' title='bbox 586 5518 616 5574; x_wconf 94' lang='lat' dir='ltr'>in</span> <span class='ocrx_word' id='word_1_514' title='bbox 631 5462 736 5573; x_wconf 74' lang='lat' dir='ltr'>Metina</span> <span class='ocrx_word' id='word_1_515' title='bbox 750 5461 851 5573; x_wconf 79' lang='lat' dir='ltr'>GsUra·</span> 
     </span>
     <span class='ocr_line' id='line_1_102' title="bbox 51 5588 462 5660; baseline 0.007 -16"><span class='ocrx_word' id='word_1_516' title='bbox 51 5604 127 5660; x_wconf 90' lang='lat' dir='ltr'>rum,</span> <span class='ocrx_word' id='word_1_517' title='bbox 144 5588 192 5644; x_wconf 86' lang='lat' dir='ltr'>ubr</span> <span class='ocrx_word' id='word_1_518' title='bbox 208 5589 242 5647; x_wconf 88' lang='lat' dir='ltr'>de</span> <span class='ocrx_word' id='word_1_519' title='bbox 255 5589 462 5648; x_wconf 70' lang='lat' dir='ltr'>antissiodero.</span> 
     </span>
    </p>
   </div>
   <div class='ocr_carea' id='block_1_23' title="bbox 864 4362 1587 4435">
    <p class='ocr_par' dir='ltr' id='par_1_53' title="bbox 864 4362 1587 4435">
     <span class='ocr_line' id='line_1_103' title="bbox 864 4362 1587 4435; baseline -0.001 -14"><span class='ocrx_word' id='word_1_520' title='bbox 864 4372 889 4431; x_wconf 82' lang='lat' dir='ltr'>D</span> <span class='ocrx_word' id='word_1_521' title='bbox 905 4364 1064 4435; x_wconf 84' lang='lat' dir='ltr'>Magnarum</span> <span class='ocrx_word' id='word_1_522' title='bbox 1080 4362 1246 4434; x_wconf 77' lang='lat' dir='ltr'>multisque</span> <span class='ocrx_word' id='word_1_523' title='bbox 1264 4376 1293 4418; x_wconf 89' lang='lat' dir='ltr'>sa</span> <span class='ocrx_word' id='word_1_524' title='bbox 1307 4363 1587 4435; x_wconf 90' lang='lat' dir='ltr'>componerepcssit;</span> 
     </span>
    </p>
   </div>
   <div class='ocr_carea' id='block_1_24' title="bbox 904 4447 1580 5048">
    <p class='ocr_par' dir='ltr' id='par_1_54' title="bbox 904 4447 1580 5048">
     <span class='ocr_line' id='line_1_104' title="bbox 907 4447 1556 4522; baseline 0 -12"><span class='ocrx_word' id='word_1_525' title='bbox 907 4452 1038 4510; x_wconf 84' lang='lat' dir='ltr'>Autricus</span> <span class='ocrx_word' id='word_1_526' title='bbox 1050 4467 1065 4507; x_wconf 89' lang='lat' dir='ltr'>a</span> <span class='ocrx_word' id='word_1_527' title='bbox 1079 4449 1176 4522; x_wconf 91' lang='lat' dir='ltr'>priscis</span> <span class='ocrx_word' id='word_1_528' title='bbox 1189 4447 1256 4506; x_wconf 93' lang='lat' dir='ltr'>olim</span> <span class='ocrx_word' id='word_1_529' title='bbox 1271 4449 1391 4507; x_wconf 88' lang='lat' dir='ltr'>vocitata</span> <span class='ocrx_word' id='word_1_530' title='bbox 1410 4450 1556 4511; x_wconf 81' lang='lat' dir='ltr'>reiertnr⁸.</span> 
     </span>
     <span class='ocr_line' id='line_1_105' title="bbox 908 4539 1514 4615; baseline -0.003 -15"><span class='ocrx_word' id='word_1_531' title='bbox 908 4543 985 4608; x_wconf 82' lang='lat' dir='ltr'>AEtas</span> <span class='ocrx_word' id='word_1_532' title='bbox 998 4540 1133 4615; x_wconf 83' lang='lat' dir='ltr'>posterior</span> <span class='ocrx_word' id='word_1_533' title='bbox 1147 4539 1245 4611; x_wconf 90' lang='lat' dir='ltr'>pinnas</span> <span class='ocrx_word' id='word_1_534' title='bbox 1259 4547 1286 4596; x_wconf 89' lang='lat' dir='ltr'>et</span> <span class='ocrx_word' id='word_1_535' title='bbox 1295 4539 1418 4597; x_wconf 90' lang='lat' dir='ltr'>culmina</span> <span class='ocrx_word' id='word_1_536' title='bbox 1427 4540 1514 4598; x_wconf 88' lang='lat' dir='ltr'>avitis</span> 
     </span>
     <span class='ocr_line' id='line_1_106' title="bbox 906 4631 1541 4706; baseline -0.008 -12"><span class='ocrx_word' id='word_1_537' title='bbox 906 4635 1043 4694; x_wconf 85' lang='lat' dir='ltr'>Moenibus</span> <span class='ocrx_word' id='word_1_538' title='bbox 1058 4631 1200 4706; x_wconf 89' lang='lat' dir='ltr'>imposuit,</span> <span class='ocrx_word' id='word_1_539' title='bbox 1211 4631 1275 4689; x_wconf 91' lang='lat' dir='ltr'>duri</span> <span class='ocrx_word' id='word_1_540' title='bbox 1290 4631 1447 4690; x_wconf 90' lang='lat' dir='ltr'>munimina</span> <span class='ocrx_word' id='word_1_541' title='bbox 1463 4631 1541 4703; x_wconf 89' lang='lat' dir='ltr'>belii,</span> 
     </span>
     <span class='ocr_line' id='line_1_107' title="bbox 907 4721 1517 4796; baseline -0.002 -15"><span class='ocrx_word' id='word_1_542' title='bbox 907 4725 950 4781; x_wconf 84' lang='lat' dir='ltr'>Ex</span> <span class='ocrx_word' id='word_1_543' title='bbox 963 4721 1145 4796; x_wconf 76' lang='lat' dir='ltr'>augmentatis</span> <span class='ocrx_word' id='word_1_544' title='bbox 1160 4736 1239 4778; x_wconf 88' lang='lat' dir='ltr'>verso</span> <span class='ocrx_word' id='word_1_545' title='bbox 1251 4721 1416 4795; x_wconf 83' lang='lat' dir='ltr'>cognomine</span> <span class='ocrx_word' id='word_1_546' title='bbox 1431 4721 1517 4780; x_wconf 84' lang='lat' dir='ltr'>muris</span> 
     </span>
     <span class='ocr_line' id='line_1_108' title="bbox 906 4809 1518 4887; baseline -0.003 -17"><span class='ocrx_word' id='word_1_547' title='bbox 906 4813 970 4870; x_wconf 87' lang='lat' dir='ltr'>Sive</span> <span class='ocrx_word' id='word_1_548' title='bbox 983 4828 1088 4887; x_wconf 86' lang='lat' dir='ltr'>sequax</span> <span class='ocrx_word' id='word_1_549' title='bbox 1103 4827 1171 4869; x_wconf 88' lang='lat' dir='ltr'>usus</span> <span class='ocrx_word' id='word_1_550' title='bbox 1184 4809 1269 4881; x_wconf 90' lang='lat' dir='ltr'>dicas,</span> <span class='ocrx_word' id='word_1_551' title='bbox 1281 4810 1518 4883; x_wconf 74' lang='lat' dir='ltr'>sanandorum,</span> 
     </span>
     <span class='ocr_line' id='line_1_109' title="bbox 906 4899 1580 4973; baseline 0 -14"><span class='ocrx_word' id='word_1_552' title='bbox 906 4901 959 4959; x_wconf 85' lang='lat' dir='ltr'>Seu</span> <span class='ocrx_word' id='word_1_553' title='bbox 973 4902 1101 4959; x_wconf 90' lang='lat' dir='ltr'>mutilare</span> <span class='ocrx_word' id='word_1_554' title='bbox 1112 4899 1193 4970; x_wconf 80' lang='lat' dir='ltr'>velis,</span> <span class='ocrx_word' id='word_1_555' title='bbox 1209 4908 1236 4957; x_wconf 89' lang='lat' dir='ltr'>et</span> <span class='ocrx_word' id='word_1_556' title='bbox 1249 4899 1354 4958; x_wconf 82' lang='lat' dir='ltr'>dixeris</span> <span class='ocrx_word' id='word_1_557' title='bbox 1366 4899 1545 4959; x_wconf 71' lang='lat' dir='ltr'>altiodorum</span> <span class='ocrx_word' id='word_1_558' title='bbox 1556 4903 1580 4973; x_wconf 74' lang='lat'>⁶,</span> 
     </span>
     <span class='ocr_line' id='line_1_110' title="bbox 904 4989 1502 5048; baseline -0.003 0"><span class='ocrx_word' id='word_1_559' title='bbox 904 4992 1021 5048; x_wconf 90' lang='lat' dir='ltr'>Nomine</span> <span class='ocrx_word' id='word_1_560' title='bbox 1035 4991 1144 5048; x_wconf 87' lang='lat' dir='ltr'>diverso</span> <span class='ocrx_word' id='word_1_561' title='bbox 1156 5006 1198 5047; x_wconf 89' lang='lat' dir='ltr'>res</span> <span class='ocrx_word' id='word_1_562' title='bbox 1213 4996 1254 5045; x_wconf 88' lang='lat' dir='ltr'>est</span> <span class='ocrx_word' id='word_1_563' title='bbox 1263 4989 1432 5046; x_wconf 89' lang='lat' dir='ltr'>cumulatior</span> <span class='ocrx_word' id='word_1_564' title='bbox 1448 5005 1502 5046; x_wconf 88' lang='lat' dir='ltr'>una</span> 
     </span>
    </p>
   </div>
   <div class='ocr_carea' id='block_1_25' title="bbox 904 5085 1705 5500">
    <p class='ocr_par' dir='ltr' id='par_1_55' title="bbox 904 5085 1705 5500">
     <span class='ocr_line' id='line_1_111' title="bbox 940 5085 1701 5156; baseline -0.009 -10"><span class='ocrx_word' id='word_1_565' title='bbox 940 5089 954 5124; x_wconf 52' lang='grc' dir='ltr'>ἃ</span> <span class='ocrx_word' id='word_1_566' title='bbox 971 5090 1011 5146; x_wconf 87' lang='lat' dir='ltr'>Do</span> <span class='ocrx_word' id='word_1_567' title='bbox 1026 5087 1217 5145; x_wconf 84' lang='lat' dir='ltr'>diversissima</span> <span class='ocrx_word' id='word_1_568' title='bbox 1233 5086 1317 5144; x_wconf 88' lang='lat' dir='ltr'>hn&#39;us</span> <span class='ocrx_word' id='word_1_569' title='bbox 1340 5087 1464 5144; x_wconf 86' lang='lat' dir='ltr'>nominis</span> <span class='ocrx_word' id='word_1_570' title='bbox 1486 5085 1559 5156; x_wconf 91' lang='lat' dir='ltr'>apud</span> <span class='ocrx_word' id='word_1_571' title='bbox 1574 5090 1701 5143; x_wconf 76' lang='lat' dir='ltr'>enotares</span> 
     </span>
     <span class='ocr_line' id='line_1_112' title="bbox 904 5105 1705 5237; baseline -0.005 -21"><span class='ocrx_word' id='word_1_572' title='bbox 904 5159 1108 5229; x_wconf 89' lang='lat' dir='ltr'>immutatione,</span> <span class='ocrx_word' id='word_1_573' title='bbox 1134 5159 1198 5215; x_wconf 86' lang='lat' dir='ltr'>vide</span> <span class='ocrx_word' id='word_1_574' title='bbox 1221 5105 1324 5214; x_wconf 67' lang='lat' dir='ltr'>ibidem</span> <span class='ocrx_word' id='word_1_575' title='bbox 1343 5157 1497 5223; x_wconf 80' lang='lat' dir='ltr'>Valerium,</span> <span class='ocrx_word' id='word_1_576' title='bbox 1512 5154 1560 5213; x_wconf 93' lang='lat' dir='ltr'>ubi</span> <span class='ocrx_word' id='word_1_577' title='bbox 1584 5164 1611 5237; x_wconf 76' lang='lat' dir='ltr'>et</span> <span class='ocrx_word' id='word_1_578' title='bbox 1633 5154 1705 5212; x_wconf 90' lang='lat' dir='ltr'>banc</span> 
     </span>
     <span class='ocr_line' id='line_1_113' title="bbox 904 5226 1703 5306; baseline -0.006 -19"><span class='ocrx_word' id='word_1_579' title='bbox 904 5230 996 5287; x_wconf 83' lang='lat' dir='ltr'>lierici</span> <span class='ocrx_word' id='word_1_580' title='bbox 1011 5230 1206 5303; x_wconf 76' lang='lat' dir='ltr'>etymologiam</span> <span class='ocrx_word' id='word_1_581' title='bbox 1221 5227 1349 5301; x_wconf 90' lang='lat' dir='ltr'>rejectam</span> <span class='ocrx_word' id='word_1_582' title='bbox 1364 5228 1490 5286; x_wconf 86' lang='lat' dir='ltr'>invenies</span> <span class='ocrx_word' id='word_1_583' title='bbox 1514 5245 1520 5283; x_wconf 95' lang='lat'><strong>:</strong></span> <span class='ocrx_word' id='word_1_584' title='bbox 1544 5242 1608 5300; x_wconf 78' lang='lat' dir='ltr'>quia</span> <span class='ocrx_word' id='word_1_585' title='bbox 1635 5226 1703 5306; x_wconf 80' lang='lat' dir='ltr'>Uer,</span> 
     </span>
     <span class='ocr_line' id='line_1_114' title="bbox 904 5296 1703 5378; baseline -0.01 -19"><span class='ocrx_word' id='word_1_586' title='bbox 904 5304 975 5369; x_wconf 82' lang='lat' dir='ltr'>Dar,</span> <span class='ocrx_word' id='word_1_587' title='bbox 991 5301 1074 5370; x_wconf 86' lang='lat' dir='ltr'>Dear,</span> <span class='ocrx_word' id='word_1_588' title='bbox 1089 5307 1136 5357; x_wconf 91' lang='lat' dir='ltr'>aut</span> <span class='ocrx_word' id='word_1_589' title='bbox 1151 5301 1227 5357; x_wconf 85' lang='lat' dir='ltr'>Dosr</span> <span class='ocrx_word' id='word_1_590' title='bbox 1239 5315 1295 5358; x_wconf 92' lang='lat' dir='ltr'>non</span> <span class='ocrx_word' id='word_1_591' title='bbox 1310 5299 1466 5357; x_wconf 77' lang='lat' dir='ltr'>munisset</span> <span class='ocrx_word' id='word_1_592' title='bbox 1482 5312 1576 5356; x_wconf 88' lang='lat' dir='ltr'>muros</span> <span class='ocrx_word' id='word_1_593' title='bbox 1589 5296 1703 5378; x_wconf 67' lang='lat' dir='ltr'>Celtice,</span> 
     </span>
     <span class='ocr_line' id='line_1_115' title="bbox 904 5367 1704 5496; baseline -0.005 -66"><span class='ocrx_word' id='word_1_594' title='bbox 904 5371 952 5430; x_wconf 83' lang='lat' dir='ltr'>sed</span> <span class='ocrx_word' id='word_1_595' title='bbox 965 5386 1064 5496; x_wconf 60' lang='lat' dir='ltr'>aquam</span> <span class='ocrx_word' id='word_1_596' title='bbox 1076 5370 1284 5444; x_wconf 83' lang='lat' dir='ltr'>significaverit.</span> <span class='ocrx_word' id='word_1_597' title='bbox 1303 5373 1343 5429; x_wconf 87' lang='lat' dir='ltr'>De</span> <span class='ocrx_word' id='word_1_598' title='bbox 1359 5386 1414 5446; x_wconf 90' lang='lat' dir='ltr'>qua</span> <span class='ocrx_word' id='word_1_599' title='bbox 1427 5386 1455 5442; x_wconf 82' lang='lat' dir='ltr'>re</span> <span class='ocrx_word' id='word_1_600' title='bbox 1470 5385 1520 5440; x_wconf 81' lang='lat' dir='ltr'>pos</span> <span class='ocrx_word' id='word_1_601' title='bbox 1533 5369 1617 5427; x_wconf 88' lang='lat' dir='ltr'>etiam</span> <span class='ocrx_word' id='word_1_602' title='bbox 1636 5367 1704 5429; x_wconf 80' lang='lat' dir='ltr'>alibi</span> 
     </span>
     <span class='ocr_line' id='line_1_116' title="bbox 905 5458 1071 5500; baseline -0.018 0"><span class='ocrx_word' id='word_1_603' title='bbox 905 5459 960 5500; x_wconf 92' lang='lat' dir='ltr'>non</span> <span class='ocrx_word' id='word_1_604' title='bbox 977 5458 1071 5500; x_wconf 91' lang='lat' dir='ltr'>seme.</span> 
     </span>
    </p>
   </div>
   <div class='ocr_carea' id='block_1_26' title="bbox 0 0 1922 6136">
    <p class='ocr_par' dir='ltr' id='par_1_56' title="bbox 0 0 1922 6136">
     <span class='ocr_line' id='line_1_117' title="bbox 0 0 1922 6136; baseline 0 1"><span class='ocrx_word' id='word_1_605' title='bbox 0 0 1922 6136; x_wconf 95' lang='lat' dir='ltr'> </span> 
     </span>
    </p>
   </div>
  </div>
 </body>
</html>
