3834 6136
211 189 243 246 ut
881 185 1034 243 USUARDl
1053 183 1215 246 uoutctu
1830 182 1881 241 ¹⁹2

210 311 315 386 gulari‘a
328 309 503 442 rqq'iciuntur.
519 309 591 368 Vide
615 325 676 385 qnae
695 307 924 392 de'trauslatione
939 309 1014 368 aliis·
1028 316 1054 375 Α
1068 309 1161 367 locum
1176 310 1374 381 determinant,
1405 309 1611 380 adscribendos,
1634 305 1773 384 quidquid
1798 305 1882 365 aliter

209 399 262 525 que
289 383 322 440 ah
368 383 516 441 enscbenio
537 391 564 439 et
578 381 764 464 Papehrocbio
779 383 922 439 eruderate
936 390 1011 439 sunt.

236 457 365 511 uodrctirs
379 460 456 524 ulter,
472 455 593 512 secundo
609 457 668 511 loco
684 471 712 510 rii
733 455 829 510 Adone
851 465 878 510 et
891 455 1012 512 Noiliero

209 527 325 601 positus,
343 527 541 600 inapogrsphis
554 527 788 598 Hieronymianis,
800 527 882 582 sociis
893 527 1012 582 immix-

208 607 255 657 tus
272 601 398 665 retertur,
423 598 524 672 quibus
549 601 748 670 praetermissis
767 601 842 655 solus
866 598 900 653 ab
917 598 1011 655 Adone

209 673 375 738 celebratur,
399 670 544 742 ipsissimis
576 670 630 725 illis
651 671 751 736 verbis,
781 686 841 742 qum
868 679 961 725 noster
985 678 1012 726 et

208 745 347 802 bernerus
362 744 565 868 transcriqsere.
582 746 664 814 Optat
694 742 893 808 lleuschenius,
911 749 941 798 ut
955 742 1011 797 ali·

229 816 320 872 nando
341 816 458 872 edintur
505 814 571 869 abiii
596 813 702 880 ineius
726 815 901 870 solemnitate
923 813 1010 870 sancti

209 832 357 960 augustini
373 902 521 952 sermones,
539 886 578 942 uti
591 885 694 955 prodiit
706 886 762 952 ille,
776 902 856 957 quein
867 885 1011 942 desaiictis

208 958 342 1030 Perpetua
355 967 379 1014 rt
396 958 538 1014 Felicitate
552 957 685 1013 exhibent
696 959 764 1014 Acta
779 974 816 1011 iii
831 957 933 1012 Martii.
951 956 1010 1012 No-

208 1040 283 1087 tatur
304 1046 396 1086 mense
412 1034 544 1102 Augusto,
562 1039 621 1101 post
636 1031 752 1084 llbissuiu
767 1028 917 1096 condidam,
941 1031 1009 1097 Quu-

208 1102 302 1158 drotus
317 1102 418 1174 aliquis
433 1103 462 1156 in
480 1101 646 1158 kalendario
662 1101 881 1172 Carthaginensi,
893 1101 939 1173 qui
950 1118 1009 1171 pro·

208 1176 253 1231 ciil
268 1174 353 1230 dnbio
369 1173 414 1229 hic
426 1174 481 1245 ipse
492 1174 554 1238 erit,
570 1173 676 1228 abaliis
692 1173 761 1228 forie
773 1190 820 1245 pro
828 1173 943 1228 arbitrio
959 1173 1011 1228 boc

208 1244 252 1301 die
266 1246 376 1301 relatus.
390 1246 507 1301 lllustris
519 1245 584 1300 item
593 1253 634 1300 est
649 1247 678 1300 iri
690 1246 806 1299 vetustis
819 1244 1010 1315 llieronyiuia·

207 1317 252 1372 riis
270 1319 416 1374 Tudertiiiu
432 1324 530 1382 turmo,
546 1317 620 1372 sarie
631 1318 657 1370 iri
675 1315 1008 1382 nominihusdelormata‚

206 1405 223 1444 a
259 1405 292 1442 ua
306 1388 397 1444 drrnuo
410 1387 498 1444 avulsi
514 1396 589 1453 sunt,
605 1389 652 1461 qui
672 1387 716 1445 hic
732 1396 918 1444 memorantur
936 1388 1009 1442 baud

206 1405 290 1516 dubie
305 1461 385 1533 primi
402 1467 430 1515 et
443 1460 573 1531 precipui
585 1469 639 1515 tres
655 1459 841 1528 Felicissime,
859 1460 1008 1527 Heraclius,

205 1531 367 1598 Paulinusri
376 1531 561 1600 Martyrologo
573 1531 723 1586 Viennensi
735 1531 846 1602 signati,
858 1542 884 1587 et
894 1531 927 1588 ab
936 1538 1010 1586 utro·

204 1618 260 1730 que
275 1603 341 1670 alio,
357 1601 454 1657 iisdem
474 1602 558 1657 terme
573 1603 700 1656 terminis
714 1602 890 1673 transumpti.
905 1601 1008 1658 Eadem

1066 383 1170 440 sentire
1186 383 1314 440 videatur
1327 383 1526 442 Florentinius.
1537 382 1594 439 Hoc
1604 388 1709 439 certum
1720 386 1772 450 est,
1781 376 1880 438 eedem

1067 455 1158 528 phrasi
1180 456 1214 511 ab
1230 457 1336 523 Adone,
1354 457 1481 514 Usuardo
1499 465 1525 512 et
1545 454 1668 511 Notliero
1682 453 1830 509 recenseri.
1847 453 1879 510 lii

1067 528 1143 584 Actis
1169 529 1260 583 Cutius
1283 529 1374 585 socius
1401 529 1571 610 adjungitur.
1591 524 1661 582 Vide
1675 523 1713 580 ihi
1730 524 1879 607 utriusque

1067 597 1221 665 historiam,
1238 617 1320 673 quam
1337 609 1517 657 recentiorem
1527 598 1668 655 existimat
1679 596 1878 653 Tillemontius

1066 678 1142 726 uiuo
1157 671 1204 737 lV,
1222 689 1280 742 prag.
1297 672 1349 729 :itu
1378 673 1517 728 Ultimum
1535 672 1626 727 locum
1642 678 1758 740 occupat
1774 671 1877 740 Aegru-

1067 742 1137 796 tinus
1153 744 1304 814 Augloruin
1326 746 1480 815 apostolus,
1497 743 1531 799 de
1555 758 1592 814 qu
1605 763 1610 791 i
1625 741 1732 815 primus
1748 741 1880 797 meminit

1068 813 1147 869 Reda.
1172 815 1257 872 Porro
1276 816 1395 877 elogium
1428 814 1618 873 concinnavit..
1643 828 1697 868 non
1725 810 1894 891 Usuardus„

1066 893 1096 940 ut
1110 885 1227 942 credidit
1243 888 1460 958 Pupehrocbius,
1476 903 1511 942 ex
1525 886 1637 958 antiqua
1658 892 1684 940 et
1699 884 1878 941 communis-

1065 959 1134 1012 sima
1156 959 1328 1015 decessurum
1364 966 1520 1014 nistrorum
1545 965 1571 1013 et
1598 956 1715 1012 aliorum
1731 956 1877 1028 opinione,

1064 1029 1111 1085 sed
1127 1030 1197 1091 Ado.
1219 1048 1254 1086 eir
1270 1048 1324 1104 quo
1339 1031 1438 1086 Noster
1461 1038 1487 1087 et
1501 1029 1638 1086 llotkerus
1661 1044 1709 1084 sua
1728 1028 1877 1084 transtule-

1065 1109 1145 1164 ruiit3
1164 1102 1208 1160 hic
1234 1104 1337 1174 integre
1351 1103 1384 1157 ad
1402 1102 1535 1162 ierbuni;
1552 1100 1647 1155 illeiis
1663 1100 1796 1166 rescissis,
1815 1115 1877 1173 quae

1064 1171 1098 1228 ab
1109 1173 1205 1230 Adone
1223 1184 1249 1230 et
1265 1174 1396 1240 Notliero,
1417 1173 1540 1230 [isnardo
1554 1170 1647 1227 addita
1663 1171 1773 1243 putavit
1785 1171 1878 1244 Pape-

1065 1244 1215 1313 brocbius;
1234 1245 1306 1319 apud
1321 1261 1404 1319 quem
1418 1244 1481 1300 ride
1491 1253 1598 1300 caetera.
1615 1244 1704 1317 Atque
1721 1243 1781 1299 haec
1794 1243 1878 1314 plana

1064 1323 1091 1370 et
1106 1325 1180 1372 certa
1196 1317 1311 1373 Usuardi
1331 1316 1416 1373 nostri
1443 1315 1535 1382 lectio,
1551 1331 1632 1387 qnam
1648 1331 1712 1371 eiirri
1728 1313 1878 1371 Adoniana

1065 1395 1091 1442 et
1106 1387 1274 1445 Notkeriana
1286 1390 1401 1445 omnino
1416 1403 1576 1460 congruere,
1593 1394 1620 1442 et
1635 1393 1766 1458 preterea
1779 1402 1817 1442 ex
1833 1386 1874 1459 ip·

1064 1473 1095 1513 so
1113 1458 1208 1514 Adone
1219 1460 1363 1517 eiideuter
1378 1460 1561 1531 desumptam,
1583 1457 1672 1530 princi
1696 1457 1722 1514 io
1737 1457 1875 1516 diximus.

1064 1530 1158 1586 Solum
1175 1531 1362 1603 Augustinum
1377 1531 1418 1589 sic
1437 1529 1586 1587 honorarit
1604 1473 1839 1587 wangatherius:

1126 1631 1280 1681 Ausustine.
1303 1637 1374 1677 tuom
1394 1632 1559 1677 commendet
1572 1627 1683 1689 septima
1701 1640 1796 1675 nomeu

224 1689 239 1729 e
260 1675 351 1730 Prisco
369 1674 517 1729 Coricreusi'
532 1681 559 1727 et
579 1674 676 1743 ingenti
690 1674 858 1729 multitudine
872 1682 913 1729 est
927 1674 1006 1754 ratio.
1023 1683 1046 1744 Β
1127 1691 1218 1738 iacies
1235 1705 1288 1753 quo
1302 1704 1411 1740 ,emm
1428 1693 1569 1750 guarinum
1584 1691 1663 1738 nitttia
1677 1703 1683 1739 ς
1696 1689 1768 1739 verni

205 1744 304 1807 Censet
321 1744 511 1805 Henscheuius
537 1744 771 1822 hieronymianis,
793 1761 854 1822 que
880 1746 1007 1818 martyrii

1125 1752 1256 1818 Principe,
1273 1768 1324 1819 quo
1338 1755 1469 1806 Christum
1482 1753 1572 1804 domiti
1589 1766 1694 1804 sensere
1709 1751 1841 1804 Britanni.

936 1876 1127 1935 AUCTAlllA.

240 1987 411 2055 Tosuicuu.,
438 1995 536 2044 catera
554 1995 613 2044 toto
635 1995 715 2045 textu
730 1986 907 2060 purissimus,
925 1985 953 2042 iii
969 2002 1009 2042 se·

203 2059 296 2118 cundo
319 2058 457 2126 Quadrato
481 2059 601 2133 elogium
626 2060 758 2134 preterit,
777 2060 805 2116 in
824 2059 902 2131 cujus
916 2061 1008 2130 sulem·

204 2132 298 2197 nitore,
316 2140 369 2188 etc.

240 2204 407 2272 Persarum,
431 2203 517 2275 priori
542 2203 626 2276 magis
641 2203 766 2270 mutilus,
785 2202 939 2259 nonhabet
955 2200 1007 2257 nisi

203 2274 238 2333 de
252 2275 391 2357 Quadrato
406 2276 568 2332 Atheniensi
590 2283 617 2331 et
643 2274 814 2348 Augustiuo;
831 2275 930 2331 desunt
946 2272 1007 2330 reli·

224 2364 258 2403 ua
272 2363 375 2404 omnia.

204 2363 221 2421 q
240 2420 387 2476 lloswsiio.
406 2421 434 2477 in
451 2422 504 2478 fine
524 2417 645 2489 adjicit:
670 2446 679 2468 ι
706 2421 774 2476 trem
796 2418 822 2475 iri
839 2418 931 2474 eadem
948 2414 1006 2472 Bri-

201 2490 298 2547 tannia
313 2492 412 2562 insiila,
430 2493 500 2550 beati
518 2493 598 2548 liedm
613 2491 804 2565 presbyteri·
838 2489 916 2547 Diem
936 2487 1006 2544 anti·

201 2563 285 2635 cipat,
298 2579 360 2618 narii
376 2566 478 2622 colitur
497 2565 542 2620 die
556 2567 692 2631 sequenti.

237 2633 1004 2699 deterreantur-tuere.,Aurium-llis.utrumme.

200 2701 1002 2769 Lsrosu.,Loviuriru.etlluirioUirn.ii.·Bi·.ic.deliciunt

201 2772 231 2829 in
245 2773 334 2845 elogio
349 2775 479 2842 Quadrati
504 2775 692 2843 Atheniensis,
711 2778 737 2831 in
752 2793 806 2847 qno
819 2775 924 2830 similes
937 2781 1002 2829 sunt

201 2844 307 2901 Adonis
322 2846 527 2920 Martyrologio.
543 2846 613 2901 Vide
627 2863 710 2919 supra
724 2846 942 2903 observationes.

237 2916 370 2973 Anrvune
382 2921 470 2975 -llau
482 2919 522 2975 sic
534 2917 632 2991 incipit
644 2936 649 2973 :
668 2942 676 2964 ι
692 2921 721 2975 lii
733 2918 874 2974 Britannia
888 2917 1001 2973 civitate

200 2988 373 3046 Dorobernia
387 2994 477 3047 natale
496 2991 581 3046 saneti
596 2991 744 3062 Augustini
763 2990 914 3061 Anglorum
930 3005 1000 3061 apo-

199 3059 275 3125 stoli,
292 3063 338 3132 qui
354 3063 421 3118 olim
438 3063 471 3119 ab
485 3061 711 3135 Apostolicasede
723 3063 845 3120 directus
860 3078 922 3117 cum
938 3061 1001 3116 aliis

199 3131 328 3204 plurimis
355 3134 429 3190 verbi
446 3136 510 3190 vite.
527 3134 671 3200 ministris,
686 3133 765 3205 jussu
778 3133 848 3190 beati
863 3132 998 3199 Gregorii,

1064 1984 1215 2043 Benedicto
1241 1986 1341 2045 abbate
1368 1986 1396 2043 iii
1419 1985 1587 2044 monasterio
1611 1992 1764 2058 susceptus,
1778 1993 1874 2069 postea

1063 2075 1137 2115 anno
1161 2060 1250 2116 etatis
1272 2076 1328 2116 suae
1351 2059 1491 2116 tricesimo
1525 2057 1702 2130 resbyterest
1726 2057 1873 2116 ordinatur

1064 2138 1091 2186 et
1108 2131 1308 2204 nonagenarius
1323 2133 1351 2186 in
1361 2131 1495 2188 extremis
1506 2076 1711 2198 faboranscum
1726 2129 1799 2187 hane
1812 2147 1871 2186 ora·

1063 2202 1167 2258 tionem
1186 2203 1224 2260 :0
1236 2220 1284 2258 rex
1299 2203 1402 2275 gloriae,
1417 2202 1534 2259 Domine
1544 2203 1678 2258 virtutum
1690 2203 1697 2260 l
1707 2209 1773 2268 etc,
1782 2201 1870 2258 ludia·

1062 2281 1103 2330 set
1117 2273 1152 2329 ad
1168 2275 1326 2342 Dominum,
1343 2275 1388 2330 die
1402 2291 1456 2357 qua
1470 2275 1527 2347 ipse
1570 2273 1632 2340 tiit,
1648 2273 1701 2330 hoc
1715 2280 1762 2330 est
1776 2271 1804 2329 iri
1820 2274 1869 2331 As·

1062 2346 1191 2403 censione
1208 2345 1363 2416 Dominica,
1375 2347 1501 2418 spirituin
1518 2363 1533 2402 e
1564 2345 1633 2415 avit,
1649 2345 1712 2401 etiri
1733 2353 1868 2402 monaste·

1062 2416 1113 2480 rio.
1144 2417 1172 2473 iu
1200 2434 1254 2490 quo
1282 2418 1339 2489 ipse
1352 2419 1387 2474 ab
1402 2417 1521 2474 infautia
1535 2416 1658 2473 scientim
1672 2424 1700 2472 et
1712 2416 1866 2473 virtutibus

1060 2488 1178 2555 studuit,
1192 2499 1234 2546 est
1248 2492 1382 2559 sepultus.
1400 2514 1409 2537 ·
1423 2489 1553 2547 Jamdixi
1565 2487 1751 2545 venerabilem
1762 2487 1864 2545 ltedaui

1060 2561 1114 2617 coli
1132 2560 1177 2617 die
1192 2562 1329 2634 sequenti.

1095 2632 1155 2688 llic
1175 2650 1288 2701 norum,
1305 2633 1333 2688 iri
1348 2631 1487 2700 Quadrato
1503 2629 1667 2690 Atheniensi
1682 2630 1749 2687 satis
1765 2647 1862 2704 purus,

1058 2702 1200 2775 subjungit
1223 2703 1257 2759 de
1280 2704 1450 2772 Eleutherio,
1480 2703 1536 2761 lere
1560 2711 1706 2774 utsupra.
1731 2701 1862 2773 Sequitur

1058 2773 1155 2840 Prisci,
1178 2782 1236 2830 turn
1261 2775 1433 2847 symmetrii,
1450 2776 1517 2831 satis
1532 2793 1608 2849 pure.
1623 2774 1694 2831 Dein
1710 2773 1860 2831 inseritur:

1063 2868 1073 2891 ‹
1097 2847 1162 2900 ltem
1191 2848 1277 2901 saneti
1299 2846 1443 2903 llildertici
1469 2847 1589 2919 episcopi
1612 2853 1640 2903 et
1654 2845 1821 2903 contessoris
1845 2870 1854 2894 ·

1056 2917 1236 2972 Hitdaiiertuiri
1254 2917 1394 2990 intelligit,
1409 2917 1442 2974 de
1458 2935 1512 2991 quo
1526 2918 1609 2976 bodie
1623 2919 1651 2973 in
1666 2917 1863 2975 Pretermissis

1056 2995 1082 3044 et
1097 2987 1142 3042 die
1156 2990 1279 3060 sequenti
1290 2990 1318 3044 in
1333 2990 1420 3046 Actis.
1437 2989 1567 3063 Sequitur
1581 2990 1615 3047 de
1629 2987 1781 3058 Quadrato,
1796 2997 1862 3046 tex-

1054 3066 1100 3115 tus
1125 3059 1212 3116 nostri
1235 3062 1332 3130 altero,
1356 3059 1515 3118 Tudertinis
1542 3071 1570 3118 et
1600 3060 1770 3134 Augustino,
1794 3060 1861 3118 satis

1054 3147 1131 3205 pure.

198 3204 305 3277 primus
318 3207 392 3277 genti
416 3207 566 3279 Angloruni
585 3205 688 3263 Christi
706 3205 886 3278 Evangelium
904 3204 999 3277 praedi·
1090 3203 1249 3265 Aoincmcr.
1274 3203 1302 3260 iri
1323 3203 1377 3260 brie
1398 3204 1432 3261 de
1446 3203 1602 3276 Augustino
1623 3202 1743 3276 adjicit:
1774 3204 1860 3263 «cre-

197 3275 282 3332 cavit.
313 3278 380 3333 bem
410 3279 437 3333 iii
464 3279 557 3335 eadem
576 3277 724 3335 Britanniae
747 3279 847 3340 insula,
864 3277 999 3349 depositio
1013 3270 1041 3337 G
1056 3275 1166 3348 hiisque
1178 3275 1270 3333 adbuc
1285 3276 1400 3348 relnlget
1417 3276 1567 3332 miraculis.
1584 3277 1726 3346 Depositio
1741 3292 1861 3332 venera-

197 3344 269 3403 beati
290 3348 369 3406 Bedae
384 3350 548 3424 presbyteri,
564 3350 686 3407 doctoris
707 3352 859 3424 Anglorum
870 3364 998 3418 ,sagacis-

196 3418 271 3486 siuii,
291 3420 371 3493 cnjus
397 3432 499 3495 quanta
522 3423 646 3479 existunt
670 3422 777 3488 merita,
806 3430 833 3478 et
865 3421 998 3478 doctrinm

195 3488 308 3558 fluenta,
324 3495 568 3549 mellitabonoruni
579 3510 691 3564 opernm
699 3502 834 3552 testantur
843 3493 992 3565 exempla.-

196 3560 230 3617 Se
251 3563 327 3617 uitur
348 3564 469 3637 reliquus
484 3571 577 3619 textus
612 3581 669 3619 ure.

277 3650 391 3689 senous.
412 3643 438 3688 et
460 3636 559 3689 Diisic.
585 3581 746 3704 Circipiunt:
770 3635 896 3701 «Rornae,
911 3633 999 3692 sancti

195 3702 431 3776 Eleutheriipapai
441 3713 468 3760 et
480 3704 608 3774 martyris
631 3705 748 3777 llicpost
763 3704 870 3762 beatum
887 3706 998 3761 Petrum

195 3773 386 3842 duodecimus,
411 3776 517 3849 accepit
541 3775 669 3846 epistolas
698 3792 713 3830 a
742 3776 825 3832 bricio
849 3777 998 3833 Britanniae

196 3860 225 3901 re
244 3861 269 3912 e,
284 3854 314 3901 ut
328 3862 375 3917 per
389 3846 447 3916 ejus
464 3848 622 3903 mandatum
640 3847 815 3904 Christianos
833 3848 941 3904 lieret·
959 3850 998 3904 De

196 3861 303 3990 subquo
325 3919 430 3976 similes
453 3928 518 3976 suut
532 3920 748 3987 Aurusueisiisi,
763 3919 954 3976 itis-tense.
971 3929 998 3976 ct

198 3987 262 4044 aliis
280 3989 423 4047 codicibus
436 4008 518 4062 supra
532 3990 633 4048 citatis.

231 4060 388 4118 Cruruisu.
408 4081 414 4118 :
438 4062 542 4132 «Apud
570 4063 703 4130 Athenis,
726 4062 824 4119 natalis
837 4061 909 4119 beati
926 4062 996 4130 Qua·

194 4129 400 4258 dratiepiseopi
424 4141 451 4190 et
476 4135 616 4205 martyris,
640 4135 769 4207 discipuli
796 4135 994 4207 apostolorum.

194 4202 262 4258 ltein
282 4205 395 4261 aterius
410 4205 540 4272 Quadrati
562 4208 702 4280 martyris.
721 4208 747 4261 iii
762 4207 842 4275 cujus
865 4207 995 4263 solemni·

194 4280 250 4330 tate
271 4276 357 4332 saneti
375 4278 522 4351 Augustini
545 4294 685 4336 sermones
701 4278 786 4333 hahiti
803 4279 994 4347 inveniuntur.

193 4345 374 4404 Antisioiluro
400 4351 460 4407 loco
483 4350 607 4416 Cociaoo,
624 4350 714 4421 passio
728 4350 813 4406 sancti
832 4350 916 4407 Prisci
932 4366 995 4406 cuin

193 4419 276 4475 sociis
290 4420 358 4486 suis,
375 4419 519 4477 innumera
529 4431 681 4479 inartvruiu
693 4421 882 4491 multitudine,
893 4431 994 4494 tempo·

193 4506 223 4547 re
235 4492 377 4547 Aureliani
393 4493 574 4566 imperatoris.
598 4495 701 4562 Romae,
721 4494 861 4550 beatorum
887 4503 995 4565 marty-

193 4577 254 4619 ruin
270 4564 424 4620 Sumiiiilrii
439 4567 588 4637 presbyteri
598 4568 749 4623 etaliorum
761 4565 858 4637 viginti
875 4567 992 4623 duorum

1054 3347 1120 3403 bilis
1134 3347 1213 3404 Bedm
1228 3347 1378 3429 presbyteri
1391 3347 1461 3420 apud
1473 3349 1598 3406 Romam.
1615 3373 1624 3396 ι
1638 3347 1711 3414 Quid
1728 3347 1774 3406 hic
1787 3348 1861 3416 opud

1053 3420 1176 3487 Ruinam,
1189 3419 1255 3492 quid
1271 3420 1325 3475 alia
1340 3420 1368 3475 iii
1392 3419 1581 3491 manuscripto
1605 3420 1744 3477 recentius
1767 3418 1861 3477 addita

1054 3491 1221 3563 significent,
1236 3494 1396 3548 examinare
1412 3508 1467 3547 noii
1482 3499 1570 3548 vacat.

1090 3565 1208 3620 blarinc.
1227 3562 1534 3621 Currus-Uerritum.
1552 3561 1728 3618 ‹Eleutherii
1744 3579 1822 3636 papae
1833 3570 1860 3619 et

1053 3637 1193 3707 martyris.
1209 3634 1294 3690 Prisci
1308 3644 1335 3690 et
1356 3634 1456 3691 Felicis
1473 3645 1501 3690 et
1516 3635 1653 3691 sociorum
1665 3633 1736 3705 ejus.
1753 3636 1859 3705 Augus·

1053 3706 1104 3762 tini
1133 3705 1214 3777 priini
1236 3706 1388 3773 Angloruiii
1411 3708 1543 3778 episeipt.
1567 3704 1698 3772 Quadrati
1724 3705 1857 3778 episcopi,

1052 3776 1182 3847 discipuli
1212 3777 1408 3849 apostolorum.
1433 3779 1501 3833 item
1524 3776 1654 3845 Quadrati
1672 3778 1857 3851 martyrium

1052 3847 1132 3918 cujus
1146 3848 1321 3904 solemnitate
1338 3849 1509 3929 Augustinus
1519 3848 1584 3905 lecit
1597 3864 1764 3905 sermonem.
1779 3848 1857 3906 sede

1052 3919 1228 3986 venerabilis,
1265 3920 1396 3992 resbyteri
1411 3920 1586 3977 contessoris.
1617 3919 1683 3976 tulit
1707 3921 1807 3977 militis
1829 3927 1856 3976 et

1051 3991 1216 4064 martyris.»
1239 3937 1291 4060 Cui
1307 3991 1342 4047 ad
1356 3992 1429 4047 diem
1446 4008 1474 4048 se
1496 4001 1604 4048 nentein
1621 3998 1737 4062 spectat.

1087 4065 1118 4120 lii
1135 4063 1271 4120 Vitricus.
1293 4080 1369 4119 num.
1386 4063 1456 4119 5949
1470 4007 1564 4120 deficit
1578 4063 1715 4119 secundus
1729 4063 1857 4131 Quadra-

1051 4142 1107 4191 tus.
1125 4133 1272 4206 Adjectum
1285 4144 1375 4190 autem
1395 4153 1401 4190 :
1421 4135 1531 4192 ·Saucti
1544 4133 1681 4191 Theodori
1697 4135 1849 4207 martyris.-

1052 4206 1123 4264 Vide
1140 4206 1166 4260 in
1184 4206 1378 4263 Preterinissis
1405 4206 1564 4264 Theodorus
1577 4206 1668 4264 binos.
1686 4208 1726 4263 lte
1742 4223 1798 4281 quo
1812 4205 1856 4263 hic

1052 4286 1160 4349 agatur,
1176 4294 1233 4333 non
1250 4279 1346 4347 liquet.

1086 4354 1224 4406 Airsues.
1249 4348 1470 4421 ‹Petragoricas,
1485 4349 1571 4407 sancti
1594 4348 1720 4408 Memorii
1742 4349 1853 4407 conim-

1050 4422 1128 4478 soris.
1145 4423 1207 4503 lpso
1224 4421 1279 4488 die,
1295 4422 1382 4477 sancti
1405 4421 1511 4478 Odoiiis
1534 4421 1752 4478 Dorobernensis
1766 4421 1853 4478 archi·

1049 4493 1169 4566 episcopi
1183 4501 1210 4550 et
1223 4493 1397 4549 conlessoris.
1416 4518 1425 4541 ·
1448 4494 1611 4552 lleinittitur
1638 4492 1698 4550 Odo
1715 4492 1745 4548 iu
1761 4492 1854 4550 indice

1049 4567 1300 4623 Praetermissorum
1313 4565 1347 4621 ad
1362 4565 1434 4620 diem
1451 4583 1480 4622 iv
1493 4564 1571 4622 Julii.

190 4638 313 4716 tempore
331 4637 473 4694 Antonini.
489 4638 599 4694 Tuderti
617 4638 732 4701 Tuscis,
748 4646 906 4694 sanctoruni
923 4638 989 4693 Peli·
1006 4638 1032 4699 D
1085 4639 1208 4696 fluuius.
1227 4637 1274 4694 SS.
1290 4636 1428 4692 Timothei
1444 4644 1471 4693 et
1495 4634 1674 4708 Apollinaris.
1698 4634 1856 4695 ‹Autisio-

192 4717 307 4783 cissimi,
323 4707 437 4772 Eraclii,
454 4710 571 4764 Paulini.
588 4711 619 4764 ln
634 4709 881 4776 Britaniiia,san=iti
900 4711 990 4779 Augu·

192 4780 260 4853 stini
278 4774 398 4847 episcopi
413 4785 440 4832 et
452 4778 626 4846 contessoris,
643 4780 689 4851 qui
702 4781 800 4836 missus
814 4779 920 4836 abeato
933 4781 996 4837 Gre-

191 4860 356 4919 goriopapa,
368 4847 472 4917 primus
486 4852 558 4918 genti
578 4851 728 4922 Anglorum
745 4850 848 4908 Christi
867 4852 995 4923 Evange-

191 4916 260 4974 liiim
278 4916 447 4990 praedicarit.
461 4918 580 4976 Ciuitate
593 4921 726 4989 Eboraca,
743 4924 831 4979 sancti
846 4922 926 4980 Bedae
936 4940 996 4996 pre·

191 4988 223 5046 sb
246 4989 296 5046 teri
312 4996 338 5046 et
353 4990 527 5046 confessoris.
541 5017 549 5040 .

226 5007 396 5120 {nursicus
422 5062 456 5118 de
466 5062 604 5129 Quadrato
619 5064 758 5148 episcopo,
769 5066 846 5125 addit
862 5085 868 5124 :
892 5066 995 5135 «Quod

191 5148 247 5214 uua
260 5152 322 5191 curn
336 5144 440 5218 septem
455 5134 575 5209 Philippi
592 5135 702 5194 filiabus
717 5155 745 5194 in
761 5139 922 5213 prophetica
936 5156 993 5211 gra-

190 5211 229 5260 tia
239 5207 433 5264 celeberrimus
446 5207 540 5264 luerit.
558 5233 567 5255 »
592 5209 739 5282 Sequitur:
764 5237 772 5260 ι
788 5213 891 5278 llomae,
904 5213 994 5268 natale

191 5277 278 5356 sancti
294 5279 446 5336 Eleutherii
462 5297 537 5354 papae
550 5287 577 5337 et
593 5282 731 5346 martvris.
754 5282 805 5349 Qui
830 5283 900 5341 sedit
913 5286 994 5341 annis

191 5347 361 5429 quindecim.
377 5356 401 5407 A
415 5369 470 5425 qno
485 5353 587 5409 Lucius
604 5369 650 5408 rex
665 5340 816 5413 britannie
832 5372 879 5427 per
893 5358 993 5427 episto-

189 5415 255 5484 lain,
271 5417 460 5479 Christianum
476 5441 504 5481 se
526 5425 583 5481 lieri
612 5427 762 5508 postularit
787 5436 814 5483 et
840 5428 993 5500 baptizatus

190 5496 240 5570 est.
258 5514 266 5535 ·
289 5492 327 5570 lle
341 5490 508 5562 Syminetrio
521 5505 548 5553 et
561 5497 645 5555 sociis
656 5497 771 5570 adjicit:
793 5523 803 5545 ι
818 5499 892 5567 Quos
907 5501 992 5556 Anto·

190 5575 274 5642 ninus
290 5570 439 5643 imperator
452 5582 500 5643 pro
515 5567 568 5625 lide
579 5569 680 5628 Christi
706 5569 866 5628 reuocent
880 5572 989 5626 inonda-

190 5642 241 5690 rit.
260 5659 269 5682 ·
290 5633 404 5716 Reliqua
419 5644 485 5693 satis
496 5654 562 5721 pura
577 5652 652 5711 suni,
665 5588 712 5700 sed
725 5644 754 5700 iii
769 5644 823 5701 line
838 5644 878 5701 sic
888 5643 990 5700 liahet:

197 5728 213 5787 c·
220 5706 257 5763 Et
271 5705 406 5787 depositio
422 5710 587 5770 uenerabilis
601 5716 682 5772 Bedae
695 5717 848 5792 presbyteri
860 5724 886 5775 et
898 5717 991 5773 docto·

190 5793 229 5839 ris
252 5788 341 5854 geritis
367 5778 531 5856 Anglorum,
559 5785 607 5857 qui
630 5803 693 5845 cum
717 5798 788 5848 esset
806 5788 992 5865 septenniuai

1051 4709 1111 4766 dori
1129 4709 1157 4763 in
1173 4710 1233 4766 loco
1246 4708 1388 4776 Quotiaco,
1407 4707 1495 4780 passio
1507 4708 1595 4765 sancti
1610 4707 1696 4764 Prisci
1723 4707 1856 4781 martyris

1051 4780 1244 4854 sociorumque
1258 4779 1327 4851 ejus,
1343 4797 1405 4836 cum
1423 4780 1568 4835 innumera
1585 4788 1740 4853 martyrum
1762 4778 1855 4836 multi-

1051 4851 1156 4909 tudiue.
1171 4878 1180 4900 ·
1203 4853 1268 4908 Fere
1280 4858 1311 4907 ut
1321 4851 1548 4932 hieronymiana.

1086 4925 1184 4979 Eiiirio
1200 4922 1378 4981 brusco-Coi
1405 4922 1450 4980 Sic
1464 4922 1573 4979 orditur
1589 4938 1595 4980 :
1614 4946 1624 4970 ι
1645 4922 1749 4990 Romae,
1766 4920 1856 4980 sancti

1050 4995 1204 5052 Eleutherii
1221 5012 1255 5068 pa
1275 5012 1297 5051 as
1311 5002 1339 5051 et
1354 4996 1493 5068 martyris.
1513 4995 1564 5050 llic
1591 4999 1652 5068 post
1678 4993 1791 5052 beatum
1808 4995 1855 5052 Pe-

1049 5075 1123 5125 trum
1148 5068 1198 5124 Xll
1215 5012 1286 5123 sedit
1300 5083 1387 5123 annos
1412 5084 1472 5126 xxi.
1497 5082 1603 5124 meuses
1626 5081 1666 5133 iii,
1682 5065 1742 5123 dies
1758 5084 1786 5122 ir.
1805 5064 1857 5124 tite

1049 5139 1153 5212 accepit
1168 5140 1296 5211 epistolas
1311 5139 1421 5196 atocio
1432 5138 1581 5196 Britaiiuim
1598 5151 1669 5210 rege,
1684 5144 1715 5193 ut
1731 5153 1781 5208 per
1795 5136 1856 5210 ejus

1049 5212 1210 5269 mandatum
1222 5210 1482 5269 Christianusfieret
1511 5211 1560 5266 llio
1577 5209 1675 5266 iterum
1691 5208 1855 5280 affirmavit,

1048 5293 1080 5340 ut
1105 5284 1181 5340 nulla
1208 5299 1270 5340 esea
1298 5283 1436 5339 usualisa
1464 5281 1631 5340 Christianis
1660 5279 1857 5353 repudiaretur

1047 5359 1169 5412 maxime
1185 5354 1324 5423 fidelibus,
1340 5371 1422 5427 quam
1438 5355 1511 5411 Deus
1520 5359 1671 5418 creaverat,
1687 5367 1750 5426 que
1760 5361 1856 5411 umen

1048 5428 1189 5486 rationalis
1204 5435 1231 5484 et
1246 5427 1366 5483 humana
1376 5433 1424 5483 est.
1440 5452 1448 5472 ·
1467 5425 1534 5482 Turn
1557 5424 1591 5482 de
1615 5423 1756 5491 Quadrato
1770 5424 1857 5483 Athe·

1047 5501 1148 5567 niensi,
1164 5500 1198 5557 de
1214 5497 1424 5566 Tudertiuis,de
1435 5495 1656 5577 AugustinoUlii
1666 5497 1855 5555 interseritur:

1053 5596 1062 5618 ‹
1078 5574 1144 5628 ltein
1162 5573 1189 5626 in
1201 5570 1350 5631 Britannis.
1366 5571 1454 5627 saneti
1469 5569 1607 5627 Zacliarie
1621 5568 1746 5640 eiusdem
1761 5569 1857 5641 gentis

1046 5643 1165 5716 episcopi
1181 5651 1209 5698 et
1219 5644 1395 5700 confessoris·
1406 5643 1450 5711 ,de
1461 5659 1515 5716 qno
1525 5641 1608 5698 viden
1618 5640 1637 5696 li
1654 5640 1855 5700 Preterinissi.

1053 5741 1063 5765 ‹
1089 5717 1119 5773 ln
1145 5714 1286 5773 territorio
1313 5714 1535 5775 Autisiodorensi
1576 5714 1667 5787 passio
1690 5720 1856 5775 sauctorum

1045 5787 1133 5848 Prisci
1156 5788 1287 5864 martyris
1303 5797 1331 5848 et
1350 5787 1450 5847 Felicis
1472 5758 1637 5862 presbyteri,
1660 5784 1726 5846 eutii
1743 5782 1858 5862 idgeutl
