3834 6136
67 406 178 466 Martini
194 405 229 461 de
244 405 367 461 Mensola

598 210 915 272 MARTYROLOGIUM.
935 245 967 259 -
988 215 1093 274 MENS.
1114 219 1197 276 AUC.

1677 228 1730 289 390

66 331 334 408 corpushonerifioe
349 334 487 482 sepultum
502 345 542 392 est
557 337 587 393 in
601 339 766 395 monasterio
781 340 912 403 sanctiA
964 341 1108 399 Cervam:
1132 366 1141 391 ι
1161 344 1272 401 llctavae
1296 345 1503 418 Assumptionis
1527 350 1651 422 gloriosa
1677 354 1729 411 Dei

184 477 190 487 ·
391 407 492 464 Misere.
504 407 677 484 Lamensola]
692 411 721 465 iii
730 411 870 468 territorio

66 482 241 539 Tloreutino.
258 501 268 523 ι

103 551 236 609 sienim.
251 567 257 605 :
281 572 290 596 ι
305 549 337 606 ln
346 548 444 607 Galliis
462 551 576 608 civitate
591 552 805 624 Augustoduno,
819 571 873 611 iia-

67 624 131 683 talis
142 630 305 680 sanctorum
318 621 443 679 Medardi
458 631 485 680 et
498 623 643 680 AEmiliaui
658 642 721 682 cum
735 625 801 682 filiis
816 626 873 683 suis

67 705 227 825 oefffissm
243 764 291 822 SS.
308 764 446 822 Timothei
462 774 489 823 et
504 768 613 839 Apoll:
639 794 647 817 ·
662 768 766 835 Remis,
783 769 873 841 passio

67 849 224 967 sanatorum
240 836 330 894 Mauri
346 837 499 911 presbyteri
509 847 609 898 etcum
623 857 656 898 eo
670 840 874 915 quinquaginta

69 928 112 968 nia
140 926 263 983 yrum.»

101 982 198 1040 Editio
214 979 418 1039 beonoc-Cei.
444 982 570 1039 «Octava
583 984 874 1067 Assumptionis'glo·

927 413 1069 486 genitricis
1088 421 1116 469 et
1138 414 1262 487 Virginis
1284 416 1387 474 Mariae.
1409 419 1497 475 Mauri
1521 423 1676 504 presbyteri
1700 433 1728 482 et

927 485 1057 557 martyris
1074 486 1248 560 aliorumque
1270 488 1374 561 quadra
1394 489 1452 547 inta
1467 489 1558 564 [prior
1572 494 1662 561 editio,
1686 513 1726 553 se·

927 558 1049 638 xaginta,
1065 557 1109 614 sed
1131 560 1295 615 scribendum
1318 505 1410 644 xiixg]⁸
1427 562 1516 620 Xoiiis
1539 564 1652 622 civitate
1665 565 1726 624 Gal·

927 628 982 696 liae,
998 639 1156 687 sanctorum
1172 640 1326 760 martzrum
1341 633 1576 762 qninquaginta.»

962 701 1072 757 Metiri.
1098 701 1132 758 de
1155 702 1246 760 Timet
1268 720 1300 762 ee
1327 720 1390 763 atis
1414 705 1514 763 litteris
1540 707 1567 763 iii
1587 714 1668 765 textu
1691 725 1726 768 ex

926 772 1024 829 Adone
1046 773 1160 829 miscet:
1194 774 1362 849 «Scriptum
1388 776 1531 834 invonitur
1556 779 1585 834 iii
1611 780 1727 838 bistorie
1828 828 1834 835 .

927 845 1015 901 sancti
1031 845 1168 901 Silvestri.
1184 871 1193 893 ·
1215 850 1254 903 lte
1270 847 1404 916 Antonin,
1418 857 1506 906 tetum
1520 849 1606 906 lerme
1622 851 1728 911 Adonis

927 925 1033 972 textum
1049 917 1190 974 describit.
1216 919 1245 974 lii
1268 920 1340 976 line:
1372 921 1501 978 «Octava
1520 923 1727 995 Assumptienis

927 987 1050 1059 Virginis
1074 989 1175 1046 Mariae.
1198 990 1300 1059 Roma,
1320 992 1407 1048 sancti
1427 993 1569 1065 Hippolyti
1585 994 1726 1077 martyris.

70 1055 148 1112 riesai
160 1054 214 1135 Vir
234 1052 402 1110 inisMariae.
423 1053 527 1135 Roma,
544 1055 590 1110 via
604 1056 723 1114 Ostiensi
738 1056 766 1111 iii
782 1072 873 1113 cinie-
928 1059 1019 1115 Reiiiis
1032 1060 1144 1116 civitate
1159 1061 1266 1130 Galliae,
1283 1062 1355 1119 beati
1367 1063 1455 1119 Mauri
1471 1072 1573 1120 etcum
1589 1081 1620 1122 ee
1638 1083 1727 1140 quin-

69 1126 137 1184 tario
151 1142 198 1198 egn
251 1141 290 1193 m,
306 1127 397 1206 natale
412 1123 485 1181 beati
508 1126 645 1183 Timothei
661 1127 801 1199 martyris.
819 1128 871 1196 Qui
927 1130 1058 1202 quaginta
1086 1140 1281 1204 niartyrum.·
1313 1133 1417 1190 Deinde
1444 1135 1600 1193 minoribns
1627 1147 1657 1210 ty
1679 1137 1723 1196 is:

67 1207 191 1272 tempore
213 1195 379 1278 Melcbiadis
402 1212 478 1277 papae
502 1197 536 1254 de
556 1198 707 1255 Antiochia
728 1198 805 1254 venit
821 1201 871 1258 Ro·
933 1225 942 1248 ι
958 1202 1039 1274 Apud
1054 1203 1174 1260 Mentem
1187 1204 1323 1274 Falconis,
1339 1205 1367 1261 iii
1383 1205 1495 1263 civitate
1509 1207 1635 1265 Mevania
1645 1154 1727 1282 ‹Cepo-

68 1287 151 1339 mam,
168 1275 198 1326 et
210 1277 357 1342 postquam
372 1267 475 1325 ibidem
487 1285 648 1341 perannum
661 1279 689 1326 ct
699 1277 754 1326 tres
765 1286 872 1329 menses
926 1272 991 1329 sitio
1006 1273 1077 1329 beati
1093 1274 1227 1332 laeohide
1241 1275 1438 1346 Blanconibus,
1449 1279 1497 1349 qui
1508 1277 1576 1344 vita,
1588 1279 1727 1351 moribus,

68 1342 244 1417 praedicasset
258 1349 286 1398 et
304 1341 409 1420 multos
417 1340 452 1397 ad
467 1340 548 1397 fidem
563 1341 668 1399 Christi
678 1342 869 1411 convertisset,
926 1344 1121 1418 miraculisque
1129 1347 1230 1414 clarus,
1241 1348 1318 1404 senio
1322 1346 1380 1418 jani
1391 1349 1543 1416 conlectus,
1554 1357 1582 1406 et
1591 1351 1723 1422 sanguine

68 1423 162 1472 tentus
186 1420 228 1470 est
230 1453 286 1470 .....
315 1420 343 1469 et
361 1419 443 1483 Juxta
464 1415 649 1484 apostolorum
680 1414 796 1469 Paulum
825 1431 873 1486 per
925 1415 1101 1472 excrucilixi
1116 1416 1236 1489 imagine
1250 1418 1365 1487 buente,
1383 1421 1461 1486 faeie,
1478 1420 1610 1488 vestibus,
1629 1421 1724 1478 mani-

68 1495 199 1544 sauctum
212 1483 393 1544 Melobiadem
409 1501 507 1556 papam
522 1495 549 1542 et
563 1493 689 1543 sanctum
705 1484 870 1544 Silvestrum
925 1487 1030 1560 busque
1044 1503 1217 1560 conspersus,
1233 1490 1269 1545 mi
1275 1490 1409 1571 gravitad
1425 1492 1525 1547 coelum
1535 1508 1626 1548 necui.
1638 1492 1724 1564 Cujus

70 1558 175 1615 devote
188 1557 309 1629 sepultii
317 1562 368 1639 est.
384 1581 394 1603 ι
416 1558 456 1613 De
466 1555 683 1638 §ympboriane,
699 1563 772 1629 post,
787 1575 870 1615 ‹con-
925 1575 1025 1631 cerpus
1040 1560 1156 1616 necdum
1168 1562 1296 1642 permisit
1311 1562 1443 1619 Dominus
1463 1563 1556 1620 videre
1570 1563 1723 1637 corruptio·

71 1629 254 1698 summavit,·
274 1627 379 1686 subdit:
405 1628 474 1695 ·Qui
486 1645 549 1685 cuiii
560 1628 594 1685 ad
610 1631 700 1685 locum
712 1628 870 1687 decollatio·
925 1647 1000 1698 uerri,
1016 1630 1062 1687 sed
1077 1647 1239 1702 sanguinem
1259 1634 1371 1689 Domini
1387 1635 1475 1691 nostri
1490 1635 1581 1692 adhuc
1595 1635 1624 1691 iii
1640 1652 1724 1692 manu

72 1703 118 1758 nis
132 1701 286 1768 duceretur,
302 1708 389 1757 mater
402 1698 463 1771 ejus
481 1699 516 1756 de
531 1715 610 1755 muro
624 1701 794 1768 exclamans,
807 1703 846 1757 ait
863 1721 869 1759 :
888 1706 910 1766 Β
926 1710 1056 1758 reservat.
1073 1727 1082 1748 ·
1105 1703 1250 1760 Editiones
1265 1705 1326 1760 aliae
1350 1705 1454 1761 vitiatae
1473 1713 1547 1762 sunt.
1569 1706 1724 1789 Praeligitur

68 1774 147 1841 Nate,
169 1779 244 1837 nate,
266 1780 404 1828 memento
418 1779 526 1829 eternae
545 1771 619 1840 vitae,
644 1771 747 1842 respice
762 1787 870 1830 sursum
926 1773 988 1828 aliis
1004 1773 1114 1841 litteris,
1127 1776 1235 1843 Octeee,
1250 1784 1303 1833 etc.
1317 1775 1370 1831 Sed
1402 1775 1462 1847 ejus
1475 1777 1564 1834 textui
1579 1777 1723 1848 tribuitur,

68 1852 94 1900 et
107 1850 272 1925 regnantem
284 1843 314 1900 in
324 1845 394 1901 coilo
409 1844 531 1900 intuere:
543 1843 594 1899 tibi
607 1842 665 1923 vita
680 1858 735 1898 nen
750 1844 869 1913 tollitur,
924 1845 1045 1902 secunde
1060 1845 1122 1902 loco
1137 1864 1143 1902 :
1174 1871 1183 1894 ‹
1205 1848 1236 1903 ln
1251 1855 1332 1920 portu
1350 1793 1428 1904 urssis
1447 1849 1549 1917 Roma,
1565 1856 1724 1906 sanctoruni

68 1915 113 1973 sed
136 1931 169 1970 in
193 1915 295 1972 melius
321 1923 515 1973 commutatur.
541 1916 577 1970 Et
604 1915 653 1970 tali
675 1913 871 1973 reformatione
925 1916 1106 1989 Hippolyti·
1137 1918 1231 1974 italice
1253 1918 1324 1991 «qui
1340 1918 1580 1989 dieiturNonuus,
1596 1920 1725 1977 etsocie·

69 1987 219 2055 animatus,
235 1994 266 2042 ut
281 1987 343 2043 ovis
356 1987 385 2043 iii
400 2004 450 2043 sua
464 1987 582 2044 infantia
611 2002 661 2042 uer
676 1984 711 2041 ad
726 1985 870 2044 victimam
925 2004 997 2044 rum.
1015 1990 1045 2045 lii
1060 1988 1147 2058 Ostia,
1170 1991 1260 2046 natale
1275 1999 1444 2059 sanctoruni,
1461 2015 1469 2038 ·
1492 1991 1566 2063 typis
1582 1991 1724 2061 Romanis,

69 2058 167 2116 ductus
179 2066 234 2126 est,
250 2074 307 2139 quo
320 2058 465 2127 decollato,
481 2003 634 2116 henoritfoe
650 2065 691 2112 est
705 2060 839 2129 sepultus.
855 2085 864 2108 ι
933 2059 1089 2132 ‹Quyriaci
1102 2059 1130 2117 el
1144 2061 1283 2119 Archelai.
1300 2087 1309 2108 ·
1332 2061 1458 2135 lteliqoa,
1474 2070 1505 2119 tit
1516 2061 1545 2117 in
1560 2062 1646 2134 priori
1661 2062 1726 2119 edi-

70 2133 98 2186 ln
118 2130 335 2198 Portnensibus,
361 2147 428 2202 pura
448 2139 499 2187 est.
532 2132 630 2186 elteiii
654 2130 758 2197 noma,
783 2132 871 2188 sancti
925 2131 1010 2188 tione.
1025 2133 1056 2189 ln
1067 2131 1139 2188 sine:
1160 2134 1272 2190 -bemis
1281 2133 1394 2190 civitate
1410 2133 1517 2203 Galliae,
1528 2133 1628 2191 natalis
1638 2133 1725 2192 saneti

71 2200 205 2258 Antonini
221 2203 355 2274 martyris
366 2210 394 2257 et
406 2202 553 2260 carnificis.
566 2201 703 2269 Quicum,
717 2207 770 2257 ete.
782 2204 872 2260 Xenis
925 2203 1014 2260 Mauri
1038 2205 1170 2276 martyris
1183 2221 1245 2261 cum
1270 2205 1352 2261 sociis
1379 2205 1445 2262 suis.
1462 2204 1514 2272 Qui
1529 2222 1545 2260 a
1562 2206 1648 2262 Roma
1661 2223 1724 2264 cuin

72 2273 298 2342 civitateGalliae,
309 2283 465 2330 sanctorum
478 2272 677 2348 quinquaginta
687 2277 864 2347 martyrum·
925 2276 1005 2331 beate
1025 2274 1170 2332 Timotheo
1186 2277 1284 2333 Remos
1299 2276 1424 2345 veniens,
1448 2287 1591 2349 postquam
1608 2278 1725 2335 verbum

73 2343 155 2400 iidem
168 2351 246 2412 snut,
264 2345 294 2400 ni
309 2345 401 2414 fallor,
416 2346 462 2419 qui
477 2363 560 2419 supra
573 2345 667 2402 Remis
681 2345 869 2404 ascribuntur.
927 2345 976 2402 Dei
988 2346 1090 2401 ibidem
1099 2346 1292 2415 disseminans,
1308 2348 1497 2419 Apollinarem
1514 2364 1577 2405 cuin
1592 2349 1656 2405 aliis
1667 2350 1725 2421 pln-

72 2416 139 2474 Vide
153 2415 284 2473 Gniiviiu.
927 2417 1003 2472 ribus
1026 2417 1199 2490 baptizasset,
1214 2435 1231 2473 a
1247 2419 1396 2492 Lampadio
1416 2419 1543 2490 praelecte
1563 2436 1626 2475 cuni
1642 2419 1726 2476 sociis

102 2487 588 2550 Brimtnhioeittneexcedit.luet
610 2494 632 2549 it
642 2491 715 2548 enini
732 2507 738 2546 :
757 2489 873 2546 «Octava
927 2488 1040 2557 sanctis,
1054 2505 1122 2560 quos
1146 2491 1341 2562 baptizaverat,
1356 2491 1508 2546 decollatus
1527 2498 1578 2547 est.
1602 2490 1653 2546 Die
1677 2490 1725 2546 vi-

74 2559 277 2632 Assumptionis
290 2559 414 2633 Virginis
436 2562 538 2619 Mariae.
556 2590 565 2612 ι
587 2511 623 2621 Et
638 2565 666 2620 iii
682 2563 738 2619 fine
758 2559 870 2632 adjicit:
927 2560 1029 2631 gesima
1040 2561 1171 2630 secunda,
1187 2563 1275 2618 sancti
1291 2561 1422 2635 martyris
1436 2560 1613 2634 Agathonici.
1630 2585 1638 2608 ι
1662 2561 1725 2620 Haec

80 2633 167 2690 dien
179 2633 288 2701 Romae,
304 2633 392 2689 sancti
407 2633 532 2707 Hypoliti
547 2636 689 2711 martyris.
706 2659 716 2684 ι
926 2648 961 2687 ex
977 2632 1060 2690 solito
1072 2632 1148 2690 iente
1164 2633 1270 2692 Graoo.

796 2787 1004 2801 ’.ι’-ι·-

78 2857 177 2915 llKol.
1617 2860 1667 2917 Die
1681 2860 1716 2918 23

104 2949 211 3006 Natalis
223 2955 381 3005 sanctorum
394 2956 547 3022 martyrum
563 2951 674 3020 Donati,
690 2949 832 3018 Restituti,
848 2949 1001 3016 Valeriani,
1013 2952 1172 3009 Fructuosae
1187 2967 1250 3008 cum
1265 2952 1329 3008 aliis
1344 2951 1503 3020 duodecim,
1519 2950 1567 3025 qui
1579 2951 1703 3024 proeolari

74 3038 140 3094 simo
155 3037 337 3095 contessionts
351 3037 455 3094 honore
471 3038 543 3111 apud
558 3039 737 3097 Antiochiam
752 3039 876 3097 coronati
889 3049 963 3097 suiit.
979 3040 1083 3097 Eodem
1100 3041 1155 3110 die,
1170 3041 1244 3097 beati
1256 3040 1355 3098 Zachei
1370 3040 1507 3113 episcopi,
1524 3042 1572 3115 qui
1588 3049 1702 3115 quartus
1716 3057 1732 3096 a

73 3127 184 3197 iacebo,
200 3127 445 3184 Hierosoliniorum
460 3129 604 3185 ecelesiam
620 3132 773 3189 clarissime
785 3133 866 3188 rexit.
883 3131 965 3203 Apud
980 3131 1083 3188 Lieiam
1100 3133 1212 3189 civitate
1226 3132 1309 3203 Egea,
1320 3141 1478 3187 sanctoruni
1496 3130 1615 3199 Claudii,
1628 3129 1728 3186 Asterii

75 3228 96 3276 et
109 3218 224 3287 Neonis,
240 3219 287 3293 qui
305 3219 470 3291 postaoerba
485 3228 624 3278 tormenta
639 3223 715 3280 cruci
730 3224 805 3279 affixi
821 3231 895 3280 sunt.
911 3222 943 3278 lii
959 3230 1040 3293 portu
1055 3222 1131 3278 urbis
1144 3223 1247 3289 lleniae,
1263 3230 1421 3278 sanctorum
1438 3221 1554 3293 Tpeliti,
1570 3220 1691 3289 Quiriaci
1703 3226 1730 3275 et

75 3309 216 3367 Archillai.
230 3307 417 3378 Alexandria,
433 3311 521 3366 sancti
537 3310 656 3368 Theonae
671 3312 792 3385 episcopi
807 3312 973 3369 venerabilis
984 3320 1010 3368 ct
1025 3327 1089 3367 vere
1104 3312 1159 3367 Deo
1177 3310 1263 3382 digni.
1282 3308 1441 3382 [Bouillert.
1457 3309 1512 3365 olio
1524 3309 1730 3381 ordinemsed

75 3399 187 3454 additis:
192 3441 248 3454 .....
268 3398 394 3454 coronati
418 3406 495 3468 sunt,
512 3400 584 3472 apud
606 3400 711 3456 Lieiain
736 3402 849 3459 civitate
873 3403 955 3472 ligea,
971 3413 1130 3459 sanctorum
1152 3410 1305 3472 martyrum
1330 3399 1451 3469 Claudii,
1478 3400 1590 3468 Asterii,
1617 3400 1729 3471 Neonis,

75 3488 241 3545 'domninae
266 3496 293 3544 et
306 3488 472 3556 Theonillae,
488 3490 535 3563 qui
558 3490 609 3547 sub
625 3490 708 3562 Lysia
724 3492 839 3563 praeside
854 3493 938 3549 variis
959 3491 1048 3564 poenis
1063 3490 1213 3548 excruciati
1234 3499 1316 3563 atque
1336 3489 1494 3562 interempti
1510 3498 1583 3546 sunt.
1603 3490 1633 3546 Iii
1649 3498 1730 3562 portu

77 3578 146 3637 urbis
159 3581 255 3638 Romae
269 3579 501 3653 sancttipoliti,
510 3581 644 3650 Quiriaci,
660 3591 687 3638 ct
701 3582 845 3639 Archillai.
863 3581 966 3638 Eodem
978 3581 1033 3650 die,
1046 3580 1118 3637 beati
1132 3579 1232 3636 Zacbei
1246 3577 1379 3657 episcopi,
1395 3577 1443 3653 qui
1457 3587 1571 3651 quartus
1579 3579 1614 3636 ab
1628 3577 1730 3636 lacobe

75 3669 306 3744 ierosolymorum
322 3671 465 3727 ecelesiam
484 3672 637 3728 clarissime
658 3672 739 3728 rexit.
757 3673 944 3742 Alexandria,
965 3672 1053 3730 saneti
1077 3671 1196 3727 Theonoe
1211 3669 1332 3743 episcopi
1359 3669 1527 3726 venerabilis
1549 3680 1577 3728 et
1596 3686 1659 3727 vere
1674 3672 1730 3726 Deo

76 3759 175 3835 digni]
190 3762 258 3818 ltem
274 3761 374 3818 natalis
389 3768 547 3818 sanctorum
568 3762 707 3818 Timothei
722 3771 750 3819 et
764 3764 942 3837 Apollinaris,
960 3762 1006 3836 qui
1023 3760 1093 3834 apud
1109 3759 1285 3816 Hemeusium
1303 3758 1399 3813 urbem
1414 3766 1606 3814 consummato
1621 3766 1731 3830 marty-

78 3851 120 3908 rio
131 3853 253 3910 eclesia
267 3868 351 3925 regna
365 3860 535 3911 meruerunt.
553 3853 686 3927 Lugdune
701 3855 808 3925 Gallie,
825 3864 983 3913 sanctorum
998 3859 1151 3926 martyrum
1165 3850 1297 3909 Minervii
1315 3857 1343 3906 et
1353 3849 1486 3908 Eleazarii
1501 3867 1564 3907 cum
1577 3849 1644 3907 liliis
1657 3857 1729 3906 octo.

841 3997 958 4056 NOTAE.

107 4112 164 4171 Soli
179 4113 243 4188 puri
261 4122 326 4171 eunt
339 4112 489 4182 Merieieii,
508 4112 653 4182 Miieerel,
671 4114 782 4172 Greeee.
798 4120 825 4170 et
838 4116 943 4173 Meloe.

116 4270 261 4326 ·Multnm
286 4267 378 4324 differt
403 4268 562 4325 Carolinum
585 4269 796 4394 antegraqihum.
822 4269 872 4323 Za·
889 4272 910 4330 t}
927 4263 1097 4321 inficiabitur
1112 4262 1252 4320 Pralensis
1266 4260 1371 4319 codicis
1385 4275 1494 4327 censor,
1512 4261 1640 4342 Claudio,
1653 4266 1731 4320 Aste-

77 4340 216 4415 cbeusqui
245 4339 688 4405 uartolocohio,in1)ervensice
710 4340 749 4396 ice
780 4339 874 4394 onitur
928 4333 1731 4413 rioetNeonirecteadjectasluisseDomninametTheo·

76 4414 203 4471 secundo.
226 4357 362 4470 Claudius
377 4410 491 4482 ejusque
516 4411 594 4478 socii,
611 4411 658 4483 qui
674 4356 822 4466 scoringam
843 4411 872 4464 iii
927 4408 1035 4465 nillain.
1053 4406 1191 4462 Habemus
1209 4421 1304 4461 eornm
1320 4412 1380 4460 acta
1399 4403 1608 4486 proconsularia
1627 4410 1732 4484 integra

76 4485 207 4553 Prateiisi,
223 4483 334 4541 tertiam
350 4482 379 4538 in
400 4482 531 4538 Dervensi
548 4482 639 4538 sedem
653 4488 798 4553 occuparit.
815 4483 874 4538 De·
928 4487 1009 4551 atque
1024 4494 1164 4548 germana,
1177 4475 1354 4548 ubiquinque
1365 4474 1405 4531 illi
1418 4480 1553 4544 martyres
1563 4473 1730 4554 nominatim

928 4550 962 4606 ad
983 4548 1168 4605 confitendam
1193 4547 1275 4602 fidem
1295 4553 1430 4602 vocantur
1457 4553 1484 4600 et
1509 4544 1655 4616 suppliciis
1669 4560 1731 4600 cru·

928 4625 1055 4688 cientur;
1077 4627 1104 4676 el
1120 4622 1147 4675 iii
1163 4619 1228 4687 line,
1244 4617 1333 4673 hedilo
1352 4624 1389 4672 esl
1407 4615 1496 4688 poesie
1517 4617 1571 4671 lieo
1586 4615 1613 4670 iia
1628 4615 1733 4671 ciuilele

929 4695 1023 4764 AEqeo,
1046 4692 1092 4747 suli
1116 4692 1197 4763 Lysia
1215 4689 1337 4762 preside,
1358 4705 1377 4744 x
1393 4690 1454 4744 llel.
1479 4687 1550 4759 Sept.
1574 4688 1694 4757 Augusto
1709 4693 1733 4744 el

930 4765 1082 4822 Aristebele
1097 4763 1258 4819 consulibus.
1274 4763 1305 4818 lii
1327 4761 1458 4819 Caroline
1482 4760 1653 4833 autographo
1677 4776 1733 4815 non

932 4838 1043 4894 luerunt
1066 4836 1124 4892 haic
1139 4834 1231 4901 verba,
1252 4834 1298 4905 qui
1339 4840 1379 4888 est
1395 4833 1488 4888 acerbe
1508 4839 1637 4888 tormenta
1659 4830 1733 4886 cruci

931 4909 1006 4983 effici
1023 4915 1094 4976 sent,
1112 4925 1172 4980 quae
1192 4916 1283 4963 tamen
1326 4905 1440 4961 oilerius
1455 4911 1485 4960 nt
1508 4904 1662 4960 Usuardiua
1677 4916 1733 4982 'sue

931 4981 1049 5037 articulo
1064 4980 1189 5036 inseruit.
1205 4979 1270 5035 Tres
1283 4986 1417 5049 martyres
1432 4975 1577 5042 Claudius,
1594 4975 1731 5053 Asterius,

932 5053 1007 5108 Neon
1024 5054 1053 5107 in
1072 5050 1205 5107 Dervensi
1222 5050 1318 5107 codiee
1332 5049 1409 5104 nulla
1430 5045 1527 5103 addite
1541 5048 1731 5100 nominantur.

932 5124 1106 5180 Bouriiiinr.

556 4555 560 4562 2

77 4558 157 4631 nique
169 4565 283 4613 sanctus
298 4555 344 4610 ille
355 4553 498 4620 Claudius,
515 4571 561 4681 qqi
577 4561 694 4636 quatuor
706 4553 735 4607 in
751 4552 873 4608 Pratensi

78 4631 163 4685 socios
177 4626 273 4695 habet,
284 4627 394 4681 nonnisi
407 4625 475 4681 dues
487 4626 521 4680 ba
558 4633 568 4681 t
584 4642 612 4680 iii
623 4625 765 4690 Dervensi,
777 4639 874 4696 ueiiipe

78 4701 214 4756 Asterium
229 4706 258 4754 et
270 4698 401 4753 Neonem.
418 4701 509 4769 Atque
524 4706 554 4752 ut
570 4697 627 4753 haec
642 4696 736 4752 omnia
749 4697 876 4768 corrige-

79 4780 116 4826 ret
131 4770 283 4837 Usuardiis,
300 4770 329 4824 iii
353 4784 404 4824 suo
427 4769 522 4825 codice
539 4777 610 4825 totos
632 4770 755 4841 quinque
779 4783 875 4824 versus

80 4842 257 4898 oblitteravit.
277 4840 338 4896 Nori
362 4839 452 4897 dicam
478 4841 600 4897 eamdem
626 4857 683 4896 esse
706 4857 829 4907 marium,
846 4839 874 4895 id

80 4915 178 4970 centies
193 4914 305 4969 iterasse
332 4919 373 4967 sat
387 4921 439 4967 est.
456 4912 605 4967 Videamus
618 4913 719 4984 quibus
739 4913 828 4969 causis
842 4909 877 4966 ad

81 4985 271 5057 corrigendum
296 4983 431 5040 adductus
448 4984 532 5040 luerit
556 4985 704 5040 Usuaidus.
722 4986 760 5040 lle
779 4983 877 5038 ordine

81 5067 249 5130 quesanctos
258 5055 321 5112 illos
330 5072 400 5111 coin·
412 5056 496 5123 osuit,
508 5056 651 5124 Sollerius,
667 5057 775 5137 opinor,
785 5062 877 5116 aucto-

82 5144 136 5184 rem
152 5129 180 5184 in
193 5127 241 5201 jus
261 5143 318 5183 nen
334 5127 454 5183 vocabit.
479 5128 531 5184 Res
545 5135 587 5184 est
609 5127 703 5192 nihili,
722 5127 750 5181 iii
765 5142 818 5199 qua
832 5125 876 5182 de·

82 5198 216 5258 lendenda
238 5199 365 5272 religioni
388 5199 473 5254 luerit
499 5199 652 5255 immorari.
676 5200 770 5271 Neque
793 5199 876 5254 etiam

681 5339 883 5399 VARlANTES
902 5335 1109 5395 LECTlllNES.

116 5454 223 5524 Zuchei,
242 5454 408 5535 simpliciter
425 5456 549 5512 scribunt
564 5470 669 5522 omnes,
685 5459 801 5525 excepto
816 5451 880 5507 Mo-
933 5449 990 5508 ctie
1008 5454 1041 5502 et.
1060 5446 1178 5528 Creven.
1203 5453 1231 5525 et
1244 5445 1346 5502 Melan.
1362 5449 1458 5522 eontra
1479 5458 1653 5501 communem
1669 5459 1735 5527 oni-

84 5525 136 5582 lan.
163 5528 233 5583 Male
257 5529 323 5600 legit
351 5528 485 5584 Munerat.
507 5526 745 5584 Hierosolimorem
775 5525 881 5579 eeclesia
934 5522 1012 5578 nium
1027 5517 1153 5599 codicem
1171 5518 1316 5574 lectionem
1340 5514 1477 5583 scribunt,
1501 5517 1736 5597 nonnichius,

84 5599 228 5654 chrissime
241 5600 350 5655 claruit.
374 5601 485 5667 bicicm,
511 5602 592 5670 Epeo,
614 5597 755 5670 llippeliti,
770 5603 834 5662 etc,
851 5603 882 5651 ut
935 5593 993 5659 sed,
1009 5591 1144 5671 eum'oliis
1154 5595 1220 5656 octo,
1237 5603 1292 5643 non
1302 5584 1477 5643 advertentes
1490 5604 1597 5671 nomen.
1607 5590 1736 5646 Thocari

85 5670 158 5726 alibi.
175 5672 274 5730 Caeteri
290 5672 426 5731 Munerati
436 5687 541 5728 errores
556 5671 640 5726 lerme
654 5667 793 5740 scriptorii
804 5675 883 5734 sunt,
935 5680 993 5721 esse
1015 5659 1218 5740 muliebrepab
1238 5660 1413 5726 Eleazarum,
1430 5666 1461 5715 ut
1482 5660 1598 5733 Glycera
1615 5677 1631 5717 a
1647 5661 1736 5729 Glyce-

84 5750 113 5797 ut
134 5744 258 5811 Neronis,
284 5760 333 5815 pro
356 5744 465 5811 rVeoiiis,
486 5744 592 5816 eplicit,
609 5741 731 5808 Achillei,
748 5757 810 5795 vero
826 5740 882 5794 lleo
936 5737 1017 5803 rium,
1037 5733 1175 5790 Eustochii
1186 5731 1220 5788 ab
1235 5732 1419 5800 Eustochium,
1434 5739 1487 5791 eto.

84 5813 170 5887 digni,
186 5815 368 5888 Apollinaris,
384 5815 511 5882 Minci-ei,
524 5821 589 5883 ete,
604 5812 653 5868 ubi
672 5812 749 5869 deest
760 5809 883 5883 conjuri-
