3834 6136
65 153 103 212 93
602 156 921 220 banrtaotouutu.
947 193 982 206 -
1001 163 1106 224 MENS.
1126 167 1201 223 MAI.
1695 174 1730 233 04

64 279 252 338 multitudine
273 278 400 338 fidelium
419 279 471 336 sub
485 280 635 338 Aureliano
660 284 835 365 imperatore.
853 313 862 334 ·
885 292 908 350 Α
923 288 1019 345 rabilis
1033 289 1113 347 Beda
1123 290 1280 373 presbyteri
1291 301 1318 349 et
1328 295 1504 365 confessoris,
1515 295 1637 355 doctoris
1651 314 1727 372 pra-

63 352 200 426 Sequitur
217 353 250 409 de
265 352 404 418 Quadrato
418 353 548 421 secundo,
559 353 736 427 Synimetrro,
757 365 821 426 otc,
838 367 869 415 ut

62 442 95 482 su
119 442 149 480 ra
167 426 235 480 satis
249 424 384 480 diximus.

98 442 200 554 gatru.
220 497 301 552 initio
316 506 390 552 cerret
404 497 533 564 Quadrati
550 499 649 570 elogio.
667 500 755 556 Tum:
786 503 868 558 ‹llo-

62 579 291 635 mae,sanctorum
305 578 457 640 martyrum
472 571 589 625 ministri
603 572 755 642 presbyteri
767 574 867 628 etalio-

61 658 127 698 rum
146 642 245 713 uiginti
262 648 392 697 errorum.
410 643 538 713 Sequitur
561 653 651 698 textus
678 648 809 718 reliquus.
837 647 867 702 ln

62 713 120 770 fine
134 724 247 768 autem:
268 713 394 768 ·Eotl·un
411 714 465 777 tle,
481 715 566 768 sancti
586 716 736 772 lileutlrerii
756 734 830 788 popae
841 725 868 772 et

62 794 208 856 nrartyrrs.
227 811 235 830 ·
265 785 390 840 Deinde:
425 811 433 831 ι
452 787 518 841 ltem
533 795 689 842 stricturum
715 798 865 860 martynun

63 857 180 915 Sirnetri
196 857 349 929 presbyteri
362 857 512 912 elatiorem
531 857 626 927 ripintr
639 859 766 914 duorum
781 887 789 905 ·
807 861 866 916 Nou

62 931 196 991 auser-tn,
213 930 344 992 Minister,
358 928 451 985 fiuttrnr
468 945 525 984 esse
541 947 651 989 nrrtrten.
665 933 709 986 ubi
723 934 866 987 restitum-

63 1001 130 1057 dum
147 1001 309 1072 Spartace-ii,
326 1008 378 1055 etc.
399 1003 427 1056 lu
441 1004 525 1056 altera
540 1001 661 1056 editione
677 1003 766 1059 arlhuc
781 1005 867 1060 arltli-

63 1082 127 1130 tur:
152 1074 246 1128 ‹ltorn
264 1071 401 1142 depositio
419 1073 497 1128 berle
515 1074 704 1145 presbyteri..

98 1146 229 1200 Gaurus.
244 1164 249 1200 :
274 1145 360 1200 «Item
375 1153 531 1200 sanctorum
553 1147 681 1211 Victoris,
694 1148 809 1203 lichni·
832 1151 865 1205 lli

62 1218 133 1273 male
148 1234 184 1272 ex
201 1217 427 1287 Hierouyrnianis
443 1235 474 1271 co
488 1216 583 1287 rjrrncti
598 1229 671 1273 sunt.
694 1244 702 1265 ι
720 1220 864 1277 llrlrlernici

63 1288 185 1360 episcopi
202 1289 353 1344 Meldensis
370 1297 397 1343 et
412 1289 586 1344 corilessuris.
604 1315 611 1336 ι
645 1290 713 1345 Vide
733 1309 814 1363 supra
838 1295 865 1348 in

922 361 1007 432 cipui.
1024 362 1076 429 Qut
1094 371 1123 418 nt
1141 381 1196 435 ipse
1211 363 1244 419 tle
1260 368 1350 436 seipso
1367 367 1459 433 refert,
1476 385 1538 423 cunt
1553 379 1623 426 esset
1634 387 1727 428 anno-

924 450 984 513 rum
1002 443 1115 504 septem,
1132 436 1156 490 in
1179 439 1345 494 monasterio
1357 439 1484 506 traditus,
1499 441 1569 496 inter
1579 443 1671 498 obsecr
1679 460 1724 499 an·

924 514 990 584 tram
1010 505 1168 576 ‹ttacipttoae
1189 510 1321 579 reputaris
1340 518 1366 566 et
1387 510 1576 582 qnotidianam
1596 515 1727 572 cantantli

924 593 951 631 ιιι
968 579 1081 632 ecclesia
1097 597 1205 647 curam,
1232 598 1338 650 semper
1354 591 1400 637 ant
1413 583 1529 651 discere,
1554 593 1601 639 aut
1615 585 1724 655 docere,

924 656 970 702 aut
984 650 1114 717 scribere,
1140 652 1221 708 rlnlce
1237 652 1343 708 habuit.
1370 655 1490 710 Tamlrrn
1508 657 1603 725 plenus
1617 656 1724 713 alierum

923 728 949 774 et
964 723 1128 791 sanctitatis,
1146 726 1347 794 rrrrrugenarius
1366 727 1447 793 oluit,
1471 728 1516 781 ute
1532 744 1584 798 qua
1600 727 1724 798 petierat,

924 791 975 847 hoc
985 803 1024 847 est
1035 794 1079 848 ilie
1091 796 1269 852 siscensionis
1282 798 1391 852 Domini
1414 800 1546 854 llloenim
1562 800 1606 855 ilie
1618 799 1725 855 illibato

922 880 1002 919 sensu
1018 878 1042 920 et
1061 866 1139 922 hilari
1161 871 1238 922 uultu
1263 887 1324 924 curn
1343 878 1478 925 caritasset
1494 872 1723 940 autiphonam,0

922 953 970 991 rex
985 938 1210 1006 glor·iur,[lmnirre
1223 942 1368 996 uirtutum!
1383 951 1449 1008 ete,
1463 943 1717 1013 ernisitspirrtnm.»

958 1009 1087 1064 bleisum:
1115 1039 1122 1056 ·
1141 1012 1240 1066 tentem
1259 1013 1313 1081 ilie,
1330 1014 1417 1069 astricti
1433 1015 1587 1069 Eleutherii
1606 1032 1681 1086 papae
1698 1024 1726 1070 et

922 1083 1063 1151 martyris.
1082 1084 1148 1137 item
1165 1085 1301 1153 depositio
1319 1086 1397 1140 berle
1415 1087 1577 1157 presbytori.
1597 1087 1722 1153 Viennae,

922 1154 1010 1222 passio
1026 1155 1110 1209 sincti
1126 1157 1263 1211 Zacharia
1279 1158 1406 1222 sectioni,
1427 1158 1550 1228 ejusrlern
1568 1159 1643 1213 urbis
1660 1158 1724 1227 epi-

921 1239 1006 1294 scopt.
1022 1253 1029 1271 ·
1047 1229 1085 1280 lle
1096 1244 1149 1297 qno
1162 1230 1186 1281 in
1202 1229 1405 1284 l'raetermissis.
1417 1231 1448 1284 ln
1459 1231 1657 1301 posterioribus
1667 1228 1723 1283 eali·

922 1296 1054 1362 tionibus,
1074 1298 1106 1354 tle
1127 1299 1287 1354 Eleutherio
1303 1309 1330 1356 et
1344 1301 1488 1368 Zacharia,
1504 1313 1640 1372 utsupra.
1670 1299 1722 1355 Sed

63 1361 273 1416 Haoesorsusr.
302 1383 310 1406 ι
329 1360 467 1415 Zahariae
482 1361 603 1432 episcopi
620 1361 825 1418 Cantnariensis
839 1373 866 1419 et

64 1432 262 1489 contessoris·
287 1431 357 1490 ane
373 1433 583 1487 Praetermissos.
608 1434 731 1490 «Eodem
748 1434 792 1489 dte
810 1437 865 1503 (rel

65 1505 219 1560 securtdmu
229 1503 309 1572 alios,
324 1504 475 1577 sequente)
486 1503 515 1559 in
525 1504 776 1577 Anglia,rlepositio
788 1524 866 1562 rene·

921 1367 1077 1424 charactere
1089 1370 1199 1436 minori,
1213 1375 1323 1443 volgare
1336 1373 1500 1429 sonorabilis
1512 1374 1590 1429 bellae
1602 1373 1722 1442 elogium

921 1437 974 1494 hoc
990 1440 1071 1495 niolo
1085 1441 1278 1512 subjungunt:
1303 1470 1311 1489 ·
1327 1446 1394 1498 ltem
1409 1445 1545 1515 depositio
1560 1444 1640 1501 Bedae
1655 1459 1723 1518 pre-

921 1509 1037 1580 sbyteri,
1053 1512 1176 1569 doctoris
1191 1515 1283 1585 gentis
1297 1515 1463 1586 Anglorum.
1479 1540 1488 1564 ι

793 1642 1001 1652 ---.

68 1687 106 1745 vt
123 1688 190 1745 Kal.
1605 1691 1655 1748 Die
1672 1692 1720 1749 et.

100 1778 182 1850 Apud
198 1778 311 1834 blesiam
327 1777 439 1834 civitate
451 1778 655 1847 Dorostorensi,
668 1776 767 1833 natalis
782 1777 854 1835 beati
870 1780 949 1848 tutti,
961 1780 1019 1854 qui,
1035 1788 1158 1852 tempore
1172 1779 1385 1852 persecutionis,
1396 1797 1458 1836 cum
1469 1790 1538 1838 esset
1548 1789 1726 1839 ueteranuset

67 1877 185 1924 emeritae
201 1867 321 1935 militiae,
337 1867 552 1940 comprehensus
567 1867 601 1924 ah
615 1867 791 1932 officialibus,
804 1867 891 1939 judici
907 1880 947 1928 est
964 1872 1082 1937 oblatus,
1099 1888 1153 1943 quo
1172 1879 1317 1943 praesente,
1336 1886 1399 1925 cum
1416 1870 1490 1926 idola
1504 1878 1687 1938 execraretur,
1699 1876 1726 1925 et

67 1975 165 2016 nonren
179 1958 286 2016 Christi
301 1959 524 2015 constantissime
540 1959 727 2027 conliteretnr,
739 1960 850 2031 capitali
865 1962 1002 2018 sortientia
1017 1961 1129 2033 punitus
1143 1970 1193 2016 est.
1207 1963 1238 2016 ln
1254 1961 1355 2016 Galliis
1370 1960 1483 2017 civitate
1499 1960 1641 2029 Arausica,
1657 1976 1726 2016 san-

67 2051 98 2108 cti
112 2051 233 2123 Eutropi
248 2050 382 2123 episcopi,
399 2049 476 2122 cujus
490 2050 588 2118 vitam,
602 2050 738 2107 illustrem
753 2051 904 2108 rirtutihus
918 2069 949 2108 ac
963 2052 1115 2131 miraculis,
1130 2051 1218 2108 Verus
1228 2051 1373 2125 episcopus
1388 2051 1531 2108 luculento
1542 2066 1669 2108 sermone
1680 2048 1725 2107 de·

68 2143 169 2202 scribit.
185 2144 218 2199 ln
233 2142 377 2198 territorio
390 2141 548 2209 Adartensi,
565 2143 651 2199 sancti
667 2143 794 2216 Ragnulfi
810 2143 954 2216 martyris.

839 2270 956 2327 NOTAE.

99 2367 263 2426 consonant
278 2367 387 2424 codices
398 2368 1153 2442 nostriplerumquepraecipui,proBautaerpeMayss,
1183 2371 1333 2442 Rostoepd,
1361 2371 1512 2440 Merserat,
1549 2371 1661 2429 Greoen
1698 2379 1726 2427 et

70 2446 144 2496 textu
165 2440 248 2497 citari
268 2440 355 2506 soliti,
382 2441 503 2509 Proteia,
528 2442 677 2509 Herinien,
707 2444 864 2509 Terrorem,
919 2443 1023 2498 Molou.

681 2566 884 2624 vastantes
911 2567 1117 2624 hausturus.

100 2673 234 2729 Moesiam
255 2671 342 2728 denuo
355 2680 429 2728 recte
449 2672 513 2744 legit
527 2672 674 2737 Pratensis,
701 2683 773 2728 recte
798 2674 862 2728 item

68 2745 238 2812 Muneratus,
263 2745 372 2800 sednos
394 2761 427 2799 ex
450 2746 567 2800 altorum
589 2747 713 2801 omnium
736 2745 863 2801 codicum

69 2833 200 2873 cerasensu
215 2816 365 2872 scribimus
383 2817 499 2885 iterium,
520 2825 549 2871 ut
566 2834 621 2870 xxv
639 2816 721 2887 hujus
742 2825 768 2871 et
784 2817 862 2871 alibi.

69 2891 223 2955 Execraret,
257 2906 306 2958 pro
327 2896 506 2953 execraretur,
537 2888 614 2960 ponit
642 2888 760 2944 Greven.
784 2898 865 2960 atque

918 2675 960 2728 ris
976 2674 1111 2745 posterior
1129 2671 1275 2729 scribendi
1290 2672 1388 2727 modus
1410 2672 1524 2726 omnino
1538 2673 1725 2742 praeferendus

918 2747 962 2801 sit.
989 2744 1204 2815 Typothetarum
1231 2743 1437 2799 inmlrertcntiae
1470 2743 1647 2798 tribuentium
1668 2752 1720 2812 cst,

919 2818 992 2889 queri
1008 2817 1036 2870 ιιι
1054 2817 1196 2872 Munerato
1214 2817 1319 2886 legatur
1334 2815 1478 2880 luserim,
1502 2822 1529 2870 et
1554 2817 1579 2869 in
1596 2815 1722 2872 Greveuo

919 2890 1063 2954 Aurouco,
1080 2906 1127 2960 pro
1143 2890 1305 2946 Atera-esico.
1323 2895 1352 2942 ut
1371 2887 1438 2941 hene
1457 2888 1647 2941 interclusio
1665 2903 1722 2941 rur·

70 2960 126 3016 item
143 2978 208 3017 curn
222 2961 342 3024 birriaco,
354 2962 523 3030 arriperetur
538 2962 756 3027 constantissime,
770 2968 866 3015 contra
920 2978 966 3017 sas
982 2977 1120 3028 perperam
1137 2961 1164 3015 in
1181 2963 1265 3015 citato
1282 2960 1423 3014 llunerato
1441 2958 1549 3024 Cieros,
1564 2975 1613 3029 pro
1631 2959 1720 3024 Verns3

72 3049 143 3104 quam
160 3033 275 3090 codices
289 3033 394 3098 ceteri,
411 3042 440 3087 ut
456 3033 482 3088 in
499 3039 585 3087 textu.
602 3034 725 3102 Eutropii,
742 3048 791 3104 pro
805 3035 867 3087 Eo-
921 3040 948 3086 et
969 3035 1105 3101 epotare,
1128 3049 1175 3103 pro
1198 3032 1362 3094 tlrlorteusi;
1384 3039 1513 3102 praeterea
1533 3031 1653 3100 llrrrlrrlfi,
1674 3045 1723 3101 pro

75 3105 156 3176 tropii.
167 3116 212 3161 est
227 3121 257 3160 ιιι
272 3105 408 3170 Pratensi,
426 3103 564 3159 llerinien.
578 3112 605 3159 et
620 3105 782 3171 l'ornaceu,
799 3120 868 3175 quos
923 3106 1067 3172 llopnnlli,⁸
1090 3105 1135 3158 nbi
1162 3105 1285 3170 liosrtnlh
1312 3103 1395 3159 habet
1414 3103 1578 3171 roscreen,
1603 3102 1721 3159 Greren.

74 3185 98 3233 ut
110 3177 281 3235 uetustiores
295 3184 323 3232 et
333 3176 540 3248 probatissimos
555 3179 641 3234 secuti
657 3192 761 3244 suanus,
774 3191 867 3247 qumn·
923 3176 1052 3247 Ronruip,
1074 3176 1176 3231 Molan.
1192 3176 1311 3246 Roaulfi.

752 3299 1052 3358 obscurationes.

101 3403 206 3458 lolium
222 3408 375 3472 martyrem
390 3398 507 3458 celebrat
523 3401 675 3457 llomanum
691 3418 816 3472 parrum,
832 3417 868 3457 ex
926 3404 1086 3456 memoriam
1103 3401 1192 3456 Adoni
1209 3401 1298 3455 dehet.
1321 3402 1364 3456 Ex
1379 3417 1412 3456 eo
1427 3415 1567 3469 sumpsere
1581 3399 1723 3457 [isuardus

73 3475 121 3546 quo
139 3483 271 3546 acceptus
290 3473 325 3528 ab
344 3472 445 3539 Adone,
465 3481 545 3544 atque
562 3473 661 3540 insigni
678 3475 767 3545 elogio
783 3490 869 3527 exor-
924 3483 951 3528 et
971 3474 1114 3539 Notherus,
1127 3474 1207 3527 ambo
1222 3473 1364 3527 dricturam
1381 3471 1548 3542 pressissime
1560 3471 1657 3527 secuti.
1671 3473 1721 3526 Lu·

72 3554 216 3612 natusest,
242 3544 324 3616 cujus
339 3543 508 3616 potissimam
524 3552 640 3615 partem,
663 3561 721 3599 eam
740 3544 868 3600 videlicet
924 3547 1064 3601 colentum
1079 3545 1166 3611 illurn,
1185 3545 1218 3599 tle
1233 3543 1360 3615 Eutropii
1375 3543 1441 3609 rita,
1457 3543 1521 3598 Veri
1537 3543 1657 3614 episcopi
1669 3559 1723 3598 scr·

71 3632 126 3690 quae
143 3617 284 3690 praecipue
296 3624 324 3672 ct
338 3616 452 3672 seorsim
471 3617 574 3672 thiimn
590 3625 703 3688 spectat,
730 3616 868 3671 Usuanlns
926 3632 1046 3683 onmem,
1063 3617 1154 3671 Adoni
1172 3616 1261 3671 risum
1279 3631 1333 3670 non
1346 3632 1414 3681 esse,
1426 3632 1460 3670 ex
1475 3614 1724 3685 sotitacouy'ectura

71 3689 96 3744 in
113 3692 278 3746 laterculum
296 3700 419 3744 nostrum
437 3687 576 3752 traduxit3
592 3689 626 3743 iis
641 3689 867 3760 praeteritisque
922 3688 1099 3750 arbitramur,
1119 3688 1191 3759 qumi
1205 3705 1236 3743 ue
1250 3705 1301 3768 npe
1318 3690 1453 3743 nullosan
1473 3696 1529 3743 tum
1541 3688 1724 3759 elogioexor-

73 3760 236 3831 ieEsychio
247 3761 361 3827 (colitur
372 3778 394 3815 rs
406 3777 441 3815 xv
452 3760 538 3826 iunii)
551 3758 664 3832 ejusque
674 3777 736 3814 cum
750 3768 868 3828 rnartyre

924 3761 1041 3815 rrurerit.
1057 3762 1134 3816 Prior
1144 3778 1216 3815 serm
1229 3777 1279 3815 uns
1293 3777 1363 3832 pare,
1379 3776 1412 3814 ex
1427 3759 1522 3815 corlice
1539 3776 1589 3815 rns.
1604 3760 1724 3832 Fucque·

73 3833 235 3899 collo-quio,
249 3833 282 3887 de
296 3834 431 3889 Pasicrate
447 3833 510 3887 item
527 3843 553 3888 et
572 3832 731 3887 Valentioue
744 3834 868 3887 ltorosto·
884 3843 908 3904 C
926 3833 1010 3896 tiano,
1027 3833 1242 3903 al'ztpebrnchio
1254 3834 1372 3902 primum
1387 3831 1461 3885 erlita
1472 3841 1522 3896 est,
1535 3830 1614 3902 cujus
1629 3831 1662 3887 tle
1675 3849 1724 3887 cae·

73 3901 217 3964 rensibus,
234 3919 288 3957 xxr
303 3904 363 3958 uati
381 3921 393 3958 r
412 3904 482 3970 latis,
503 3904 538 3957 ibi
556 3904 589 3958 ah
604 3904 698 3959 Alone
720 3911 869 3958 strenuitate

72 3983 146 4030 sunt.
159 3974 300 4030 Notherus
313 3977 453 4048 antiquum
470 3976 586 4043 obtinet,
599 3976 755 4030 describens
766 3992 867 4029 rnnnra.

73 4047 169 4102 Florus
184 4047 281 4112 etiarn,
307 4063 399 4102 terrim
423 4047 565 4117 perpaucis
583 4048 616 4101 tle
638 4047 710 4101 Julio
733 4047 868 4101 meminit.

73 4118 118 4174 sat
132 4126 161 4173 et
175 4135 240 4199 quar
256 4118 312 4188 ipse
325 4128 351 4173 et
366 4120 414 4174 alii
432 4119 541 4185 habent,
554 4127 663 4189 accepta
679 4126 745 4173 sunt
756 4135 790 4174 ex
805 4135 869 4189 prae-

74 4191 162 4257 claris,
176 4192 268 4262 iisque
283 4191 399 4245 sinceris
415 4191 501 4257 Actis,
514 4206 630 4261 quorum
642 4193 731 4244 solum
743 4205 870 4260 compen·

74 4260 146 4317 alium
163 4261 264 4317 hahuit
275 4262 474 4327 henschenius,
487 4262 592 4334 integra
607 4263 694 4317 elion
711 4262 870 4319 lluiuartius

77 4349 169 4412 apag.
192 4333 256 4399 stt,
282 4341 356 4389 necte
378 4334 536 4401 observans,
566 4335 598 4389 iis
621 4334 693 4388 ruitis
713 4350 812 4397 carere,
836 4349 871 4386 ex

76 4404 175 4530 quibus
190 4405 224 4461 de
238 4405 376 4477 passionis
390 4412 512 4476 tempore
525 4405 593 4460 certi
605 4405 708 4477 aliquid
723 4413 869 4459 statuatur.

100 4484 164 4548 tque
187 4477 252 4533 hinc
275 4476 392 4548 colligas
411 4493 549 4549 perperam
573 4491 589 4531 a
613 4477 751 4532 Galesinio
770 4477 872 4530 inserta

76 4563 129 4603 esse
144 4557 272 4620 tempora
281 4548 435 4604 Aleruntlri
448 4549 625 4619 imperatoris.
638 4547 740 4602 lolium
752 4548 872 4620 aliquem

75 4620 255 4687 Fuscianum,
272 4637 321 4675 seu
335 4622 448 4675 Faesulis
461 4622 602 4676 cultorne
619 4621 805 4675 Dorostorensi
827 4636 873 4673 ne·

75 4698 126 4747 slro
139 4693 286 4748 dirersum
303 4707 371 4759 esse,
390 4691 489 4747 laudati
511 4692 699 4748 llenscheuius
715 4700 741 4746 et
759 4692 874 4748 lluinar·

76 4766 137 4831 sius,
160 4765 300 4819 err—variis
314 4764 520 4820 characteribus
543 4774 614 4819 reme
630 4763 803 4819 existimant.
829 4761 874 4818 Sic

77 4837 159 4892 tolum
174 4836 285 4892 lulium
300 4835 398 4892 recolit
417 4837 647 4893 Wamlnlbertus:

146 4957 237 5008 Julius
252 4961 313 5006 binc
325 4967 426 5006 sextust
442 4958 515 5006 miles
530 4967 674 5021 martyrque
691 4966 820 5005 venustat.

78 5043 221 5129 Eutropius
231 5056 420 5113 Arausieauus
431 5057 549 5130 primam
561 5073 637 5112 suam
650 5056 678 5111 in
689 5054 777 5112 sacris
788 5054 875 5110 Fastis

925 3912 985 3960 tero
1000 3904 1234 3959 llomrnentarnnn
1255 3907 1381 3959 consulat
1400 3903 1525 3958 curiosus
1547 3905 1641 3958 lector.
1675 3904 1723 3958 llo·

925 3976 1034 4045 pratillus
1049 3976 1219 4031 Telorliensis
1238 3993 1318 4046 prope
1337 3975 1477 4030 Atrebates
1496 3983 1609 4044 martyr,
1623 3990 1638 4029 a
1650 3973 1725 4028 nullo

925 4049 1162 4120 Martyrographa,
1175 4048 1275 4104 Nostro
1290 4049 1445 4120 antiquiore
1460 4056 1506 4103 aut
1521 4063 1624 4113 cocere,
1636 4044 1724 4101 consi·

926 4129 1023 4190 glenus
1038 4129 1087 4174 est.
1101 4120 1188 4174 l’auea
1203 4137 1262 4191 qum
1279 4120 1311 4174 de
1327 4137 1359 4174 eo
1375 4136 1455 4188 super
1471 4126 1535 4172 sunt
1549 4124 1726 4173 monumenta

926 4192 1072 4264 tyrreremla
1094 4199 1159 4245 sunt
1183 4191 1210 4244 in
1227 4193 1332 4261 sylloge
1351 4189 1480 4245 historica
1508 4189 1724 4246 llenscheniana.

930 4263 1105 4318 Terra'tort'trnt
1118 4263 1278 4318 lecturienti>
1291 4279 1337 4331 pro
1347 4262 1613 4326 strennuo-taeter
1625 4260 1725 4326 ilaris,

926 4335 1075 4390 Artesiensi
1093 4334 1246 4403 rmrninam,
1269 4335 1391 4389 Usuunlo
1404 4335 1538 4389 familiare
1553 4333 1678 4388 diximus
1692 4331 1727 4388 ad

927 4424 953 4461 rr
972 4406 1123 4473 Februarii,
1141 4407 1186 4460 ubi
1208 4405 1366 4471 Vrnlastum,
1383 4422 1437 4460 mm
1453 4401 1726 4471 Ati-ebolensiem,sed

928 4478 1132 4532 ⁴liniorteusimn
1146 4478 1303 4548 episcopum
1316 4476 1496 4546 nrrrrcuparit.
1510 4476 1626 4529 Virieant
1637 4474 1725 4528 curio-

928 4549 1013 4604 siores
1041 4548 1201 4617 osy-ruerem,
1226 4565 1285 4619 qne
1304 4548 1330 4600 in
1345 4564 1402 4600 eam
1422 4562 1476 4599 rem
1494 4546 1605 4616 praelata
1629 4544 1672 4598 dic
1692 4543 1726 4600 ab

931 4618 1103 4675 llenschenio
1125 4626 1218 4672 notata
1244 4625 1317 4673 sunt.
1347 4617 1452 4672 Dubius
1467 4623 1539 4670 certe
1554 4631 1726 4742 nequaquam

929 4709 987 4748 esse
1012 4698 1099 4762 potest
1123 4690 1237 4744 Usuanli
1262 4698 1363 4755 tetrus,
1389 4687 1421 4744 ad
1445 4703 1525 4759 quern
1544 4689 1621 4742 nulo
1646 4688 1727 4744 ιιιιιιιο

930 4772 1033 4834 spectat
1050 4763 1156 4817 adilitio
1172 4761 1316 4817 recentiori
1333 4777 1415 4815 maino
1430 4760 1501 4815 lacta
1517 4760 1544 4815 ιιι
1559 4760 1653 4817 coritce
1664 4761 1726 4816 Pra-

931 4837 1011 4898 leusi,
1028 4852 1140 4904 nempe:
1171 4836 1229 4904 lpse
1255 4834 1306 4900 die,
1333 4834 1473 4888 trortslutio
1501 4834 1622 4903 corporis
1643 4832 1727 4887 scrtctt'

930 4909 1042 4965 Martini
1054 4906 1333 4976 (blaximiniloibotis
1350 4913 1372 4960 et
1388 4905 1555 4975 confessoris,
1568 4921 1620 4959 noo
1639 4901 1726 4958 Treui·

930 4982 1015 5035 ren-rm
1030 4980 1153 5050 episcopi,
1181 4977 1228 5033 setl
1243 4979 1344 5032 obtritis
1359 4978 1533 5040 illiciucerrsis,
1563 4975 1608 5047 qui
1625 4973 1727 5028 colitur

931 5071 969 5108 xr
984 5051 1152 5109 Decernbris.
1170 5051 1232 5106 lltec
1248 5066 1296 5121 per
1313 5059 1488 5106 transennam
1507 5047 1671 5101 dictasunt.

807 5178 996 5236 Aternum.

107 5277 268 5335 Pccssrrsrr.
284 5287 388 5335 resecat
402 5278 521 5350 elogium
535 5277 612 5334 iulii.
628 5279 659 5333 ln
675 5276 809 5348 Eutropio
827 5295 874 5348 pu·
890 5282 913 5340 D
931 5274 1052 5331 doctoris
1076 5273 1164 5345 gentis
1188 5273 1350 5343 huglorum.
1367 5295 1375 5316 ι
1410 5266 1533 5334 Notabis,
1564 5268 1727 5340 posteriores

77 5365 128 5417 rus,
143 5352 254 5406 omittit
270 5352 407 5423 linquam,
423 5358 450 5407 et
466 5353 493 5406 in
509 5351 561 5405 line
576 5349 690 5420 arljicrt:
715 5374 723 5395 ι
740 5349 769 5404 ln
786 5350 871 5402 terri-

77 5424 141 5478 torio
157 5423 369 5486 Aurelianensi,
384 5423 527 5478 translatio
541 5423 665 5490 corporis
679 5420 766 5474 sancti
787 5421 871 5475 llaxi·

77 5495 139 5550 mini
155 5495 268 5551 abbatis
292 5502 319 5550 et
337 5495 513 5551 confessoris.
541 5524 576 5534 -
600 5494 624 5548 ls
640 5501 681 5547 est
703 5492 736 5546 de
752 5508 805 5562 quo
818 5490 875 5562 jam

78 5580 106 5620 ex
120 5566 248 5622 Puarsu.
265 5566 401 5634 diximus,
423 5566 581 5621 relerenrius
596 5564 630 5619 arl
648 5581 684 5618 rr
707 5564 873 5619 lieceurbris

107 5636 873 5705 aeternamm.litoream-uam.traxttmmtmr.

80 5706 211 5780 burum„
228 5710 424 5767 horruisset
440 5710 537 5766 Eorrro
551 5711 623 5766 Ucrn
635 5711 765 5764 o.·ltato.
780 5709 810 5762 ln
822 5708 875 5762 line

79 5786 212 5844 attexuit:
231 5783 319 5841 «item
325 5781 462 5857 depositio
471 5783 585 5843 Domini
595 5781 675 5840 Belle
685 5781 839 5854 presbyteri
849 5786 876 5836 te

931 5363 1026 5403 onnes
1044 5347 1140 5402 inethe
1163 5355 1233 5401 notre
1248 5344 1355 5399 codices
1377 5356 1425 5418 pro
1440 5338 1580 5395 territorio
1609 5341 1728 5398 ‹Adar-

931 5427 1031 5486 tense»
1054 5419 1173 5473 scribere
1196 5417 1416 5473 «Atrelmtensr,·
1437 5410 1511 5480 quod
1529 5413 1727 5470 lerciuutetinnt

930 5492 994 5546 alm
1020 5499 1101 5562 arque
1123 5491 1187 5544 irem
1205 5483 1337 5554 Regrrut'o
1362 5481 1482 5536 tribuere
1499 5485 1609 5541 titulum
1639 5513 1646 5533 ·
1664 5486 1727 5557 epi-

930 5561 1016 5634 scopi,
1034 5587 1041 5608 ι
1063 5579 1144 5633 quarn
1176 5559 1356 5625 utllgtltlaitilll
1375 5570 1389 5607 ii
1405 5564 1499 5610 sustulit
1518 5556 1635 5613 liuiltrllo
1677 5573 1724 5611 ΒΓ-

931 5652 1021 5706 pemm
1037 5634 1069 5688 mi
1085 5634 1162 5686 illum
1180 5628 1263 5682 luisse
1286 5627 1448 5682 translatum
1465 5628 1616 5698 opinatur·
1647 5573 1725 5684 lien-

930 5705 1068 5762 sebonius.

966 5780 1126 5835 mancam
1151 5778 1178 5828 et
1204 5771 1304 5831 Dante.
1330 5771 1403 5832 idem
1418 5772 1486 5846 ipsis
1500 5773 1575 5847 quoti
1587 5771 1726 5846 prioribus
