3834 6136
146 208 217 273 fall

631 215 678 275 on
696 215 886 277 ninacums
906 214 934 278 s.
954 180 1124 277 cunnum.
1145 251 1180 262 -
1201 213 1267 278 tie.
1287 219 1309 277 1.

1722 226 1793 286 l²l8

182 370 226 427 20.
243 372 265 428 0
283 370 385 441 virum,
404 371 448 429 cui
463 389 570 445 semper
587 390 693 430 summa
717 373 869 442 debentur;
893 375 940 446 qui
956 374 1122 435 Acellulam
1137 374 1307 431 aflictienum
1322 373 1381 447 ejus
1394 380 1421 431 et
1439 375 1611 433 cruciatuum
1640 381 1797 450 consciam;

142 477 237 517 amore
252 461 317 516 vita¹
333 469 439 518 aeternae
464 456 647 518 voluntariam
671 463 815 533 amplexus
837 479 943 534 paupe-

142 551 225 620 riem,
242 557 332 605 totum
348 549 458 606 Christo
472 551 558 620 dedit,
571 552 623 608 sibi
636 550 707 605 nihil
720 551 853 607 retinuitl
874 552 942 619 Quis

142 640 230 695 animi
249 638 308 710 ejus
324 639 444 707 facilem,
462 650 488 698 et
503 658 567 698 sane
582 640 702 712 ingenuo
717 641 832 714 dignum
846 641 875 697 in
891 642 942 698 hac

141 738 219 802 parte
235 728 321 801 possit
335 729 472 801 explicare
487 731 659 787 candorem?
673 731 741 799 Quis
755 731 941 805 bona,quihns

141 836 218 876 nunc
242 818 367 874 Ecclesia
391 819 492 876 Christi
520 838 567 893 per
592 820 682 893 ipsum
710 822 822 890 fruitur,
853 824 939 878 relatu

140 906 395 979 comprehendere?
410 909 487 965 Unde
503 926 576 966 nunc
591 910 712 982 episcopi
736 910 870 979 ditantur,
892 911 939 966 vi-

140 995 243 1054 ctualia
258 996 352 1052 clerici
368 1006 585 1070 consequuntur,
600 1000 937 1069 sustentanturmonachi,

140 1094 301 1144 recreantur
315 1087 403 1158 egeni,
417 1085 501 1159 hujus
515 1087 578 1157 fuit,
594 1087 703 1161 exejus
718 1090 752 1146 ad
768 1090 818 1146 hos
837 1091 939 1147 fecun-

97 1189 100 1194 ·
140 1176 256 1232 dissirna
270 1177 395 1248 largitate
410 1177 551 1248 profusum
569 1186 619 1235 est.
636 1179 743 1246 Quanta
758 1161 791 1235 ad
811 1197 861 1236 nos
875 1181 938 1236 vir·

139 1273 232 1322 tutum
257 1265 465 1339 sanctitatisque
490 1266 549 1338 ejus
573 1269 700 1340 exempla
733 1271 937 1327 manaverunt?

138 1355 248 1423 Quanto
263 1355 361 1411 latiora
379 1356 445 1413 hinc
461 1356 615 1428 potuissent
628 1358 727 1415 confici
745 1367 934 1431 monumenta,

138 1445 279 1518 compingi
292 1445 448 1514 volumina,
460 1447 483 1502 si
496 1447 520 1502 ei
536 1446 645 1518 degenti
661 1448 688 1503 in
698 1450 798 1505 saeculo
811 1449 936 1507 curiosus

137 1533 296 1591 adhesisset
311 1534 421 1606 aliquis,
434 1535 480 1607 qui
496 1535 579 1592 verba
591 1535 660 1608 ejus,
677 1545 707 1593 ut
720 1537 828 1610 singula
842 1538 875 1595 ab
890 1557 936 1596 ore

137 1621 269 1691 fluebant,
286 1623 434 1696 exciperet,
452 1633 528 1682 actus
542 1624 600 1696 ejus
615 1642 710 1682 omnes
725 1627 860 1685 curiosius
881 1628 936 1683 eb-

997 463 1053 532 cui,
1069 463 1171 531 nescio,
1188 465 1329 533 ostiolum,
1351 481 1386 521 an
1402 465 1549 522 fenestram
1565 466 1697 538 dixerim,
1718 477 1797 528 tanta

998 561 1055 610 erat
1078 552 1235 608 humilitate
1261 553 1440 624 perexiguum
1477 562 1508 611 ut
1540 570 1632 624 nomo,
1669 560 1798 629 quamvis

997 645 1126 718 quantilli
1139 645 1271 716 corporis,
1283 645 1336 701 nisi
1353 663 1455 718 pronus
1466 665 1515 719 per
1524 648 1552 705 id
1569 649 1689 720 irrepere
1701 658 1797 722 potue·

996 735 1042 791 rit.
1057 733 1130 801 Quid
1144 733 1182 788 ibi
1192 733 1353 806 gemituum,
1365 735 1431 807 quid
1440 736 1531 793 fusum
1540 746 1580 793 est
1590 738 1795 810 lacrymarum;

996 833 1104 896 quanta
1129 822 1191 879 viro
1205 821 1238 878 ad
1253 824 1495 894 contemplandum
1514 827 1600 882 Deum
1617 826 1794 885 divinissimo

995 913 1177 968 revelationes
1187 912 1285 979 allate,
1297 912 1426 982 angelice
1439 914 1641 971 consolationes
1650 915 1794 985 adhibitae

995 1009 1131 1074 postremo
1144 1016 1225 1073 quam
1240 1000 1335 1056 crebra
1350 1001 1554 1058 confluentibus
1568 1019 1600 1060 eo
1615 1005 1725 1076 populis
1738 1006 1795 1061 ani·

994 1105 1100 1144 marum
1111 1106 1312 1161 corporumque
1323 1096 1448 1160 percepta
1458 1090 1579 1146 remedia
1595 1109 1601 1157 ;
1618 1093 1737 1148 multum
1756 1099 1797 1149 est

993 1177 1094 1235 dicere.
1119 1177 1187 1244 Quis
1210 1180 1307 1235 saltem
1332 1178 1479 1234 efficaciter
1506 1178 1624 1235 sufficiat
1645 1181 1795 1252 pensitare,

993 1282 1063 1339 quae,
1084 1276 1196 1340 quanta,
1212 1277 1239 1323 et
1253 1284 1335 1340 quarn
1349 1267 1505 1340 frequentia
1520 1267 1646 1324 fuerint?
1658 1269 1729 1336 Quia
1742 1271 1794 1327 seli

992 1363 1099 1414 constat
1115 1359 1181 1415 Deo.
1202 1358 1348 1428 Postquam
1366 1357 1516 1429 incoeptum
1541 1358 1682 1430 negotium
1698 1360 1794 1431 paucis

992 1447 1192 1519 promovimus,
1213 1446 1246 1503 ad
1259 1463 1365 1516 eorum,
1382 1462 1442 1518 que
1453 1446 1604 1519 gloriosum
1619 1446 1679 1519 ejus
1693 1449 1795 1505 transl-

990 1545 1048 1592 tum
1060 1537 1206 1595 subsecuta
1215 1544 1289 1606 stant,
1297 1545 1400 1609 partem
1413 1537 1575 1609 quantulam
1584 1537 1792 1609 explicandam,

992 1626 1120 1683 invocato
1135 1627 1267 1696 Domino,
1284 1625 1426 1683 accedam.

137 1719 270 1781 servaret,
286 1711 418 1769 miracula
434 1712 562 1787 denique,
578 1730 686 1788 semper
702 1716 726 1772 n
750 1716 780 1771 in
804 1725 969 1801 eruentae
1024 1735 1068 1792 aa.
1083 1733 1340 1806 splendidissimus,
1351 1732 1467 1806 orbique
1477 1733 1505 1788 tn
1517 1733 1637 1791 tenearis
1647 1735 1739 1807 agenn
1752 1735 1793 1791 lu·

135 1802 302 1870 assistentia,
320 1803 406 1859 tenaci
420 1803 772 1862 memorirecommendaret
782 1806 796 1862 i
806 1806 933 1873 Quando·

136 1891 248 1962 quidem
261 1893 416 1949 luculentus
431 1894 477 1949 ille
495 1903 631 1965 gestorum
651 1893 709 1965 ejus
736 1894 876 1950 breviator
891 1896 934 1966 (ut

136 1997 191 2035 non
225 1980 343 2038 dixerim
362 1983 534 2055 explanator,
561 1983 634 2055 quod
660 1998 801 2054 nunquam
832 1982 934 2053 absque

134 2070 265 2141 scrupulo
280 2071 323 2124 vel
340 2071 462 2140 legerim,
475 2070 519 2124 vel
537 2070 589 2140 legi
606 2069 772 2141 audiverim)
787 2068 811 2124 si
834 2068 934 2125 itinera

134 2156 195 2230 ejus
210 2166 309 2213 cuncta
324 2164 504 2229 percurreret,
517 2157 539 2213 si
550 2156 681 2212 universa
693 2167 932 2227 commemoraret,

134 2254 296 2321 paraturum
312 2262 340 2302 se
355 2252 526 2303 contestatur
539 2246 652 2303 lecturis
667 2255 795 2319 congesta
810 2246 933 2320 prolixi-

134 2345 190 2393 tate
208 2334 361 2392 fastidium.

169 2445 213 2503 il.
231 2445 267 2500 Et
281 2444 412 2517 quoniam
428 2444 515 2517 gloria
529 2444 618 2501 Patris
631 2443 660 2500 in
676 2461 789 2500 suorum
806 2445 933 2505 clarescit

140 2535 328 2592 moderamine
352 2534 485 2602 filiorum,
509 2549 524 2589 e
547 2534 653 2603 multis,
676 2551 745 2606 quos
768 2535 798 2589 in
822 2534 932 2593 Christo

133 2626 217 2695 filios,
247 2625 275 2680 in
300 2624 432 2695 religione
461 2624 583 2681 creditur
612 2623 740 2680 habuisse
769 2624 930 2698 discipulos,

134 2715 220 2771 unius
244 2722 364 2781 tantum,
388 2704 565 2786 ejusdemque
588 2714 775 2782 famosissimi,
801 2715 932 2788 castigata

134 2802 271 2860 brevitate
289 2802 406 2859 sufficiet
422 2803 505 2859 inseri
530 2804 710 2861 mentionem.
735 2805 880 2873 Patricius,
900 2812 932 2861 ut

133 2893 280 2951 Gestorum
296 2893 354 2965 ejus
373 2893 457 2950 series
479 2895 581 2966 prodit,
607 2895 760 2951 Hibernicae
785 2895 931 2968 peculiaris

91 2970 101 2979 “
132 2983 272 3054 apostolus
288 2983 417 3054 regionis,
432 2984 607 3040 sanctissimo
621 2983 646 3038 ei
664 2982 841 3054 discipulatui
857 2990 930 3039 octo·

990 1840 1053 1878 men
1063 1823 1291 1897 inexstinguibile
1300 1825 1381 1880 datus
1391 1823 1511 1880 doiunus
1523 1823 1677 1880 Germanus
1687 1823 1791 1896 episco-

989 1928 1050 1983 pus,
1062 1920 1123 1983 post
1131 1912 1329 1968 inimitabilem
1341 1912 1371 1966 in
1381 1913 1481 1969 saeculo
1492 1914 1590 1981 vitam,
1603 1920 1664 1986 post
1677 1912 1791 1982 Gallias,

990 1999 1212 2072 Britanniasqua,
1226 2000 1311 2072 ipsam
1320 2001 1439 2073 denique
1448 2002 1556 2058 ltaliam
1566 2002 1693 2058 doctrina
1703 2008 1729 2057 et
1738 2001 1792 2058 mi·

989 2085 1090 2141 raculis
1120 2101 1269 2158 respersas,
1285 2103 1300 2141 a
1314 2086 1425 2142 Christo
1440 2088 1559 2142 Domino
1573 2096 1697 2156 recatus,
1712 2087 1795 2144 saluti

988 2176 1101 2248 feroque
1119 2176 1292 2232 confortatus
1306 2176 1426 2246 Viatico,
1442 2176 1515 2248 apud
1530 2179 1689 2234 Ravennam
1705 2178 1792 2235 ltaliae

988 2266 1129 2322 civitatem
1144 2265 1250 2339 Spiritu
1265 2272 1359 2321 sancto
1374 2267 1472 2337 plenus
1486 2265 1567 2334 obiit,
1593 2267 1792 2326 Valentiniano

985 2354 1106 2427 juniore,
1131 2354 1286 2412 Constantii
1302 2355 1371 2424 filio,
1387 2372 1451 2412 curu
1476 2364 1562 2412 matra
1577 2356 1700 2413 Placidia
1715 2358 1791 2416 orbiu

987 2452 1121 2500 terrarum
1137 2444 1280 2501 obtinente
1295 2443 1503 2511 monarchiam;
1526 2461 1541 2500 a
1561 2444 1662 2517 quibus
1687 2445 1788 2503 ibidem

987 2550 1036 2605 pro
1051 2532 1234 2589 admiratione
1249 2531 1416 2601 sanctitatis,
1432 2539 1513 2606 atque
1522 2532 1684 2591 assiduitate
1700 2535 1789 2590 mira-

987 2625 1124 2692 culorum,
1140 2632 1172 2680 ut
1184 2623 1254 2679 liber
1268 2623 1415 2680 Gestorum
1430 2624 1489 2696 ejus
1503 2625 1589 2683 satius
1599 2627 1729 2698 explicat,
1740 2626 1787 2682 lio-

986 2713 1099 2769 norifice
1114 2719 1265 2785 susceptus,
1282 2713 1401 2769 Domino
1416 2713 1527 2771 Christo
1550 2713 1603 2770 sibi
1627 2721 1786 2800 apparente

985 2806 1078 2862 obitus
1092 2805 1133 2861 sui
1150 2822 1323 2878 prenoscens
1337 2806 1422 2873 diem,
1434 2807 1527 2862 'multa
1541 2806 1607 2862 licet
1620 2821 1684 2862 cum
1708 2805 1788 2862 diffi-

985 2896 1086 2953 cultate
1100 2896 1234 2965 obtinuit,
1250 2904 1281 2953 ut
1300 2896 1380 2970 gleba
1393 2896 1435 2952 sui
1450 2895 1574 2968 corporis
1595 2895 1712 2969 propriae
1729 2895 1789 2953 red·

988 2986 1103 3043 deretur
1116 2985 1236 3043 civitati.

132 3070 222 3128 decim
239 3070 364 3128 addictus
379 3072 459 3128 aunis
473 3082 494 3140 ²,
510 3089 566 3129 non
581 3073 747 3129 mediocrem
758 3072 849 3129 etanti
861 3088 930 3128 vena
947 3090 970 3153 G
1019 3094 1064 3151 24,
1087 3094 1176 3152 Causa
1203 3100 1334 3165 praetem
1355 3089 1537 3162 pmsecqonjs
1551 3087 1612 3161 ejus
1627 3092 1787 3150 Ravennam

131 3159 218 3217 fontis
234 3163 262 3217 in
273 3161 423 3235 Scripturis
437 3163 595 3219 caelestibus
609 3163 702 3220 hausit
718 3163 902 3219 eruditionem
918 3179 925 3219 :

132 3266 267 3324 quemque
285 3251 315 3306 in
337 3251 469 3323 religione
494 3253 706 3325 magnanimem,
722 3253 751 3307 in
776 3251 928 3307 virtutibus

130 3343 323 3413 excellentem,
353 3344 382 3399 in
412 3344 539 3402 doctrina
566 3352 720 3410 strenuum,
735 3342 928 3399 divinissimus

130 3432 288 3488 considerat
296 3433 318 3488 it
328 3432 467 3496 Pontifex;
480 3433 659 3502 ineptumque
671 3431 784 3498 ducens,
796 3431 927 3487 robustis·

128 3525 231 3582 simum
247 3524 396 3595 agricolam
411 3521 439 3575 iu
450 3520 596 3576 dominicae
611 3522 710 3593 segetis
733 3530 839 3593 torpere
862 3523 928 3579 cul-

127 3621 202 3680 tura,
220 3612 254 3666 ad
270 3617 396 3666 sanctum
421 3608 600 3668 Caelestinum
614 3607 691 3665 urbis
714 3609 805 3666 Romae
830 3626 927 3683 papam

127 3720 178 3775 per
192 3700 342 3770 Segetium,
354 3699 541 3771 presbyterum
558 3715 649 3768 suurn,
666 3715 729 3756 cum
745 3700 848 3756 direxit
860 3719 867 3768 ;
879 3703 926 3774 qui

128 3794 191 3848 viro
204 3789 432 3863 praestantissimo
443 3790 590 3862 probitatis
603 3792 794 3848 ecclesiasticae
803 3793 926 3849 testimo-

127 3881 207 3937 nium
222 3880 295 3952 apud
313 3879 404 3936 sedem
421 3879 503 3936 ferret
517 3881 705 3950 apostolicam.
723 3879 808 3951 Cujus
819 3880 926 3951 judicio

127 3968 303 4042 approbatus,
316 3969 478 4024 auctoritate
493 3967 590 4035 fultus,
602 3966 795 4022 benedictione
807 3967 926 4038 denique

118 4058 282 4136 roboratus,
318 4057 455 4113 lliberuiae
471 4062 561 4129 partes
581 4054 706 4127 expetiit,
732 4055 861 4128 gentique
884 4055 926 4110 illi

128 4146 238 4220 proprie
252 4146 333 4203 datus
349 4148 499 4219 apostolus,
511 4153 569 4202 tum
586 4143 698 4218 quidem
715 4160 774 4200 earn
799 4143 926 4201 doctrina

129 4243 156 4291 et
170 4236 322 4304 miraculis,
341 4253 416 4293 nune
431 4251 550 4308 quoque,
566 4243 593 4290 et
610 4235 639 4290 in
653 4240 816 4306 perpetuum
828 4233 924 4289 mirili-

128 4326 169 4382 cis
183 4328 355 4400 apostolatus
370 4326 412 4382 sui
426 4325 548 4380 illustrat
562 4323 726 4396 privilegiis.

984 3200 1064 3257 quarn
1081 3199 1136 3238 non
1151 3183 1256 3237 incerta
1270 3179 1314 3235 vel
1329 3179 1443 3234 fortuita
1458 3177 1551 3246 fuerit,
1569 3178 1641 3236 Vita
1655 3179 1714 3253 ejus
1729 3190 1787 3238 tex·

984 3282 1028 3331 tus
1043 3275 1179 3330 declarat:
1197 3271 1325 3344 quodque
1338 3269 1385 3326 bic
1405 3269 1627 3342 recapitulatum,
1652 3271 1705 3328 erit
1719 3271 1785 3329 for-

983 3372 1053 3420 tasse
1072 3378 1128 3418 non
1148 3360 1343 3417 inofficiosum.
1368 3358 1420 3417 Vir
1443 3359 1604 3432 magnificus
1627 3360 1723 3416 Aetius
1749 3376 1781 3418 ea

983 3458 1142 3523 tempestate
1174 3448 1331 3520 reipublice
1357 3447 1491 3520 patricius
1515 3464 1547 3504 ac
1574 3456 1664 3505 rector
1692 3450 1783 3518 datus,

983 3539 1156 3597 Armoricani
1165 3545 1328 3611 provocatus
1336 3535 1485 3594 insolentia
1496 3538 1592 3610 populi
1604 3538 1696 3612 (cujus
1710 3540 1785 3597 leues

982 3640 1009 3689 et
1024 3631 1225 3705 indisciplinati
1244 3630 1331 3686 animi
1351 3646 1412 3685 raro
1431 3646 1553 3704 unquam
1568 3647 1630 3702 erga
1645 3633 1785 3706 principos

983 3723 1047 3779 fidei
1059 3739 1202 3780 servavere
1216 3721 1411 3793 constantiam)
1428 3720 1546 3776 Eochari
1561 3722 1714 3779 Alanorum
1727 3721 1783 3794 regi

983 3813 1153 3870 ferocissimo
1167 3811 1306 3884 regionem
1328 3811 1405 3866 illam
1419 3825 1469 3882 pro
1495 3810 1654 3867 rebellionis
1678 3811 1785 3869 ultione

983 3904 1177 3973 invadendam,
1192 3901 1402 3975 subjugandam,
1417 3899 1631 3974 vastandamque
1645 3902 1784 3974 permise-

983 3990 1138 4056 ratonem
1167 4007 1230 4046 cum
1256 3991 1389 4047 barbarus
1408 3989 1603 4047 crudelissime
1626 3987 1782 4056 invasisset,

981 4093 1037 4133 nou
1053 4085 1109 4132 tarn
1125 4079 1223 4149 predae
1245 4079 1382 4149 congerie,
1408 4096 1489 4151 quarn
1517 4080 1591 4137 cande
1617 4079 1734 4136 allectus
1757 4085 1785 4136 et

981 4164 1132 4236 sanguine:
1156 4164 1330 4219 beatissimus
1351 4165 1514 4232 Germanus,
1529 4165 1587 4236 jam
1602 4168 1627 4221 ei
1642 4160 1785 4238 progresso

981 4263 1140 4326 armatoque
1162 4252 1236 4307 inter
1256 4251 1371 4307 hostiles
1385 4250 1505 4323 impetus
1520 4269 1678 4321 occurrens,
1695 4257 1784 4310 mira-

981 4344 1031 4399 bili
1045 4342 1218 4399 auctoritatis
1228 4340 1382 4399 eonstantia
1398 4340 1538 4413 (quodque
1551 4341 1690 4397 universis
1702 4341 1736 4396 ab
1751 4358 1783 4398 eo

164 4437 208 4493 22.
242 4435 394 4508 Singularis
422 4419 584 4489 meritorum
606 4433 666 4503 ejus
688 4433 811 4505 potentia
829 4432 882 4488 hoc
897 4447 962 4511 seq)
979 4435 1093 4507 patratis
1113 4433 1253 4489 miraculis
1278 4432 1384 4488 aestimo
1412 4433 1629 4505 preferendum)
1658 4432 1783 4490 animum

128 4534 221 4582 tuetur
236 4534 409 4597 argumento,
423 4524 496 4596 quod
509 4540 558 4595 per
575 4538 671 4579 omnes
687 4537 796 4594 aggeres
816 4520 926 4576 itineris

127 4615 181 4683 sui,
198 4614 358 4686 ubicunque
378 4620 425 4668 aut
436 4613 535 4681 oravit,
557 4620 605 4668 aut
615 4612 721 4680 docuit,
731 4627 817 4684 usque
832 4611 860 4666 iu
876 4609 925 4665 ho·

127 4706 255 4761 diernum
270 4705 342 4760 diem
361 4703 486 4758 oratoriae
500 4702 587 4771 cella,
607 4709 634 4758 et
645 4702 722 4774 signa
744 4700 840 4758 Crucis
854 4700 926 4756 elata

126 4793 309 4868 praefulgent,
336 4799 506 4848 monstratur
531 4791 667 4864 hodieque
694 4792 724 4847 in
746 4789 924 4858 monasterio,

126 4883 199 4959 quod
216 4882 273 4955 ipse
284 4881 449 4949 construxit,
465 4882 629 4951 oratorium,
644 4888 738 4954 postea
751 4881 810 4954 ejus
824 4897 925 4939 conse-

125 4981 232 5032 cratum
259 4974 390 5041 nomine;
416 4973 464 5029 ubi
489 4973 683 5031 incunctanter
705 4974 846 5045 novimus,
866 4988 925 5030 esse

114 5159 201 5233 ster3
218 5168 306 5234 neque
320 5152 401 5208 aliter
415 5150 497 5233 lliola
513 5150 750 5232 {livitafialllch
768 5168 827 5224 cap.
847 5154 872 5208 l.
889 5153 925 5210 Et

124 5241 202 5292 sane,
218 5240 270 5279 nrsr
285 5240 334 5295 pro
350 5231 452 5280 sanctis
462 5222 550 5278 habiti
565 5222 679 5290 fuerint,
691 5239 746 5278 non
757 5224 924 5294 congruebat

124 5312 222 5353 eorum
236 5296 353 5350 trinrulis
367 5293 501 5364 ejusnrodi
517 5293 666 5348 veneratio.
684 5295 769 5349 Nemo
787 5303 829 5349 est
846 5295 924 5351 inte-

110 5367 191 5435 rim,
213 5374 348 5439 quantum
362 5366 468 5438 assequi
485 5365 572 5436 potui,
589 5365 636 5490 qui
652 5381 697 5419 eos
710 5366 808 5421 audeat
822 5367 924 5423 sanctis

123 5454 317 5494 annumerare.
339 5437 423 5492 Perre
438 5452 473 5491 ex
494 5436 548 5491 aris
576 5435 633 5490 ilis
652 5435 757 5492 duabus
772 5453 813 5504 ea,
829 5453 888 5509 que
908 5454 924 5494 a

124 5509 232 5565 dextris
244 5510 307 5574 fuit,
325 5511 352 5565 S.
371 5510 501 5564 Germano
524 5505 641 5562 subinde
664 5515 831 5575 consecrata,
846 5509 923 5563 cele·

123 5579 184 5635 bris
198 5581 283 5636 fnisse
297 5580 401 5637 dicitur
413 5578 555 5650 prodigiis,
570 5585 597 5633 et
610 5579 761 5650 praesertim
772 5580 923 5636 resuscita-

980 4524 1115 4596 compulit
1137 4525 1255 4579 ferocem
1270 4522 1416 4594 deponere,
1441 4524 1594 4578 exercitum
1613 4538 1784 4592 revocare,a

980 4614 1130 4687 provinoiae
1140 4613 1294 4669 vastatione
1304 4611 1450 4679 desistere;
1466 4628 1496 4669 ea
1506 4612 1667 4669 conditione
1677 4621 1781 4684 umen,

980 4711 1011 4759 ut
1025 4704 1116 4772 venia,
1132 4720 1213 4777 quam
1230 4702 1362 4759 barbarus
1378 4704 1554 4775 praestiterat,
1569 4703 1604 4758 ab
1615 4702 1782 4776 imperatore

979 4796 1023 4849 vel
1038 4794 1072 4850 ab
1086 4795 1169 4851 Actio
1183 4800 1331 4866 peteretur.
1355 4793 1391 4849 Ut
1405 4808 1469 4866 ergo
1484 4801 1606 4866 coeptum
1620 4792 1782 4852 misericor·
1853 4856 1858 4875 Ι

979 4884 1032 4939 die
1046 4887 1197 4958 compleret
1212 4883 1344 4952 officium,
1361 4882 1484 4940 decursis
1495 4884 1656 4952 Gallicanis,
1672 4885 1717 4940 vel
1731 4885 1782 4940 lta·

979 4974 1041 5031 licis
1057 4975 1228 5045 civitatibus,
1239 4973 1389 5047 multisque
1406 4973 1465 5045 ipso
1479 4973 1507 5028 in
1519 4973 1618 5030 itinere
1628 4973 1782 5030 declaratus

979 5153 1055 5208 tiene
1070 5153 1261 5224 parvulorum,
1280 5168 1350 5225 quos
1364 5158 1489 5206 mortuos
1504 5149 1594 5206 enixae
1609 5156 1712 5206 matres
1729 5149 1780 5205 ibi·

979 5223 1041 5279 dem
1065 5223 1405 5349 offerreioonsueveranu
1428 5229 1498 5279 testo
1518 5220 1601 5279 Viole
1625 5220 1682 5292 jam
1706 5219 1781 5277 assi-

998 5302 1072 5362 nato,
1088 5310 1119 5349 ca
1142 5338 1147 5349 .
1192 5339 1197 5350 .

979 5311 1166 5420 geflbsedva
1192 5365 1238 5421 hic
1260 5365 1289 5420 in
1305 5364 1435 5422 omnibus
1456 5380 1533 5421 exem
1556 5363 1661 5420 laribus
1678 5362 1781 5420 uostris

978 5435 1097 5509 exprimi
1120 5452 1204 5491 annos
1227 5437 1383 5503 octodecim
1404 5453 1436 5492 ac
1453 5380 1569 5508 proinde
1589 5434 1781 5562 corriqendam

978 5525 1035 5565 esse
1048 5515 1142 5562 notam
1157 5507 1338 5580 Papebrochii
1356 5507 1443 5564 nostri
1463 5507 1493 5562 iu
1508 5506 1603 5564 Vitam
1617 5508 1644 5564 S.
1688 5505 1781 5565 atrioli

978 5580 1024 5636 die
1040 5579 1073 5634 ll
1088 5578 1192 5644 Martii,
1208 5595 1269 5652 pag.
1285 5577 1347 5636 eto.
