<?xml version="1.0" encoding="UTF-8"?>
<!DOCTYPE html PUBLIC "-//W3C//DTD XHTML 1.0 Transitional//EN"
    "http://www.w3.org/TR/xhtml1/DTD/xhtml1-transitional.dtd">
<html xmlns="http://www.w3.org/1999/xhtml" xml:lang="en" lang="en">
 <head>
  <title>
</title>
<meta http-equiv="Content-Type" content="text/html;charset=utf-8" />
  <meta name='ocr-system' content='tesseract 3.04.00' />
  <meta name='ocr-capabilities' content='ocr_page ocr_carea ocr_par ocr_line ocrx_word'/>
</head>
<body>
  <div class='ocr_page' id='page_1' title='image "./patrologiaecurs76unkngoog/patrologiaecurs76unkngoog_0290.png"; bbox 0 0 3840 6136; ppageno 0'>
   <div class='ocr_carea' id='block_1_1' title="bbox 96 198 1750 271">
    <p class='ocr_par' dir='ltr' id='par_1_1' title="bbox 96 198 1750 271">
     <span class='ocr_line' id='line_1_1' title="bbox 96 198 1750 271; baseline 0.013 -22"><span class='ocrx_word' id='word_1_1' title='bbox 96 201 148 263; x_wconf 70' lang='lat'><strong>509</strong></span> <span class='ocrx_word' id='word_1_2' title='bbox 638 198 954 261; x_wconf 81' lang='lat' dir='ltr'><strong>MARTYROLOGIUM.</strong></span> <span class='ocrx_word' id='word_1_3' title='bbox 973 231 1005 245; x_wconf 90' lang='lat'><strong>·-</strong></span> <span class='ocrx_word' id='word_1_4' title='bbox 1027 202 1131 261; x_wconf 82' lang='lat' dir='ltr'><strong>MENS.</strong></span> <span class='ocrx_word' id='word_1_5' title='bbox 1152 205 1231 264; x_wconf 86' lang='lat' dir='ltr'><strong>OCT.</strong></span> <span class='ocrx_word' id='word_1_6' title='bbox 1696 212 1750 271; x_wconf 85' lang='lat' dir='ltr'><strong>utu</strong></span> 
     </span>
    </p>
   </div>
   <div class='ocr_carea' id='block_1_2' title="bbox 96 327 1748 1388">
    <p class='ocr_par' dir='ltr' id='par_1_2' title="bbox 96 327 1748 1388">
     <span class='ocr_line' id='line_1_2' title="bbox 96 327 1748 412; baseline 0.004 -21"><span class='ocrx_word' id='word_1_7' title='bbox 96 330 191 412; x_wconf 78' lang='lat' dir='ltr'><strong>addit:</strong></span> <span class='ocrx_word' id='word_1_8' title='bbox 215 353 226 378; x_wconf 68' lang='grc' dir='ltr'>ι</span> <span class='ocrx_word' id='word_1_9' title='bbox 248 327 396 411; x_wconf 74' lang='lat' dir='ltr'><strong>bituricas,</strong></span> <span class='ocrx_word' id='word_1_10' title='bbox 419 329 508 388; x_wconf 88' lang='lat' dir='ltr'><strong>sancti</strong></span> <span class='ocrx_word' id='word_1_11' title='bbox 524 327 652 402; x_wconf 85' lang='lat' dir='ltr'><strong>Oplonis.</strong></span> <span class='ocrx_word' id='word_1_12' title='bbox 678 331 715 388; x_wconf 85' lang='lat' dir='ltr'><strong>Et</strong></span> <span class='ocrx_word' id='word_1_13' title='bbox 735 339 896 390; x_wconf 87' lang='lat' dir='ltr'><strong>sauctomm</strong></span> <span class='ocrx_word' id='word_1_14' title='bbox 910 334 936 393; x_wconf 89' lang='lat' dir='ltr'><strong>A</strong></span> <span class='ocrx_word' id='word_1_15' title='bbox 950 331 1076 391; x_wconf 87' lang='lat' dir='ltr'><strong>Willridi</strong></span> <span class='ocrx_word' id='word_1_16' title='bbox 1092 333 1213 407; x_wconf 80' lang='lat' dir='ltr'>episcopi</span> <span class='ocrx_word' id='word_1_17' title='bbox 1236 334 1419 393; x_wconf 80' lang='lat' dir='ltr'><strong>Eboracensis</strong></span> <span class='ocrx_word' id='word_1_18' title='bbox 1432 342 1461 392; x_wconf 91' lang='lat' dir='ltr'><strong>et</strong></span> <span class='ocrx_word' id='word_1_19' title='bbox 1476 337 1652 407; x_wconf 82' lang='lat' dir='ltr'><strong>contessoris,</strong></span> <span class='ocrx_word' id='word_1_20' title='bbox 1667 337 1748 411; x_wconf 77' lang='lat' dir='ltr'><strong>cuius</strong></span> 
     </span>
     <span class='ocr_line' id='line_1_3' title="bbox 96 400 1745 475; baseline 0.004 -13"><span class='ocrx_word' id='word_1_21' title='bbox 96 406 186 463; x_wconf 86' lang='lat' dir='ltr'><strong>Saturi</strong></span> <span class='ocrx_word' id='word_1_22' title='bbox 204 408 230 458; x_wconf 91' lang='lat' dir='ltr'><strong>et</strong></span> <span class='ocrx_word' id='word_1_23' title='bbox 246 400 362 459; x_wconf 84' lang='lat' dir='ltr'><strong>calixti.</strong></span> <span class='ocrx_word' id='word_1_24' title='bbox 950 421 1014 461; x_wconf 91' lang='lat' dir='ltr'><strong>cnm</strong></span> <span class='ocrx_word' id='word_1_25' title='bbox 1028 405 1200 462; x_wconf 76' lang='lat' dir='ltr'><strong>meminisset</strong></span> <span class='ocrx_word' id='word_1_26' title='bbox 1214 405 1289 464; x_wconf 90' lang='lat' dir='ltr'><strong>Beda</strong></span> <span class='ocrx_word' id='word_1_27' title='bbox 1304 406 1354 463; x_wconf 93' lang='lat' dir='ltr'><strong>lib.</strong></span> <span class='ocrx_word' id='word_1_28' title='bbox 1377 425 1417 475; x_wconf 93' lang='lat' dir='ltr'><strong>iv,</strong></span> <span class='ocrx_word' id='word_1_29' title='bbox 1442 423 1536 465; x_wconf 90' lang='lat' dir='ltr'><strong>rursus</strong></span> <span class='ocrx_word' id='word_1_30' title='bbox 1552 410 1571 465; x_wconf 89' lang='lat' dir='ltr'><strong>l.</strong></span> <span class='ocrx_word' id='word_1_31' title='bbox 1587 424 1605 462; x_wconf 92' lang='lat' dir='ltr'><strong>v</strong></span> <span class='ocrx_word' id='word_1_32' title='bbox 1620 410 1745 468; x_wconf 88' lang='lat' dir='ltr'><strong>velutad</strong></span> 
     </span>
     <span class='ocr_line' id='line_1_4' title="bbox 130 472 1746 553; baseline 0.004 -22"><span class='ocrx_word' id='word_1_33' title='bbox 130 472 593 532; x_wconf 77' lang='lat' dir='ltr'><strong>liiiiic.-ciiiiiiis-ttciiiiici.</strong></span> <span class='ocrx_word' id='word_1_34' title='bbox 608 491 614 532; x_wconf 94' lang='lat'>:</span> <span class='ocrx_word' id='word_1_35' title='bbox 631 498 641 523; x_wconf 75' lang='grc' dir='ltr'>ι</span> <span class='ocrx_word' id='word_1_36' title='bbox 655 474 745 532; x_wconf 81' lang='lat' dir='ltr'><strong>Amici</strong></span> <span class='ocrx_word' id='word_1_37' title='bbox 755 482 782 532; x_wconf 91' lang='lat' dir='ltr'><strong>et</strong></span> <span class='ocrx_word' id='word_1_38' title='bbox 792 475 895 533; x_wconf 89' lang='lat' dir='ltr'><strong>Amelii</strong></span> <span class='ocrx_word' id='word_1_39' title='bbox 970 477 1042 533; x_wconf 88' lang='lat' dir='ltr'><strong>riora</strong></span> <span class='ocrx_word' id='word_1_40' title='bbox 1051 477 1194 549; x_wconf 89' lang='lat' dir='ltr'><strong>repedans,</strong></span> <span class='ocrx_word' id='word_1_41' title='bbox 1210 479 1298 533; x_wconf 87' lang='lat' dir='ltr'><strong>vitani</strong></span> <span class='ocrx_word' id='word_1_42' title='bbox 1311 476 1371 550; x_wconf 84' lang='lat' dir='ltr'><strong>ejus</strong></span> <span class='ocrx_word' id='word_1_43' title='bbox 1383 479 1617 536; x_wconf 90' lang='lat' dir='ltr'><strong>virtuosissimam</strong></span> <span class='ocrx_word' id='word_1_44' title='bbox 1630 496 1647 536; x_wconf 91' lang='lat' dir='ltr'><strong>a</strong></span> <span class='ocrx_word' id='word_1_45' title='bbox 1661 497 1746 553; x_wconf 91' lang='lat' dir='ltr'><strong>puero</strong></span> 
     </span>
     <span class='ocr_line' id='line_1_5' title="bbox 98 493 1746 622; baseline 0.002 -17"><span class='ocrx_word' id='word_1_46' title='bbox 98 547 406 617; x_wconf 85' lang='lat' dir='ltr'><strong>militum,martyrum,</strong></span> <span class='ocrx_word' id='word_1_47' title='bbox 420 548 765 620; x_wconf 89' lang='lat' dir='ltr'><strong>quorumactusleguntur</strong></span> <span class='ocrx_word' id='word_1_48' title='bbox 783 549 895 605; x_wconf 88' lang='lat' dir='ltr'><strong>Sancto·</strong></span> <span class='ocrx_word' id='word_1_49' title='bbox 950 493 1112 620; x_wconf 59' lang='lat' dir='ltr'><strong>diligentius</strong></span> <span class='ocrx_word' id='word_1_50' title='bbox 1135 549 1315 622; x_wconf 90' lang='lat' dir='ltr'><strong>perstringit;</strong></span> <span class='ocrx_word' id='word_1_51' title='bbox 1332 550 1504 622; x_wconf 83' lang='lat' dir='ltr'><strong>epitaphium</strong></span> <span class='ocrx_word' id='word_1_52' title='bbox 1520 552 1603 608; x_wconf 84' lang='lat' dir='ltr'><strong>etiem</strong></span> <span class='ocrx_word' id='word_1_53' title='bbox 1619 552 1746 609; x_wconf 91' lang='lat' dir='ltr'><strong>versibus</strong></span> 
     </span>
     <span class='ocr_line' id='line_1_6' title="bbox 97 616 1747 696; baseline 0.002 -19"><span class='ocrx_word' id='word_1_54' title='bbox 97 635 158 677; x_wconf 90' lang='lat' dir='ltr'><strong>rum</strong></span> <span class='ocrx_word' id='word_1_55' title='bbox 172 616 364 674; x_wconf 75' lang='lat' dir='ltr'><strong>wntessorum</strong></span> <span class='ocrx_word' id='word_1_56' title='bbox 380 625 407 673; x_wconf 92' lang='lat' dir='ltr'><strong>et</strong></span> <span class='ocrx_word' id='word_1_57' title='bbox 425 625 579 691; x_wconf 86' lang='lat' dir='ltr'><strong>martyrum</strong></span> <span class='ocrx_word' id='word_1_58' title='bbox 597 627 716 692; x_wconf 89' lang='lat' dir='ltr'><strong>quatuor</strong></span> <span class='ocrx_word' id='word_1_59' title='bbox 728 619 849 676; x_wconf 86' lang='lat' dir='ltr'><strong>tuillium</strong></span> <span class='ocrx_word' id='word_1_60' title='bbox 866 627 894 677; x_wconf 90' lang='lat' dir='ltr'><strong>et</strong></span> <span class='ocrx_word' id='word_1_61' title='bbox 950 620 1138 691; x_wconf 87' lang='lat' dir='ltr'><strong>conscriptum</strong></span> <span class='ocrx_word' id='word_1_62' title='bbox 1153 619 1285 692; x_wconf 75' lang='lat' dir='ltr'><strong>adjiciens</strong></span> <span class='ocrx_word' id='word_1_63' title='bbox 1301 637 1307 675; x_wconf 90' lang='lat'>:</span> <span class='ocrx_word' id='word_1_64' title='bbox 1322 621 1371 677; x_wconf 92' lang='lat' dir='ltr'><strong>ubi</strong></span> <span class='ocrx_word' id='word_1_65' title='bbox 1390 621 1462 678; x_wconf 91' lang='lat' dir='ltr'><strong>inter</strong></span> <span class='ocrx_word' id='word_1_66' title='bbox 1477 623 1531 678; x_wconf 89' lang='lat' dir='ltr'><strong>alia</strong></span> <span class='ocrx_word' id='word_1_67' title='bbox 1546 623 1657 695; x_wconf 84' lang='lat' dir='ltr'><strong>legitur,</strong></span> <span class='ocrx_word' id='word_1_68' title='bbox 1673 623 1747 696; x_wconf 93' lang='lat' dir='ltr'><strong>quod</strong></span> 
     </span>
     <span class='ocr_line' id='line_1_7' title="bbox 97 691 1747 766; baseline 0.002 -18"><span class='ocrx_word' id='word_1_69' title='bbox 97 692 179 748; x_wconf 90' lang='lat' dir='ltr'><strong>ultra.</strong></span> <span class='ocrx_word' id='word_1_70' title='bbox 195 714 205 737; x_wconf 78' lang='grc' dir='ltr'>ι</span> <span class='ocrx_word' id='word_1_71' title='bbox 951 692 1047 748; x_wconf 91' lang='lat' dir='ltr'><strong>multis</strong></span> <span class='ocrx_word' id='word_1_72' title='bbox 1061 691 1136 748; x_wconf 93' lang='lat' dir='ltr'><strong>domi</strong></span> <span class='ocrx_word' id='word_1_73' title='bbox 1152 692 1273 766; x_wconf 85' lang='lat' dir='ltr'><strong>lorisque</strong></span> <span class='ocrx_word' id='word_1_74' title='bbox 1289 692 1410 765; x_wconf 82' lang='lat' dir='ltr'><strong>jactatus</strong></span> <span class='ocrx_word' id='word_1_75' title='bbox 1423 693 1542 750; x_wconf 88' lang='lat' dir='ltr'><strong>nimium</strong></span> <span class='ocrx_word' id='word_1_76' title='bbox 1558 711 1607 766; x_wconf 83' lang='lat' dir='ltr'><strong>per</strong></span> <span class='ocrx_word' id='word_1_77' title='bbox 1621 702 1677 750; x_wconf 91' lang='lat' dir='ltr'><strong>tem</strong></span> <span class='ocrx_word' id='word_1_78' title='bbox 1698 710 1747 751; x_wconf 85' lang='lat' dir='ltr'><strong>ora</strong></span> 
     </span>
     <span class='ocr_line' id='line_1_8' title="bbox 131 711 1746 846; baseline 0.002 -27"><span class='ocrx_word' id='word_1_79' title='bbox 131 764 162 819; x_wconf 92' lang='lat' dir='ltr'><strong>ln</strong></span> <span class='ocrx_word' id='word_1_80' title='bbox 178 760 329 827; x_wconf 66' lang='lat' dir='ltr'><strong>vincis,</strong></span> <span class='ocrx_word' id='word_1_81' title='bbox 342 760 394 817; x_wconf 91' lang='lat' dir='ltr'><strong>sub</strong></span> <span class='ocrx_word' id='word_1_82' title='bbox 405 776 483 843; x_wconf 85' lang='lat' dir='ltr'><strong>num.</strong></span> <span class='ocrx_word' id='word_1_83' title='bbox 496 761 578 830; x_wconf 76' lang='lat' dir='ltr'><strong>tete,</strong></span> <span class='ocrx_word' id='word_1_84' title='bbox 594 763 827 820; x_wconf 82' lang='lat' dir='ltr'><strong>doestEuelocln&#39;i.</strong></span> <span class='ocrx_word' id='word_1_85' title='bbox 839 762 896 820; x_wconf 90' lang='lat' dir='ltr'><strong>Ad·</strong></span> <span class='ocrx_word' id='word_1_86' title='bbox 951 764 1032 834; x_wconf 91' lang='lat' dir='ltr'><strong>longa</strong></span> <span class='ocrx_word' id='word_1_87' title='bbox 1043 763 1183 834; x_wconf 91' lang='lat' dir='ltr'><strong>periculis,</strong></span> <span class='ocrx_word' id='word_1_88' title='bbox 1199 763 1309 820; x_wconf 88' lang='lat' dir='ltr'><strong>tandem</strong></span> <span class='ocrx_word' id='word_1_89' title='bbox 1319 764 1348 820; x_wconf 91' lang='lat' dir='ltr'><strong>in</strong></span> <span class='ocrx_word' id='word_1_90' title='bbox 1360 780 1424 846; x_wconf 85' lang='lat' dir='ltr'><strong>pace</strong></span> <span class='ocrx_word' id='word_1_91' title='bbox 1438 765 1584 838; x_wconf 76' lang='lat' dir='ltr'><strong>quieverit.</strong></span> <span class='ocrx_word' id='word_1_92' title='bbox 1599 766 1651 823; x_wconf 85' lang='lat' dir='ltr'><strong>Mic</strong></span> <span class='ocrx_word' id='word_1_93' title='bbox 1661 711 1746 823; x_wconf 57' lang='lat' dir='ltr'><strong>libros</strong></span> 
     </span>
     <span class='ocr_line' id='line_1_9' title="bbox 98 833 1746 908; baseline 0.003 -18"><span class='ocrx_word' id='word_1_94' title='bbox 98 834 192 907; x_wconf 81' lang='lat' dir='ltr'><strong>jicitur</strong></span> <span class='ocrx_word' id='word_1_95' title='bbox 207 850 214 888; x_wconf 90' lang='lat'>:</span> <span class='ocrx_word' id='word_1_96' title='bbox 238 856 248 881; x_wconf 82' lang='grc' dir='ltr'>ι</span> <span class='ocrx_word' id='word_1_97' title='bbox 263 833 366 900; x_wconf 75' lang='lat' dir='ltr'><strong>Rome,</strong></span> <span class='ocrx_word' id='word_1_98' title='bbox 385 840 472 889; x_wconf 87' lang='lat' dir='ltr'><strong>sancti</strong></span> <span class='ocrx_word' id='word_1_99' title='bbox 494 833 632 890; x_wconf 82' lang='lat' dir='ltr'><strong>Caelestini</strong></span> <span class='ocrx_word' id='word_1_100' title='bbox 648 843 675 890; x_wconf 89' lang='lat' dir='ltr'><strong>et</strong></span> <span class='ocrx_word' id='word_1_101' title='bbox 689 835 791 892; x_wconf 87' lang='lat' dir='ltr'><strong>Saturi.</strong></span> <span class='ocrx_word' id='word_1_102' title='bbox 808 860 818 884; x_wconf 70' lang='grc' dir='ltr'><strong><em>ι</em></strong></span> <span class='ocrx_word' id='word_1_103' title='bbox 951 844 1068 908; x_wconf 88' lang='lat' dir='ltr'><strong>quatuor</strong></span> <span class='ocrx_word' id='word_1_104' title='bbox 1081 851 1221 891; x_wconf 89' lang='lat' dir='ltr'><strong>sacrorum</strong></span> <span class='ocrx_word' id='word_1_105' title='bbox 1236 836 1451 908; x_wconf 85' lang='lat' dir='ltr'><strong>Evangeliorum</strong></span> <span class='ocrx_word' id='word_1_106' title='bbox 1466 838 1555 894; x_wconf 87' lang='lat' dir='ltr'><strong>aureis</strong></span> <span class='ocrx_word' id='word_1_107' title='bbox 1566 837 1666 894; x_wconf 88' lang='lat' dir='ltr'><strong>litteris</strong></span> <span class='ocrx_word' id='word_1_108' title='bbox 1680 837 1746 895; x_wconf 90' lang='lat' dir='ltr'><strong>scri·</strong></span> 
     </span>
     <span class='ocr_line' id='line_1_10' title="bbox 132 904 1745 991; baseline 0.004 -31"><span class='ocrx_word' id='word_1_109' title='bbox 132 906 323 961; x_wconf 74' lang='lat' dir='ltr'><strong>Fidenarum:</strong></span> <span class='ocrx_word' id='word_1_110' title='bbox 343 926 359 986; x_wconf 36' lang='grc' dir='ltr'><strong>ι.</strong></span> <span class='ocrx_word' id='word_1_111' title='bbox 369 904 535 986; x_wconf 80' lang='lat' dir='ltr'><strong>Bituricbas,</strong></span> <span class='ocrx_word' id='word_1_112' title='bbox 552 907 639 962; x_wconf 93' lang='lat' dir='ltr'><strong>sancti</strong></span> <span class='ocrx_word' id='word_1_113' title='bbox 654 906 769 987; x_wconf 82' lang='lat' dir='ltr'><strong>Epionis</strong></span> <span class='ocrx_word' id='word_1_114' title='bbox 803 906 896 979; x_wconf 87' lang='lat' dir='ltr'><strong>resby·</strong></span> <span class='ocrx_word' id='word_1_115' title='bbox 951 907 978 963; x_wconf 94' lang='lat' dir='ltr'><strong>bi</strong></span> <span class='ocrx_word' id='word_1_116' title='bbox 994 915 1020 962; x_wconf 92' lang='lat' dir='ltr'><strong>et</strong></span> <span class='ocrx_word' id='word_1_117' title='bbox 1029 906 1137 963; x_wconf 91' lang='lat' dir='ltr'><strong>thecam</strong></span> <span class='ocrx_word' id='word_1_118' title='bbox 1147 923 1258 963; x_wconf 83' lang='lat' dir='ltr'><strong>auream</strong></span> <span class='ocrx_word' id='word_1_119' title='bbox 1272 908 1316 964; x_wconf 92' lang='lat' dir='ltr'><strong>bis</strong></span> <span class='ocrx_word' id='word_1_120' title='bbox 1330 907 1494 991; x_wconf 86' lang='lat' dir='ltr'><strong>condignam</strong></span> <span class='ocrx_word' id='word_1_121' title='bbox 1506 907 1565 965; x_wconf 82' lang='lat' dir='ltr'><strong>lieri</strong></span> <span class='ocrx_word' id='word_1_122' title='bbox 1575 908 1651 966; x_wconf 88' lang='lat' dir='ltr'><strong>lecit.</strong></span> <span class='ocrx_word' id='word_1_123' title='bbox 1661 908 1745 966; x_wconf 88' lang='lat' dir='ltr'><strong>Ania-</strong></span> 
     </span>
     <span class='ocr_line' id='line_1_11' title="bbox 98 922 1744 1063; baseline 0.002 -31"><span class='ocrx_word' id='word_1_124' title='bbox 98 976 161 1032; x_wconf 90' lang='lat' dir='ltr'><strong>teri.</strong></span> <span class='ocrx_word' id='word_1_125' title='bbox 176 977 257 1043; x_wconf 90' lang='lat' dir='ltr'><strong>ltem,</strong></span> <span class='ocrx_word' id='word_1_126' title='bbox 272 975 501 1056; x_wconf 78' lang='lat' dir='ltr'><strong>sauctiVilstidii</strong></span> <span class='ocrx_word' id='word_1_127' title='bbox 518 922 895 1052; x_wconf 43' lang='lat' dir='ltr'><strong>[unnonWillridislepis-</strong></span> <span class='ocrx_word' id='word_1_128' title='bbox 951 978 979 1033; x_wconf 93' lang='lat' dir='ltr'><strong>ni</strong></span> <span class='ocrx_word' id='word_1_129' title='bbox 1004 979 1095 1049; x_wconf 92' lang='lat' dir='ltr'><strong>episco</strong></span> <span class='ocrx_word' id='word_1_130' title='bbox 1116 979 1134 1035; x_wconf 92' lang='lat' dir='ltr'><strong>i.</strong></span> <span class='ocrx_word' id='word_1_131' title='bbox 1159 979 1283 1035; x_wconf 89' lang='lat' dir='ltr'><strong>Namaati</strong></span> <span class='ocrx_word' id='word_1_132' title='bbox 1298 979 1430 1063; x_wconf 88' lang='lat' dir='ltr'><strong>episcopi.</strong></span> <span class='ocrx_word' id='word_1_133' title='bbox 1455 979 1574 1038; x_wconf 84' lang='lat' dir='ltr'><strong>Ciuitate</strong></span> <span class='ocrx_word' id='word_1_134' title='bbox 1600 979 1744 1048; x_wconf 87' lang='lat' dir='ltr'><strong>bleldeusi,</strong></span> 
     </span>
     <span class='ocr_line' id='line_1_12' title="bbox 98 1047 769 1120; baseline -0.004 -14"><span class='ocrx_word' id='word_1_135' title='bbox 98 1064 130 1106; x_wconf 91' lang='lat' dir='ltr'><strong>co</strong></span> <span class='ocrx_word' id='word_1_136' title='bbox 149 1047 160 1104; x_wconf 95' lang='lat' dir='ltr'><strong>i</strong></span> <span class='ocrx_word' id='word_1_137' title='bbox 178 1058 206 1106; x_wconf 88' lang='lat' dir='ltr'><strong>et</strong></span> <span class='ocrx_word' id='word_1_138' title='bbox 219 1047 396 1104; x_wconf 78' lang='lat' dir='ltr'><strong>contessoris.</strong></span> <span class='ocrx_word' id='word_1_139' title='bbox 413 1048 493 1113; x_wconf 83' lang='lat' dir='ltr'><strong>Item,</strong></span> <span class='ocrx_word' id='word_1_140' title='bbox 507 1048 594 1105; x_wconf 87' lang='lat' dir='ltr'><strong>sancti</strong></span> <span class='ocrx_word' id='word_1_141' title='bbox 608 1048 742 1120; x_wconf 86' lang='lat' dir='ltr'><strong>Eulagrii.</strong></span> <span class='ocrx_word' id='word_1_142' title='bbox 759 1074 769 1097; x_wconf 75' lang='grc' dir='ltr'><strong><em>ι</em></strong></span> 
     </span>
     <span class='ocr_line' id='line_1_13' title="bbox 132 1064 894 1187; baseline -0.003 -11"><span class='ocrx_word' id='word_1_143' title='bbox 132 1064 230 1176; x_wconf 49' lang='lat' dir='ltr'><strong>Editio</strong></span> <span class='ocrx_word' id='word_1_144' title='bbox 248 1117 439 1176; x_wconf 80' lang='lat' dir='ltr'><strong>hunisco-Coi.</strong></span> <span class='ocrx_word' id='word_1_145' title='bbox 464 1127 571 1176; x_wconf 79' lang='lat' dir='ltr'><strong>textum</strong></span> <span class='ocrx_word' id='word_1_146' title='bbox 615 1136 695 1175; x_wconf 92' lang='lat' dir='ltr'><strong>urum</strong></span> <span class='ocrx_word' id='word_1_147' title='bbox 718 1120 812 1187; x_wconf 82' lang='lat' dir='ltr'><strong>refert,</strong></span> <span class='ocrx_word' id='word_1_148' title='bbox 841 1119 894 1175; x_wconf 91' lang='lat' dir='ltr'><strong>nisi</strong></span> 
     </span>
     <span class='ocr_line' id='line_1_14' title="bbox 118 1136 613 1248; baseline 0.002 -2"><span class='ocrx_word' id='word_1_149' title='bbox 118 1191 175 1248; x_wconf 89' lang='lat' dir='ltr'><strong>uod</strong></span> <span class='ocrx_word' id='word_1_150' title='bbox 201 1191 230 1246; x_wconf 91' lang='lat' dir='ltr'><strong>in</strong></span> <span class='ocrx_word' id='word_1_151' title='bbox 253 1190 309 1246; x_wconf 87' lang='lat' dir='ltr'><strong>line</strong></span> <span class='ocrx_word' id='word_1_152' title='bbox 334 1189 369 1246; x_wconf 92' lang='lat' dir='ltr'><strong>de</strong></span> <span class='ocrx_word' id='word_1_153' title='bbox 391 1190 541 1248; x_wconf 87' lang='lat' dir='ltr'><strong>Eustacbio</strong></span> <span class='ocrx_word' id='word_1_154' title='bbox 571 1136 613 1247; x_wconf 62' lang='lat' dir='ltr'><strong>auf</strong></span> 
     </span>
     <span class='ocr_line' id='line_1_15' title="bbox 99 1207 898 1388; baseline -0.001 -71"><span class='ocrx_word' id='word_1_155' title='bbox 99 1207 187 1318; x_wconf 41' lang='lat' dir='ltr'><strong>aum:</strong></span> <span class='ocrx_word' id='word_1_156' title='bbox 209 1285 219 1308; x_wconf 81' lang='grc' dir='ltr'>ι</span> <span class='ocrx_word' id='word_1_157' title='bbox 233 1261 381 1328; x_wconf 79' lang='lat' dir='ltr'><strong>Bituricae,</strong></span> <span class='ocrx_word' id='word_1_158' title='bbox 392 1263 480 1318; x_wconf 89' lang='lat' dir='ltr'><strong>sancti</strong></span> <span class='ocrx_word' id='word_1_159' title='bbox 493 1262 608 1334; x_wconf 82' lang='lat' dir='ltr'><strong>Epionis</strong></span> <span class='ocrx_word' id='word_1_160' title='bbox 616 1261 770 1388; x_wconf 44' lang='lat' dir='ltr'><strong>presbyteri</strong></span> <span class='ocrx_word' id='word_1_161' title='bbox 782 1271 810 1319; x_wconf 92' lang='lat' dir='ltr'><strong>et</strong></span> <span class='ocrx_word' id='word_1_162' title='bbox 825 1278 898 1318; x_wconf 91' lang='lat' dir='ltr'><strong>con-</strong></span> 
     </span>
    </p>
   </div>
   <div class='ocr_carea' id='block_1_3' title="bbox 99 995 1746 1765">
    <p class='ocr_par' dir='ltr' id='par_1_3' title="bbox 99 995 1746 1622">
     <span class='ocr_line' id='line_1_16' title="bbox 951 995 1745 1131; baseline 0.005 -27"><span class='ocrx_word' id='word_1_163' title='bbox 951 1049 1039 1106; x_wconf 89' lang='lat' dir='ltr'><strong>sancti</strong></span> <span class='ocrx_word' id='word_1_164' title='bbox 1061 995 1185 1131; x_wconf 56' lang='lat' dir='ltr'><strong>chyuni</strong></span> <span class='ocrx_word' id='word_1_165' title='bbox 1201 1051 1321 1123; x_wconf 89' lang='lat' dir='ltr'><strong>episcopi</strong></span> <span class='ocrx_word' id='word_1_166' title='bbox 1345 1060 1372 1108; x_wconf 90' lang='lat' dir='ltr'><strong>et</strong></span> <span class='ocrx_word' id='word_1_167' title='bbox 1394 1051 1569 1108; x_wconf 82' lang='lat' dir='ltr'><strong>confessoris.</strong></span> <span class='ocrx_word' id='word_1_168' title='bbox 1585 1051 1745 1125; x_wconf 80' lang='lat' dir='ltr'><strong>Symperthi</strong></span> 
     </span>
     <span class='ocr_line' id='line_1_17' title="bbox 951 1121 1745 1251; baseline 0.008 -76"><span class='ocrx_word' id='word_1_169' title='bbox 951 1121 1081 1203; x_wconf 88' lang='lat' dir='ltr'><strong>episcopi.</strong></span> <span class='ocrx_word' id='word_1_170' title='bbox 1092 1121 1239 1203; x_wconf 72' lang='lat' dir='ltr'><strong>Bituricus,</strong></span> <span class='ocrx_word' id='word_1_171' title='bbox 1249 1123 1337 1179; x_wconf 88' lang='lat' dir='ltr'><strong>sancti</strong></span> <span class='ocrx_word' id='word_1_172' title='bbox 1353 1122 1627 1251; x_wconf 46' lang='lat' dir='ltr'><strong>Opionisqresbqteri</strong></span> <span class='ocrx_word' id='word_1_173' title='bbox 1642 1133 1670 1181; x_wconf 93' lang='lat' dir='ltr'><strong>et</strong></span> <span class='ocrx_word' id='word_1_174' title='bbox 1680 1140 1745 1181; x_wconf 89' lang='lat' dir='ltr'><strong>oon·</strong></span> 
     </span>
     <span class='ocr_line' id='line_1_18' title="bbox 952 1191 1744 1266; baseline 0.008 -20"><span class='ocrx_word' id='word_1_175' title='bbox 952 1191 1071 1249; x_wconf 78' lang='lat' dir='ltr'><strong>sessoris.</strong></span> <span class='ocrx_word' id='word_1_176' title='bbox 1087 1194 1119 1249; x_wconf 93' lang='lat' dir='ltr'><strong>ln</strong></span> <span class='ocrx_word' id='word_1_177' title='bbox 1132 1192 1293 1266; x_wconf 85' lang='lat' dir='ltr'><strong>Aquitania,</strong></span> <span class='ocrx_word' id='word_1_178' title='bbox 1304 1202 1391 1250; x_wconf 88' lang='lat' dir='ltr'><strong>sancti</strong></span> <span class='ocrx_word' id='word_1_179' title='bbox 1407 1194 1477 1250; x_wconf 86' lang='lat' dir='ltr'><strong>Gera</strong></span> <span class='ocrx_word' id='word_1_180' title='bbox 1489 1194 1517 1250; x_wconf 92' lang='lat' dir='ltr'><strong>di</strong></span> <span class='ocrx_word' id='word_1_181' title='bbox 1523 1194 1557 1250; x_wconf 93' lang='lat' dir='ltr'><strong>ab</strong></span> <span class='ocrx_word' id='word_1_182' title='bbox 1578 1195 1631 1252; x_wconf 89' lang='lat' dir='ltr'><strong>atis</strong></span> <span class='ocrx_word' id='word_1_183' title='bbox 1638 1205 1666 1252; x_wconf 92' lang='lat' dir='ltr'><strong>et</strong></span> <span class='ocrx_word' id='word_1_184' title='bbox 1680 1211 1744 1252; x_wconf 91' lang='lat' dir='ltr'><strong>con·</strong></span> 
     </span>
     <span class='ocr_line' id='line_1_19' title="bbox 951 1263 1746 1337; baseline 0.005 -20"><span class='ocrx_word' id='word_1_185' title='bbox 951 1263 1072 1332; x_wconf 82' lang='lat' dir='ltr'><strong>sessoris,</strong></span> <span class='ocrx_word' id='word_1_186' title='bbox 1090 1263 1123 1320; x_wconf 93' lang='lat' dir='ltr'><strong>de</strong></span> <span class='ocrx_word' id='word_1_187' title='bbox 1138 1280 1193 1337; x_wconf 90' lang='lat' dir='ltr'><strong>quo</strong></span> <span class='ocrx_word' id='word_1_188' title='bbox 1208 1265 1237 1319; x_wconf 93' lang='lat' dir='ltr'><strong>in</strong></span> <span class='ocrx_word' id='word_1_189' title='bbox 1251 1266 1334 1336; x_wconf 91' lang='lat' dir='ltr'><strong>gestis</strong></span> <span class='ocrx_word' id='word_1_190' title='bbox 1352 1265 1440 1320; x_wconf 91' lang='lat' dir='ltr'><strong>sancti</strong></span> <span class='ocrx_word' id='word_1_191' title='bbox 1457 1264 1599 1337; x_wconf 89' lang='lat' dir='ltr'><strong>Arnulphi</strong></span> <span class='ocrx_word' id='word_1_192' title='bbox 1614 1265 1746 1322; x_wconf 90' lang='lat' dir='ltr'><strong>Suessio-</strong></span> 
     </span>
     <span class='ocr_line' id='line_1_20' title="bbox 99 1332 1743 1408; baseline 0.001 -19"><span class='ocrx_word' id='word_1_193' title='bbox 99 1334 223 1391; x_wconf 83' lang='lat' dir='ltr'><strong>lessoris.</strong></span> <span class='ocrx_word' id='word_1_194' title='bbox 238 1332 358 1390; x_wconf 87' lang='lat' dir='ltr'><strong>Civitats</strong></span> <span class='ocrx_word' id='word_1_195' title='bbox 368 1333 475 1402; x_wconf 92' lang='lat' dir='ltr'><strong>Meldis,</strong></span> <span class='ocrx_word' id='word_1_196' title='bbox 492 1333 564 1389; x_wconf 87' lang='lat' dir='ltr'><strong>beati</strong></span> <span class='ocrx_word' id='word_1_197' title='bbox 580 1333 614 1390; x_wconf 90' lang='lat' dir='ltr'><strong>Sc</strong></span> <span class='ocrx_word' id='word_1_198' title='bbox 637 1334 715 1401; x_wconf 87' lang='lat' dir='ltr'><strong>ynni,</strong></span> <span class='ocrx_word' id='word_1_199' title='bbox 733 1333 855 1406; x_wconf 89' lang='lat' dir='ltr'><strong>episcopi</strong></span> <span class='ocrx_word' id='word_1_200' title='bbox 871 1341 898 1388; x_wconf 92' lang='lat' dir='ltr'><strong>et</strong></span> <span class='ocrx_word' id='word_1_201' title='bbox 952 1335 1044 1389; x_wconf 87' lang='lat' dir='ltr'><strong>nensis</strong></span> <span class='ocrx_word' id='word_1_202' title='bbox 1062 1335 1182 1407; x_wconf 90' lang='lat' dir='ltr'><strong>episcopi</strong></span> <span class='ocrx_word' id='word_1_203' title='bbox 1204 1336 1333 1405; x_wconf 85' lang='lat' dir='ltr'><strong>refertur,</strong></span> <span class='ocrx_word' id='word_1_204' title='bbox 1357 1336 1422 1408; x_wconf 89' lang='lat' dir='ltr'><strong>quia</strong></span> <span class='ocrx_word' id='word_1_205' title='bbox 1436 1335 1526 1393; x_wconf 91' lang='lat' dir='ltr'><strong>eidem</strong></span> <span class='ocrx_word' id='word_1_206' title='bbox 1543 1338 1632 1392; x_wconf 86' lang='lat' dir='ltr'><strong>Arnul</strong></span> <span class='ocrx_word' id='word_1_207' title='bbox 1654 1335 1690 1391; x_wconf 94' lang='lat' dir='ltr'><strong>bo</strong></span> <span class='ocrx_word' id='word_1_208' title='bbox 1714 1336 1743 1391; x_wconf 93' lang='lat' dir='ltr'><strong>in</strong></span> 
     </span>
     <span class='ocr_line' id='line_1_21' title="bbox 99 1352 1744 1486; baseline 0.001 -24"><span class='ocrx_word' id='word_1_209' title='bbox 99 1404 276 1463; x_wconf 75' lang='lat' dir='ltr'><strong>contessoris.</strong></span> <span class='ocrx_word' id='word_1_210' title='bbox 292 1403 397 1461; x_wconf 78' lang='lat' dir='ltr'><strong>Eodem</strong></span> <span class='ocrx_word' id='word_1_211' title='bbox 414 1403 470 1472; x_wconf 87' lang='lat' dir='ltr'><strong>die,</strong></span> <span class='ocrx_word' id='word_1_212' title='bbox 485 1406 573 1461; x_wconf 87' lang='lat' dir='ltr'><strong>sancti</strong></span> <span class='ocrx_word' id='word_1_213' title='bbox 590 1404 714 1461; x_wconf 91' lang='lat' dir='ltr'><strong>Willridi</strong></span> <span class='ocrx_word' id='word_1_214' title='bbox 729 1405 849 1477; x_wconf 92' lang='lat' dir='ltr'><strong>episcopi</strong></span> <span class='ocrx_word' id='word_1_215' title='bbox 870 1411 897 1486; x_wconf 78' lang='lat' dir='ltr'><strong>et</strong></span> <span class='ocrx_word' id='word_1_216' title='bbox 952 1405 1086 1476; x_wconf 91' lang='lat' dir='ltr'><strong>regimine</strong></span> <span class='ocrx_word' id='word_1_217' title='bbox 1101 1407 1260 1462; x_wconf 89' lang='lat' dir='ltr'><strong>monasterii</strong></span> <span class='ocrx_word' id='word_1_218' title='bbox 1274 1407 1446 1475; x_wconf 82' lang='lat' dir='ltr'><strong>successerit,</strong></span> <span class='ocrx_word' id='word_1_219' title='bbox 1468 1407 1516 1463; x_wconf 90' lang='lat' dir='ltr'><strong>sed</strong></span> <span class='ocrx_word' id='word_1_220' title='bbox 1540 1408 1573 1464; x_wconf 92' lang='lat' dir='ltr'><strong>ab</strong></span> <span class='ocrx_word' id='word_1_221' title='bbox 1588 1352 1744 1464; x_wconf 51' lang='lat' dir='ltr'><strong>ambitiosis</strong></span> 
     </span>
     <span class='ocr_line' id='line_1_22' title="bbox 101 1476 1744 1550; baseline 0.001 -19"><span class='ocrx_word' id='word_1_222' title='bbox 101 1476 270 1533; x_wconf 80' lang='lat' dir='ltr'><strong>contessoris</strong></span> <span class='ocrx_word' id='word_1_223' title='bbox 278 1476 459 1533; x_wconf 83' lang='lat' dir='ltr'><strong>Eboracensis</strong></span> <span class='ocrx_word' id='word_1_224' title='bbox 474 1476 607 1533; x_wconf 88' lang='lat' dir='ltr'><strong>civitatis.</strong></span> <span class='ocrx_word' id='word_1_225' title='bbox 628 1498 638 1522; x_wconf 72' lang='grc' dir='ltr'>ι</span> <span class='ocrx_word' id='word_1_226' title='bbox 660 1477 721 1548; x_wconf 90' lang='lat' dir='ltr'><strong>Ipso</strong></span> <span class='ocrx_word' id='word_1_227' title='bbox 736 1477 792 1545; x_wconf 92' lang='lat' dir='ltr'><strong>die,</strong></span> <span class='ocrx_word' id='word_1_228' title='bbox 808 1483 897 1534; x_wconf 91' lang='lat' dir='ltr'><strong>sancti</strong></span> <span class='ocrx_word' id='word_1_229' title='bbox 952 1477 1093 1547; x_wconf 82' lang='lat' dir='ltr'><strong>expulsus,</strong></span> <span class='ocrx_word' id='word_1_230' title='bbox 1108 1477 1288 1549; x_wconf 88' lang='lat' dir='ltr'><strong>Aquitaniam</strong></span> <span class='ocrx_word' id='word_1_231' title='bbox 1301 1478 1449 1550; x_wconf 84' lang='lat' dir='ltr'><strong>profectus,</strong></span> <span class='ocrx_word' id='word_1_232' title='bbox 1467 1478 1664 1535; x_wconf 88' lang='lat' dir='ltr'><strong>monasterium</strong></span> <span class='ocrx_word' id='word_1_233' title='bbox 1678 1494 1744 1534; x_wconf 91' lang='lat' dir='ltr'><strong>con·</strong></span> 
     </span>
     <span class='ocr_line' id='line_1_23' title="bbox 104 1546 1743 1622; baseline 0.001 -18"><span class='ocrx_word' id='word_1_234' title='bbox 104 1546 295 1604; x_wconf 80' lang='lat' dir='ltr'><strong>Maximillam</strong></span> <span class='ocrx_word' id='word_1_235' title='bbox 305 1548 422 1620; x_wconf 76' lang='lat' dir='ltr'><strong>episcopi</strong></span> <span class='ocrx_word' id='word_1_236' title='bbox 439 1556 466 1604; x_wconf 92' lang='lat' dir='ltr'><strong>et</strong></span> <span class='ocrx_word' id='word_1_237' title='bbox 480 1547 655 1604; x_wconf 81' lang='lat' dir='ltr'><strong>confessoris.</strong></span> <span class='ocrx_word' id='word_1_238' title='bbox 672 1573 681 1594; x_wconf 71' lang='grc' dir='ltr'><strong>ι</strong></span> <span class='ocrx_word' id='word_1_239' title='bbox 952 1548 1094 1615; x_wconf 85' lang='lat' dir='ltr'><strong>struxerit,</strong></span> <span class='ocrx_word' id='word_1_240' title='bbox 1104 1548 1232 1621; x_wconf 91' lang='lat' dir='ltr'><strong>quodque</strong></span> <span class='ocrx_word' id='word_1_241' title='bbox 1242 1548 1301 1621; x_wconf 87' lang='lat' dir='ltr'><strong>ejus</strong></span> <span class='ocrx_word' id='word_1_242' title='bbox 1312 1550 1370 1605; x_wconf 90' lang='lat' dir='ltr'><strong>vita</strong></span> <span class='ocrx_word' id='word_1_243' title='bbox 1379 1558 1406 1605; x_wconf 90' lang='lat' dir='ltr'><strong>et</strong></span> <span class='ocrx_word' id='word_1_244' title='bbox 1421 1566 1496 1605; x_wconf 91' lang='lat' dir='ltr'><strong>mors</strong></span> <span class='ocrx_word' id='word_1_245' title='bbox 1505 1550 1592 1622; x_wconf 91' lang='lat' dir='ltr'><strong>siguis</strong></span> <span class='ocrx_word' id='word_1_246' title='bbox 1606 1550 1743 1606; x_wconf 90' lang='lat' dir='ltr'><strong>virtutum</strong></span> 
     </span>
    </p>

    <p class='ocr_par' dir='ltr' id='par_1_4' title="bbox 106 1617 1744 1765">
     <span class='ocr_line' id='line_1_24' title="bbox 144 1617 1744 1691; baseline 0.001 -17"><span class='ocrx_word' id='word_1_247' title='bbox 144 1618 245 1675; x_wconf 79' lang='lat' dir='ltr'><strong>Brum.</strong></span> <span class='ocrx_word' id='word_1_248' title='bbox 258 1618 339 1675; x_wconf 88' lang='lat' dir='ltr'><strong>editio</strong></span> <span class='ocrx_word' id='word_1_249' title='bbox 352 1619 446 1676; x_wconf 89' lang='lat' dir='ltr'><strong>altera.</strong></span> <span class='ocrx_word' id='word_1_250' title='bbox 463 1619 492 1674; x_wconf 92' lang='lat' dir='ltr'><strong>iu</strong></span> <span class='ocrx_word' id='word_1_251' title='bbox 501 1619 555 1676; x_wconf 88' lang='lat' dir='ltr'><strong>fine</strong></span> <span class='ocrx_word' id='word_1_252' title='bbox 569 1637 575 1674; x_wconf 89' lang='lat'>:</span> <span class='ocrx_word' id='word_1_253' title='bbox 599 1618 771 1690; x_wconf 80' lang='lat' dir='ltr'><strong>«Bituriges,</strong></span> <span class='ocrx_word' id='word_1_254' title='bbox 783 1617 898 1691; x_wconf 89' lang='lat' dir='ltr'><strong>Oplonis</strong></span> <span class='ocrx_word' id='word_1_255' title='bbox 952 1628 979 1675; x_wconf 84' lang='lat' dir='ltr'><strong>et</strong></span> <span class='ocrx_word' id='word_1_256' title='bbox 995 1619 1189 1675; x_wconf 88' lang='lat' dir='ltr'><strong>miraculorum</strong></span> <span class='ocrx_word' id='word_1_257' title='bbox 1201 1620 1288 1691; x_wconf 91' lang='lat' dir='ltr'><strong>gloria</strong></span> <span class='ocrx_word' id='word_1_258' title='bbox 1300 1621 1448 1677; x_wconf 80' lang='lat' dir='ltr'><strong>refulserit.</strong></span> <span class='ocrx_word' id='word_1_259' title='bbox 1465 1620 1569 1676; x_wconf 86' lang='lat' dir='ltr'><strong>Ardani</strong></span> <span class='ocrx_word' id='word_1_260' title='bbox 1585 1619 1699 1676; x_wconf 87' lang='lat' dir='ltr'><strong>abbatis.</strong></span> <span class='ocrx_word' id='word_1_261' title='bbox 1713 1622 1744 1676; x_wconf 93' lang='lat' dir='ltr'><strong>lu</strong></span> 
     </span>
     <span class='ocr_line' id='line_1_25' title="bbox 106 1688 1742 1765; baseline 0.003 -21"><span class='ocrx_word' id='word_1_262' title='bbox 106 1688 283 1746; x_wconf 83' lang='lat' dir='ltr'><strong>confessoris.</strong></span> <span class='ocrx_word' id='word_1_263' title='bbox 299 1688 366 1745; x_wconf 89' lang='lat' dir='ltr'><strong>Vide</strong></span> <span class='ocrx_word' id='word_1_264' title='bbox 378 1691 514 1762; x_wconf 91' lang='lat' dir='ltr'><strong>superius.</strong></span> <span class='ocrx_word' id='word_1_265' title='bbox 908 1693 932 1754; x_wconf 94' lang='grc' dir='ltr'>Β</span> <span class='ocrx_word' id='word_1_266' title='bbox 948 1692 1048 1757; x_wconf 88' lang='lat' dir='ltr'><strong>Scotia,</strong></span> <span class='ocrx_word' id='word_1_267' title='bbox 1061 1691 1150 1746; x_wconf 93' lang='lat' dir='ltr'><strong>Movei</strong></span> <span class='ocrx_word' id='word_1_268' title='bbox 1159 1691 1280 1761; x_wconf 81' lang='lat' dir='ltr'><strong>abbatis.¹</strong></span> <span class='ocrx_word' id='word_1_269' title='bbox 1292 1692 1425 1747; x_wconf 73' lang='lat' dir='ltr'><strong>Eutresia</strong></span> <span class='ocrx_word' id='word_1_270' title='bbox 1435 1692 1552 1765; x_wconf 88' lang='lat' dir='ltr'><strong>virginis</strong></span> <span class='ocrx_word' id='word_1_271' title='bbox 1567 1691 1742 1764; x_wconf 82' lang='lat' dir='ltr'><strong>etmartyris.</strong></span> 
     </span>
    </p>
   </div>
   <div class='ocr_carea' id='block_1_4' title="bbox 606 1191 897 1261">
    <p class='ocr_par' dir='ltr' id='par_1_5' title="bbox 606 1191 897 1261">
     <span class='ocr_line' id='line_1_26' title="bbox 606 1191 897 1261; baseline -0.003 -14"><span class='ocrx_word' id='word_1_272' title='bbox 606 1191 663 1258; x_wconf 94' lang='lat' dir='ltr'><strong>det,</strong></span> <span class='ocrx_word' id='word_1_273' title='bbox 694 1197 718 1246; x_wconf 86' lang='lat' dir='ltr'><strong>et</strong></span> <span class='ocrx_word' id='word_1_274' title='bbox 739 1191 897 1261; x_wconf 73' lang='lat' dir='ltr'><strong>confessoris</strong></span> 
     </span>
    </p>
   </div>
   <div class='ocr_carea' id='block_1_5' title="bbox 89 1760 887 2599">
    <p class='ocr_par' dir='ltr' id='par_1_6' title="bbox 89 1760 887 2599">
     <span class='ocr_line' id='line_1_27' title="bbox 131 1760 885 1833; baseline 0.001 -18"><span class='ocrx_word' id='word_1_275' title='bbox 131 1760 279 1816; x_wconf 69' lang='lat' dir='ltr'><strong>Curvus:</strong></span> <span class='ocrx_word' id='word_1_276' title='bbox 301 1783 310 1808; x_wconf 75' lang='grc' dir='ltr'>ι</span> <span class='ocrx_word' id='word_1_277' title='bbox 325 1762 405 1832; x_wconf 83' lang='lat' dir='ltr'><strong>Apud</strong></span> <span class='ocrx_word' id='word_1_278' title='bbox 420 1762 576 1833; x_wconf 82' lang='lat' dir='ltr'><strong>Apamiam,</strong></span> <span class='ocrx_word' id='word_1_279' title='bbox 600 1761 671 1817; x_wconf 90' lang='lat' dir='ltr'><strong>beati</strong></span> <span class='ocrx_word' id='word_1_280' title='bbox 687 1761 807 1818; x_wconf 83' lang='lat' dir='ltr'><strong>Marcelli</strong></span> <span class='ocrx_word' id='word_1_281' title='bbox 822 1761 885 1832; x_wconf 92' lang='lat' dir='ltr'><strong>epi-</strong></span> 
     </span>
     <span class='ocr_line' id='line_1_28' title="bbox 91 1831 886 1905; baseline 0.003 -19"><span class='ocrx_word' id='word_1_282' title='bbox 91 1847 139 1886; x_wconf 88' lang='lat' dir='ltr'><strong>sco</strong></span> <span class='ocrx_word' id='word_1_283' title='bbox 159 1831 208 1886; x_wconf 90' lang='lat' dir='ltr'><strong>iet</strong></span> <span class='ocrx_word' id='word_1_284' title='bbox 221 1831 409 1905; x_wconf 87' lang='lat' dir='ltr'><strong>martyris,qui</strong></span> <span class='ocrx_word' id='word_1_285' title='bbox 420 1849 482 1888; x_wconf 94' lang='lat' dir='ltr'><strong>cum</strong></span> <span class='ocrx_word' id='word_1_286' title='bbox 490 1841 612 1905; x_wconf 90' lang='lat' dir='ltr'><strong>tempore</strong></span> <span class='ocrx_word' id='word_1_287' title='bbox 623 1833 756 1888; x_wconf 87' lang='lat' dir='ltr'><strong>Theodosi</strong></span> <span class='ocrx_word' id='word_1_288' title='bbox 769 1833 886 1888; x_wconf 90' lang='lat' dir='ltr'><strong>senioris</strong></span> 
     </span>
     <span class='ocr_line' id='line_1_29' title="bbox 93 1847 884 1986; baseline 0.005 -31"><span class='ocrx_word' id='word_1_289' title='bbox 93 1847 183 1957; x_wconf 54' lang='lat' dir='ltr'><strong>crufta</strong></span> <span class='ocrx_word' id='word_1_290' title='bbox 198 1899 336 1958; x_wconf 90' lang='lat' dir='ltr'><strong>idolorum</strong></span> <span class='ocrx_word' id='word_1_291' title='bbox 351 1904 454 1986; x_wconf 86' lang='lat' dir='ltr'><strong>templa</strong></span> <span class='ocrx_word' id='word_1_292' title='bbox 468 1903 609 1972; x_wconf 86' lang='lat' dir='ltr'><strong>diruisset,</strong></span> <span class='ocrx_word' id='word_1_293' title='bbox 624 1921 640 1959; x_wconf 92' lang='lat' dir='ltr'><strong>a</strong></span> <span class='ocrx_word' id='word_1_294' title='bbox 655 1905 767 1975; x_wconf 81' lang='lat' dir='ltr'><strong>paganis</strong></span> <span class='ocrx_word' id='word_1_295' title='bbox 780 1910 884 1972; x_wconf 88' lang='lat' dir='ltr'><strong>tentus,</strong></span> 
     </span>
     <span class='ocr_line' id='line_1_30' title="bbox 90 1972 886 2047; baseline 0.005 -20"><span class='ocrx_word' id='word_1_296' title='bbox 90 1988 140 2044; x_wconf 91' lang='lat' dir='ltr'><strong>pro</strong></span> <span class='ocrx_word' id='word_1_297' title='bbox 155 1972 329 2030; x_wconf 86' lang='lat' dir='ltr'><strong>contessioue</strong></span> <span class='ocrx_word' id='word_1_298' title='bbox 344 1974 466 2031; x_wconf 88' lang='lat' dir='ltr'><strong>nominis</strong></span> <span class='ocrx_word' id='word_1_299' title='bbox 476 1975 580 2032; x_wconf 86' lang='lat' dir='ltr'><strong>Christi</strong></span> <span class='ocrx_word' id='word_1_300' title='bbox 592 1975 725 2047; x_wconf 86' lang='lat' dir='ltr'><strong>martyrio</strong></span> <span class='ocrx_word' id='word_1_301' title='bbox 740 1983 886 2031; x_wconf 90' lang='lat' dir='ltr'><strong>coronatus</strong></span> 
     </span>
     <span class='ocr_line' id='line_1_31' title="bbox 89 2044 884 2117; baseline 0.004 -19"><span class='ocrx_word' id='word_1_302' title='bbox 89 2050 138 2099; x_wconf 90' lang='lat' dir='ltr'><strong>est.</strong></span> <span class='ocrx_word' id='word_1_303' title='bbox 149 2044 183 2099; x_wconf 90' lang='lat' dir='ltr'><strong>ln</strong></span> <span class='ocrx_word' id='word_1_304' title='bbox 196 2044 357 2117; x_wconf 85' lang='lat' dir='ltr'><strong>Campania,</strong></span> <span class='ocrx_word' id='word_1_305' title='bbox 368 2046 468 2102; x_wconf 87' lang='lat' dir='ltr'><strong>natalis</strong></span> <span class='ocrx_word' id='word_1_306' title='bbox 476 2055 633 2102; x_wconf 88' lang='lat' dir='ltr'><strong>sanctorum</strong></span> <span class='ocrx_word' id='word_1_307' title='bbox 641 2045 809 2112; x_wconf 85' lang='lat' dir='ltr'><strong>Eucharisti,</strong></span> <span class='ocrx_word' id='word_1_308' title='bbox 822 2046 884 2101; x_wconf 81' lang='lat' dir='ltr'><strong>For·</strong></span> 
     </span>
     <span class='ocr_line' id='line_1_32' title="bbox 90 2113 886 2189; baseline 0.005 -20"><span class='ocrx_word' id='word_1_309' title='bbox 90 2113 193 2180; x_wconf 82' lang='lat' dir='ltr'><strong>leuati,</strong></span> <span class='ocrx_word' id='word_1_310' title='bbox 202 2114 349 2173; x_wconf 85' lang='lat' dir='ltr'><strong>Prisciani.</strong></span> <span class='ocrx_word' id='word_1_311' title='bbox 366 2117 396 2172; x_wconf 95' lang='lat' dir='ltr'><strong>ln</strong></span> <span class='ocrx_word' id='word_1_312' title='bbox 410 2117 499 2189; x_wconf 89' lang='lat' dir='ltr'><strong>Syria,</strong></span> <span class='ocrx_word' id='word_1_313' title='bbox 512 2117 611 2173; x_wconf 87' lang='lat' dir='ltr'><strong>natalis</strong></span> <span class='ocrx_word' id='word_1_314' title='bbox 623 2124 781 2174; x_wconf 87' lang='lat' dir='ltr'><strong>sanctorum</strong></span> <span class='ocrx_word' id='word_1_315' title='bbox 790 2117 886 2189; x_wconf 80' lang='lat' dir='ltr'><strong>Syriet</strong></span> 
     </span>
     <span class='ocr_line' id='line_1_33' title="bbox 91 2186 883 2258; baseline 0.004 -18"><span class='ocrx_word' id='word_1_316' title='bbox 91 2186 215 2258; x_wconf 77' lang='lat' dir='ltr'><strong>Evagrii,</strong></span> <span class='ocrx_word' id='word_1_317' title='bbox 229 2188 333 2255; x_wconf 75' lang='lat' dir='ltr'><strong>Romae,</strong></span> <span class='ocrx_word' id='word_1_318' title='bbox 349 2189 449 2244; x_wconf 88' lang='lat' dir='ltr'><strong>natalis</strong></span> <span class='ocrx_word' id='word_1_319' title='bbox 458 2197 616 2245; x_wconf 81' lang='lat' dir='ltr'><strong>sanctorum</strong></span> <span class='ocrx_word' id='word_1_320' title='bbox 631 2189 731 2246; x_wconf 91' lang='lat' dir='ltr'><strong>Celesti</strong></span> <span class='ocrx_word' id='word_1_321' title='bbox 742 2198 769 2244; x_wconf 92' lang='lat' dir='ltr'><strong>et</strong></span> <span class='ocrx_word' id='word_1_322' title='bbox 783 2189 883 2244; x_wconf 89' lang='lat' dir='ltr'><strong>Saturi.</strong></span> 
     </span>
     <span class='ocr_line' id='line_1_34' title="bbox 90 2258 886 2332; baseline 0.003 -20"><span class='ocrx_word' id='word_1_323' title='bbox 90 2258 158 2313; x_wconf 90' lang='lat' dir='ltr'><strong>ltem</strong></span> <span class='ocrx_word' id='word_1_324' title='bbox 167 2265 328 2314; x_wconf 86' lang='lat' dir='ltr'><strong>sanctorum</strong></span> <span class='ocrx_word' id='word_1_325' title='bbox 336 2259 437 2315; x_wconf 87' lang='lat' dir='ltr'><strong>Amelii</strong></span> <span class='ocrx_word' id='word_1_326' title='bbox 454 2267 480 2317; x_wconf 92' lang='lat' dir='ltr'><strong>et</strong></span> <span class='ocrx_word' id='word_1_327' title='bbox 494 2261 596 2326; x_wconf 89' lang='lat' dir='ltr'><strong>Amici,</strong></span> <span class='ocrx_word' id='word_1_328' title='bbox 608 2276 725 2332; x_wconf 92' lang='lat' dir='ltr'><strong>quorum</strong></span> <span class='ocrx_word' id='word_1_329' title='bbox 736 2259 800 2314; x_wconf 88' lang='lat' dir='ltr'><strong>miri</strong></span> <span class='ocrx_word' id='word_1_330' title='bbox 810 2268 886 2315; x_wconf 90' lang='lat' dir='ltr'><strong>actus</strong></span> 
     </span>
     <span class='ocr_line' id='line_1_35' title="bbox 90 2328 886 2404; baseline 0.003 -20"><span class='ocrx_word' id='word_1_331' title='bbox 90 2328 221 2400; x_wconf 88' lang='lat' dir='ltr'><strong>leguntur</strong></span> <span class='ocrx_word' id='word_1_332' title='bbox 232 2329 260 2384; x_wconf 91' lang='lat' dir='ltr'><strong>in</strong></span> <span class='ocrx_word' id='word_1_333' title='bbox 269 2329 387 2404; x_wconf 90' lang='lat' dir='ltr'><strong>Speculo</strong></span> <span class='ocrx_word' id='word_1_334' title='bbox 398 2331 683 2399; x_wconf 82' lang='lat' dir='ltr'><strong>Vincentii,l.iruiv,c.</strong></span> <span class='ocrx_word' id='word_1_335' title='bbox 698 2331 886 2403; x_wconf 66' lang='lat' dir='ltr'><strong>roseumque</strong></span> 
     </span>
     <span class='ocr_line' id='line_1_36' title="bbox 89 2400 886 2468; baseline 0.001 -13"><span class='ocrx_word' id='word_1_336' title='bbox 89 2406 181 2456; x_wconf 62' lang='lat' dir='ltr'><strong>ment</strong></span> <span class='ocrx_word' id='word_1_337' title='bbox 192 2400 267 2456; x_wconf 93' lang='lat' dir='ltr'><strong>miro</strong></span> <span class='ocrx_word' id='word_1_338' title='bbox 281 2401 364 2458; x_wconf 90' lang='lat' dir='ltr'><strong>modo</strong></span> <span class='ocrx_word' id='word_1_339' title='bbox 385 2402 438 2458; x_wconf 92' lang='lat' dir='ltr'><strong>sibi</strong></span> <span class='ocrx_word' id='word_1_340' title='bbox 452 2403 621 2468; x_wconf 85' lang='lat' dir='ltr'><strong>consimiles,</strong></span> <span class='ocrx_word' id='word_1_341' title='bbox 642 2401 752 2458; x_wconf 89' lang='lat' dir='ltr'><strong>tandem</strong></span> <span class='ocrx_word' id='word_1_342' title='bbox 765 2403 794 2457; x_wconf 93' lang='lat' dir='ltr'><strong>in</strong></span> <span class='ocrx_word' id='word_1_343' title='bbox 814 2402 886 2457; x_wconf 93' lang='lat' dir='ltr'><strong>bello</strong></span> 
     </span>
     <span class='ocr_line' id='line_1_37' title="bbox 90 2470 887 2599; baseline 0.001 -72"><span class='ocrx_word' id='word_1_344' title='bbox 90 2470 162 2599; x_wconf 67' lang='lat' dir='ltr'><strong>quod</strong></span> <span class='ocrx_word' id='word_1_345' title='bbox 173 2471 294 2528; x_wconf 85' lang='lat' dir='ltr'><strong>Karolus</strong></span> <span class='ocrx_word' id='word_1_346' title='bbox 306 2473 420 2544; x_wconf 90' lang='lat' dir='ltr'><strong>Magnus</strong></span> <span class='ocrx_word' id='word_1_347' title='bbox 430 2482 526 2531; x_wconf 87' lang='lat' dir='ltr'><strong>contra</strong></span> <span class='ocrx_word' id='word_1_348' title='bbox 536 2474 708 2530; x_wconf 85' lang='lat' dir='ltr'><strong>Desiderium</strong></span> <span class='ocrx_word' id='word_1_349' title='bbox 724 2473 887 2545; x_wconf 89' lang='lat' dir='ltr'><strong>Longobar-</strong></span> 
     </span>
    </p>
   </div>
   <div class='ocr_carea' id='block_1_6' title="bbox 941 1761 1824 2544">
    <p class='ocr_par' dir='ltr' id='par_1_7' title="bbox 941 1761 1418 1835">
     <span class='ocr_line' id='line_1_38' title="bbox 941 1761 1418 1835; baseline 0.002 -18"><span class='ocrx_word' id='word_1_350' title='bbox 941 1761 1081 1825; x_wconf 83' lang='lat' dir='ltr'><strong>Marlindis</strong></span> <span class='ocrx_word' id='word_1_351' title='bbox 1094 1761 1210 1834; x_wconf 88' lang='lat' dir='ltr'><strong>virginis</strong></span> <span class='ocrx_word' id='word_1_352' title='bbox 1225 1771 1250 1819; x_wconf 90' lang='lat' dir='ltr'><strong>et</strong></span> <span class='ocrx_word' id='word_1_353' title='bbox 1264 1763 1418 1835; x_wconf 77' lang='lat' dir='ltr'><strong>martyris.»</strong></span> 
     </span>
    </p>

    <p class='ocr_par' dir='ltr' id='par_1_8' title="bbox 941 1833 1824 2544">
     <span class='ocr_line' id='line_1_39' title="bbox 975 1833 1738 1905; baseline -0.001 -15"><span class='ocrx_word' id='word_1_354' title='bbox 975 1835 1104 1890; x_wconf 75' lang='lat' dir='ltr'><strong>Mosen:</strong></span> <span class='ocrx_word' id='word_1_355' title='bbox 1125 1833 1293 1904; x_wconf 80' lang='lat' dir='ltr'><strong>«Bituriges,</strong></span> <span class='ocrx_word' id='word_1_356' title='bbox 1310 1833 1426 1905; x_wconf 89' lang='lat' dir='ltr'><strong>Opionis</strong></span> <span class='ocrx_word' id='word_1_357' title='bbox 1441 1833 1639 1893; x_wconf 75' lang='lat' dir='ltr'><strong>contessoris.»</strong></span> <span class='ocrx_word' id='word_1_358' title='bbox 1656 1834 1738 1890; x_wconf 90' lang='lat' dir='ltr'><strong>Dein·</strong></span> 
     </span>
     <span class='ocr_line' id='line_1_40' title="bbox 942 1903 1739 1976; baseline -0.004 -12"><span class='ocrx_word' id='word_1_359' title='bbox 942 1909 976 1965; x_wconf 91' lang='lat' dir='ltr'><strong>de</strong></span> <span class='ocrx_word' id='word_1_360' title='bbox 990 1903 1146 1960; x_wconf 88' lang='lat' dir='ltr'><strong>minoribus</strong></span> <span class='ocrx_word' id='word_1_361' title='bbox 1159 1906 1234 1976; x_wconf 84' lang='lat' dir='ltr'><strong>typis</strong></span> <span class='ocrx_word' id='word_1_362' title='bbox 1253 1920 1288 1959; x_wconf 86' lang='lat' dir='ltr'><strong>eii</strong></span> <span class='ocrx_word' id='word_1_363' title='bbox 1300 1904 1438 1961; x_wconf 84' lang='lat' dir='ltr'><strong>Guuvsuo</strong></span> <span class='ocrx_word' id='word_1_364' title='bbox 1453 1903 1584 1962; x_wconf 88' lang='lat' dir='ltr'><strong>describit</strong></span> <span class='ocrx_word' id='word_1_365' title='bbox 1597 1906 1690 1961; x_wconf 88' lang='lat' dir='ltr'><strong>omnia</strong></span> <span class='ocrx_word' id='word_1_366' title='bbox 1704 1905 1739 1961; x_wconf 90' lang='lat' dir='ltr'><strong>de</strong></span> 
     </span>
     <span class='ocr_line' id='line_1_41' title="bbox 942 1975 1735 2045; baseline -0.005 -10"><span class='ocrx_word' id='word_1_367' title='bbox 942 1976 1074 2035; x_wconf 89' lang='lat' dir='ltr'><strong>Willrido</strong></span> <span class='ocrx_word' id='word_1_368' title='bbox 1100 1975 1276 2032; x_wconf 88' lang='lat' dir='ltr'><strong>Eboracensi.</strong></span> <span class='ocrx_word' id='word_1_369' title='bbox 1303 1977 1371 2030; x_wconf 89' lang='lat' dir='ltr'><strong>ltem</strong></span> <span class='ocrx_word' id='word_1_370' title='bbox 1392 1977 1425 2032; x_wconf 91' lang='lat' dir='ltr'><strong>de</strong></span> <span class='ocrx_word' id='word_1_371' title='bbox 1452 1977 1562 2032; x_wconf 88' lang='lat' dir='ltr'><strong>Amelio</strong></span> <span class='ocrx_word' id='word_1_372' title='bbox 1576 1983 1603 2032; x_wconf 88' lang='lat' dir='ltr'><strong>et</strong></span> <span class='ocrx_word' id='word_1_373' title='bbox 1621 1977 1735 2045; x_wconf 88' lang='lat' dir='ltr'><strong>Amico,</strong></span> 
     </span>
     <span class='ocr_line' id='line_1_42' title="bbox 941 2045 1742 2119; baseline -0.005 -13"><span class='ocrx_word' id='word_1_374' title='bbox 941 2059 1040 2106; x_wconf 85' lang='lat' dir='ltr'><strong>notans</strong></span> <span class='ocrx_word' id='word_1_375' title='bbox 1065 2048 1094 2102; x_wconf 93' lang='lat' dir='ltr'><strong>in</strong></span> <span class='ocrx_word' id='word_1_376' title='bbox 1119 2045 1260 2103; x_wconf 81' lang='lat' dir='ltr'><strong>vincentii</strong></span> <span class='ocrx_word' id='word_1_377' title='bbox 1287 2047 1404 2117; x_wconf 90' lang='lat' dir='ltr'><strong>Speculo</strong></span> <span class='ocrx_word' id='word_1_378' title='bbox 1420 2046 1470 2103; x_wconf 94' lang='lat' dir='ltr'><strong>lib.</strong></span> <span class='ocrx_word' id='word_1_379' title='bbox 1494 2061 1573 2115; x_wconf 84' lang='lat' dir='ltr'><strong>xxiv,</strong></span> <span class='ocrx_word' id='word_1_380' title='bbox 1590 2063 1649 2119; x_wconf 89' lang='lat' dir='ltr'><strong>cap.</strong></span> <span class='ocrx_word' id='word_1_381' title='bbox 1665 2047 1699 2103; x_wconf 78' lang='lat'><strong>62</strong></span> <span class='ocrx_word' id='word_1_382' title='bbox 1714 2053 1742 2102; x_wconf 92' lang='lat' dir='ltr'><strong>et</strong></span> 
     </span>
     <span class='ocr_line' id='line_1_43' title="bbox 946 2116 1739 2194; baseline -0.005 -17"><span class='ocrx_word' id='word_1_383' title='bbox 946 2136 1023 2194; x_wconf 85' lang='lat' dir='ltr'><strong>seqq.</strong></span> <span class='ocrx_word' id='word_1_384' title='bbox 1040 2120 1071 2174; x_wconf 93' lang='lat' dir='ltr'><strong>ln</strong></span> <span class='ocrx_word' id='word_1_385' title='bbox 1086 2119 1158 2173; x_wconf 86' lang='lat' dir='ltr'><strong>sine:</strong></span> <span class='ocrx_word' id='word_1_386' title='bbox 1182 2116 1392 2173; x_wconf 80' lang='lat' dir='ltr'><strong>«Maximiliani</strong></span> <span class='ocrx_word' id='word_1_387' title='bbox 1406 2118 1601 2175; x_wconf 84' lang='lat' dir='ltr'><strong>Laureacensis</strong></span> <span class='ocrx_word' id='word_1_388' title='bbox 1616 2117 1739 2190; x_wconf 87' lang='lat' dir='ltr'><strong>episcopi</strong></span> 
     </span>
     <span class='ocr_line' id='line_1_44' title="bbox 941 2187 1743 2261; baseline -0.002 -13"><span class='ocrx_word' id='word_1_389' title='bbox 941 2200 969 2248; x_wconf 90' lang='lat' dir='ltr'><strong>et</strong></span> <span class='ocrx_word' id='word_1_390' title='bbox 986 2190 1125 2261; x_wconf 87' lang='lat' dir='ltr'><strong>martyris.</strong></span> <span class='ocrx_word' id='word_1_391' title='bbox 1144 2213 1153 2236; x_wconf 83' lang='lat'><em>·</em></span> <span class='ocrx_word' id='word_1_392' title='bbox 1184 2190 1215 2244; x_wconf 92' lang='lat' dir='ltr'><strong>ln</strong></span> <span class='ocrx_word' id='word_1_393' title='bbox 1237 2187 1411 2244; x_wconf 87' lang='lat' dir='ltr'><strong>editionibus</strong></span> <span class='ocrx_word' id='word_1_394' title='bbox 1424 2189 1497 2256; x_wconf 88' lang='lat' dir='ltr'><strong>aliis,</strong></span> <span class='ocrx_word' id='word_1_395' title='bbox 1522 2189 1555 2245; x_wconf 95' lang='lat' dir='ltr'><strong>de</strong></span> <span class='ocrx_word' id='word_1_396' title='bbox 1578 2190 1695 2260; x_wconf 87' lang='lat' dir='ltr'><strong>Oplone,</strong></span> <span class='ocrx_word' id='word_1_397' title='bbox 1711 2197 1743 2246; x_wconf 92' lang='lat' dir='ltr'><strong>ut</strong></span> 
     </span>
     <span class='ocr_line' id='line_1_45' title="bbox 941 2259 1824 2336; baseline -0.006 -16"><span class='ocrx_word' id='word_1_398' title='bbox 941 2280 1031 2336; x_wconf 89' lang='lat' dir='ltr'><strong>supra.</strong></span> <span class='ocrx_word' id='word_1_399' title='bbox 1055 2259 1237 2327; x_wconf 82' lang='lat' dir='ltr'><strong>«Mediolani,</strong></span> <span class='ocrx_word' id='word_1_400' title='bbox 1253 2260 1396 2315; x_wconf 89' lang='lat' dir='ltr'><strong>translatio</strong></span> <span class='ocrx_word' id='word_1_401' title='bbox 1406 2260 1495 2315; x_wconf 90' lang='lat' dir='ltr'><strong>sancti</strong></span> <span class='ocrx_word' id='word_1_402' title='bbox 1506 2261 1594 2316; x_wconf 75' lang='lat' dir='ltr'><strong>Mouae</strong></span> <span class='ocrx_word' id='word_1_403' title='bbox 1607 2260 1742 2332; x_wconf 89' lang='lat' dir='ltr'><strong>archiepi·</strong></span> <span class='ocrx_word' id='word_1_404' title='bbox 1821 2285 1824 2288; x_wconf 48' lang='lat'><strong>⁴</strong></span> 
     </span>
     <span class='ocr_line' id='line_1_46' title="bbox 941 2330 1740 2412; baseline -0.006 -21"><span class='ocrx_word' id='word_1_405' title='bbox 941 2335 1027 2407; x_wconf 90' lang='lat' dir='ltr'><strong>scopi.</strong></span> <span class='ocrx_word' id='word_1_406' title='bbox 1051 2333 1081 2387; x_wconf 92' lang='lat' dir='ltr'><strong>ln</strong></span> <span class='ocrx_word' id='word_1_407' title='bbox 1103 2331 1212 2402; x_wconf 85' lang='lat' dir='ltr'><strong>Anglia,</strong></span> <span class='ocrx_word' id='word_1_408' title='bbox 1231 2330 1332 2385; x_wconf 90' lang='lat' dir='ltr'><strong>natalis</strong></span> <span class='ocrx_word' id='word_1_409' title='bbox 1353 2331 1442 2386; x_wconf 91' lang='lat' dir='ltr'><strong>sancti</strong></span> <span class='ocrx_word' id='word_1_410' title='bbox 1469 2330 1594 2386; x_wconf 85' lang='lat' dir='ltr'><strong>Willridi</strong></span> <span class='ocrx_word' id='word_1_411' title='bbox 1617 2331 1740 2412; x_wconf 89' lang='lat' dir='ltr'><strong>episcopi</strong></span> 
     </span>
     <span class='ocr_line' id='line_1_47' title="bbox 941 2400 1740 2469; baseline -0.006 -8"><span class='ocrx_word' id='word_1_412' title='bbox 941 2402 1124 2461; x_wconf 85' lang='lat' dir='ltr'><strong>Eboracensis</strong></span> <span class='ocrx_word' id='word_1_413' title='bbox 1138 2411 1165 2457; x_wconf 93' lang='lat' dir='ltr'><strong>et</strong></span> <span class='ocrx_word' id='word_1_414' title='bbox 1174 2400 1348 2457; x_wconf 81' lang='lat' dir='ltr'><strong>confessoris.</strong></span> <span class='ocrx_word' id='word_1_415' title='bbox 1360 2401 1468 2458; x_wconf 81' lang='lat' dir='ltr'><strong>Celenae</strong></span> <span class='ocrx_word' id='word_1_416' title='bbox 1480 2402 1508 2457; x_wconf 90' lang='lat' dir='ltr'><strong>in</strong></span> <span class='ocrx_word' id='word_1_417' title='bbox 1519 2401 1675 2469; x_wconf 88' lang='lat' dir='ltr'><strong>Pannonia,</strong></span> <span class='ocrx_word' id='word_1_418' title='bbox 1686 2403 1740 2458; x_wconf 92' lang='lat' dir='ltr'><strong>Ma·</strong></span> 
     </span>
     <span class='ocr_line' id='line_1_48' title="bbox 942 2472 1741 2544; baseline -0.004 -13"><span class='ocrx_word' id='word_1_419' title='bbox 942 2474 1081 2532; x_wconf 86' lang='lat' dir='ltr'><strong>xiiiiiliani</strong></span> <span class='ocrx_word' id='word_1_420' title='bbox 1096 2472 1290 2528; x_wconf 72' lang='lat' dir='ltr'><strong>laureacensis</strong></span> <span class='ocrx_word' id='word_1_421' title='bbox 1305 2472 1425 2544; x_wconf 89' lang='lat' dir='ltr'><strong>episcopi</strong></span> <span class='ocrx_word' id='word_1_422' title='bbox 1441 2479 1469 2527; x_wconf 92' lang='lat' dir='ltr'><strong>et</strong></span> <span class='ocrx_word' id='word_1_423' title='bbox 1487 2472 1661 2528; x_wconf 81' lang='lat' dir='ltr'><strong>confessoris.</strong></span> <span class='ocrx_word' id='word_1_424' title='bbox 1680 2472 1741 2530; x_wconf 91' lang='lat' dir='ltr'><strong>Cu-</strong></span> 
     </span>
    </p>
   </div>
   <div class='ocr_carea' id='block_1_7' title="bbox 107 2544 1736 2626">
    <p class='ocr_par' dir='ltr' id='par_1_9' title="bbox 107 2544 1736 2626">
     <span class='ocr_line' id='line_1_49' title="bbox 107 2544 1736 2626; baseline -0.001 -27"><span class='ocrx_word' id='word_1_425' title='bbox 107 2558 190 2599; x_wconf 89' lang='lat' dir='ltr'><strong>orum</strong></span> <span class='ocrx_word' id='word_1_426' title='bbox 205 2559 297 2616; x_wconf 86' lang='lat' dir='ltr'><strong>regem</strong></span> <span class='ocrx_word' id='word_1_427' title='bbox 311 2545 341 2600; x_wconf 91' lang='lat' dir='ltr'><strong>iu</strong></span> <span class='ocrx_word' id='word_1_428' title='bbox 351 2544 429 2601; x_wconf 89' lang='lat' dir='ltr'><strong>ltalia</strong></span> <span class='ocrx_word' id='word_1_429' title='bbox 441 2546 534 2618; x_wconf 90' lang='lat' dir='ltr'><strong>gessit,</strong></span> <span class='ocrx_word' id='word_1_430' title='bbox 547 2545 785 2617; x_wconf 90' lang='lat' dir='ltr'><strong>multispollentes</strong></span> <span class='ocrx_word' id='word_1_431' title='bbox 800 2545 886 2626; x_wconf 87' lang='lat' dir='ltr'><strong>pieta·</strong></span> <span class='ocrx_word' id='word_1_432' title='bbox 938 2547 985 2620; x_wconf 87' lang='lat' dir='ltr'><strong>jus</strong></span> <span class='ocrx_word' id='word_1_433' title='bbox 1003 2561 1102 2617; x_wconf 92' lang='lat' dir='ltr'><strong>corpus</strong></span> <span class='ocrx_word' id='word_1_434' title='bbox 1118 2545 1288 2601; x_wconf 89' lang='lat' dir='ltr'><strong>Laureacnm</strong></span> <span class='ocrx_word' id='word_1_435' title='bbox 1304 2544 1448 2599; x_wconf 86' lang='lat' dir='ltr'><strong>transtulit</strong></span> <span class='ocrx_word' id='word_1_436' title='bbox 1471 2551 1582 2599; x_wconf 89' lang='lat' dir='ltr'><strong>sanctus</strong></span> <span class='ocrx_word' id='word_1_437' title='bbox 1598 2545 1736 2613; x_wconf 85' lang='lat' dir='ltr'><strong>Rupertus</strong></span> 
     </span>
    </p>
   </div>
   <div class='ocr_carea' id='block_1_8' title="bbox 89 2612 887 3046">
    <p class='ocr_par' dir='ltr' id='par_1_10' title="bbox 89 2612 887 3046">
     <span class='ocr_line' id='line_1_50' title="bbox 89 2612 886 2688; baseline 0.003 -18"><span class='ocrx_word' id='word_1_438' title='bbox 89 2612 345 2686; x_wconf 83' lang='lat' dir='ltr'><strong>tisoperlbus,cum</strong></span> <span class='ocrx_word' id='word_1_439' title='bbox 354 2617 416 2672; x_wconf 86' lang='lat' dir='ltr'><strong>aliis</strong></span> <span class='ocrx_word' id='word_1_440' title='bbox 429 2617 525 2672; x_wconf 91' lang='lat' dir='ltr'><strong>multis</strong></span> <span class='ocrx_word' id='word_1_441' title='bbox 535 2617 682 2684; x_wconf 89' lang='lat' dir='ltr'><strong>interlecti,</strong></span> <span class='ocrx_word' id='word_1_442' title='bbox 695 2617 820 2688; x_wconf 83' lang='lat' dir='ltr'><strong>martyrii</strong></span> <span class='ocrx_word' id='word_1_443' title='bbox 829 2617 886 2688; x_wconf 93' lang='lat' dir='ltr'><strong>pal·</strong></span> 
     </span>
     <span class='ocr_line' id='line_1_51' title="bbox 90 2685 886 2766; baseline 0.001 -24"><span class='ocrx_word' id='word_1_444' title='bbox 90 2701 162 2766; x_wconf 82' lang='lat' dir='ltr'><strong>mam</strong></span> <span class='ocrx_word' id='word_1_445' title='bbox 175 2685 269 2758; x_wconf 83' lang='lat' dir='ltr'><strong>adepti</strong></span> <span class='ocrx_word' id='word_1_446' title='bbox 298 2693 373 2743; x_wconf 90' lang='lat' dir='ltr'><strong>sunt.</strong></span> <span class='ocrx_word' id='word_1_447' title='bbox 397 2688 582 2745; x_wconf 86' lang='lat' dir='ltr'><strong>Maximiliani</strong></span> <span class='ocrx_word' id='word_1_448' title='bbox 603 2687 798 2744; x_wconf 89' lang='lat' dir='ltr'><strong>Laureacensis</strong></span> <span class='ocrx_word' id='word_1_449' title='bbox 822 2687 886 2758; x_wconf 90' lang='lat' dir='ltr'><strong>epi-</strong></span> 
     </span>
     <span class='ocr_line' id='line_1_52' title="bbox 90 2759 885 2832; baseline 0.001 -19"><span class='ocrx_word' id='word_1_450' title='bbox 90 2772 164 2829; x_wconf 83' lang='lat' dir='ltr'><strong>scopt</strong></span> <span class='ocrx_word' id='word_1_451' title='bbox 181 2766 209 2814; x_wconf 82' lang='lat' dir='ltr'><strong>et</strong></span> <span class='ocrx_word' id='word_1_452' title='bbox 232 2759 373 2831; x_wconf 86' lang='lat' dir='ltr'><strong>martyris,</strong></span> <span class='ocrx_word' id='word_1_453' title='bbox 390 2760 436 2832; x_wconf 91' lang='lat' dir='ltr'><strong>qui</strong></span> <span class='ocrx_word' id='word_1_454' title='bbox 453 2769 576 2832; x_wconf 88' lang='lat' dir='ltr'><strong>tempore</strong></span> <span class='ocrx_word' id='word_1_455' title='bbox 591 2759 654 2816; x_wconf 93' lang='lat' dir='ltr'><strong>Cari</strong></span> <span class='ocrx_word' id='word_1_456' title='bbox 677 2766 704 2814; x_wconf 93' lang='lat' dir='ltr'><strong>et</strong></span> <span class='ocrx_word' id='word_1_457' title='bbox 724 2759 885 2815; x_wconf 91' lang='lat' dir='ltr'><strong>Numeriani</strong></span> 
     </span>
     <span class='ocr_line' id='line_1_53' title="bbox 91 2827 887 2912; baseline 0.004 -29"><span class='ocrx_word' id='word_1_458' title='bbox 91 2827 300 2902; x_wconf 84' lang='lat' dir='ltr'><strong>imperatorum,</strong></span> <span class='ocrx_word' id='word_1_459' title='bbox 322 2832 448 2912; x_wconf 72' lang='lat' dir='ltr'><strong>martyrii</strong></span> <span class='ocrx_word' id='word_1_460' title='bbox 466 2847 595 2887; x_wconf 87' lang='lat' dir='ltr'><strong>coronam</strong></span> <span class='ocrx_word' id='word_1_461' title='bbox 616 2832 741 2903; x_wconf 90' lang='lat' dir='ltr'><strong>adeptus,</strong></span> <span class='ocrx_word' id='word_1_462' title='bbox 759 2838 887 2902; x_wconf 91' lang='lat' dir='ltr'><strong>postmo-</strong></span> 
     </span>
     <span class='ocr_line' id='line_1_54' title="bbox 90 2898 886 2983; baseline 0.004 -28"><span class='ocrx_word' id='word_1_463' title='bbox 90 2898 152 2956; x_wconf 94' lang='lat' dir='ltr'><strong>dum</strong></span> <span class='ocrx_word' id='word_1_464' title='bbox 178 2914 193 2956; x_wconf 83' lang='lat' dir='ltr'><strong>a</strong></span> <span class='ocrx_word' id='word_1_465' title='bbox 217 2899 288 2957; x_wconf 89' lang='lat' dir='ltr'><strong>duce</strong></span> <span class='ocrx_word' id='word_1_466' title='bbox 298 2900 526 2983; x_wconf 82' lang='lat' dir='ltr'><strong>Bajoariommin</strong></span> <span class='ocrx_word' id='word_1_467' title='bbox 547 2903 687 2958; x_wconf 78' lang='lat' dir='ltr'><strong>Patavium</strong></span> <span class='ocrx_word' id='word_1_468' title='bbox 714 2918 796 2973; x_wconf 90' lang='lat' dir='ltr'><strong>super</strong></span> <span class='ocrx_word' id='word_1_469' title='bbox 820 2902 886 2958; x_wconf 91' lang='lat' dir='ltr'><strong>litus</strong></span> 
     </span>
     <span class='ocr_line' id='line_1_55' title="bbox 90 2971 886 3046; baseline 0.004 -21"><span class='ocrx_word' id='word_1_470' title='bbox 90 2971 138 3027; x_wconf 78' lang='lat' dir='ltr'><strong>lini</strong></span> <span class='ocrx_word' id='word_1_471' title='bbox 153 2971 316 3038; x_wconf 85' lang='lat' dir='ltr'><strong>translatus,</strong></span> <span class='ocrx_word' id='word_1_472' title='bbox 331 2989 360 3029; x_wconf 92' lang='lat' dir='ltr'><strong>in</strong></span> <span class='ocrx_word' id='word_1_473' title='bbox 378 2990 475 3046; x_wconf 85' lang='lat' dir='ltr'><strong>magna</strong></span> <span class='ocrx_word' id='word_1_474' title='bbox 491 2974 667 3030; x_wconf 88' lang='lat' dir='ltr'><strong>veneratione</strong></span> <span class='ocrx_word' id='word_1_475' title='bbox 682 2973 807 3029; x_wconf 90' lang='lat' dir='ltr'><strong>habetur.</strong></span> <span class='ocrx_word' id='word_1_476' title='bbox 825 2974 886 3029; x_wconf 91' lang='lat' dir='ltr'><strong>Lu-</strong></span> 
     </span>
    </p>
   </div>
   <div class='ocr_carea' id='block_1_9' title="bbox 942 2612 1741 3042">
    <p class='ocr_par' dir='ltr' id='par_1_11' title="bbox 942 2612 1741 3042">
     <span class='ocr_line' id='line_1_56' title="bbox 942 2612 1740 2688; baseline -0.008 -14"><span class='ocrx_word' id='word_1_477' title='bbox 942 2620 1110 2675; x_wconf 86' lang='lat' dir='ltr'><strong>Bavaroruiu</strong></span> <span class='ocrx_word' id='word_1_478' title='bbox 1138 2616 1290 2687; x_wconf 87' lang='lat' dir='ltr'><strong>apostolus,</strong></span> <span class='ocrx_word' id='word_1_479' title='bbox 1319 2615 1366 2688; x_wconf 92' lang='lat' dir='ltr'><strong>qui</strong></span> <span class='ocrx_word' id='word_1_480' title='bbox 1391 2614 1525 2686; x_wconf 85' lang='lat' dir='ltr'><strong>plurimas</strong></span> <span class='ocrx_word' id='word_1_481' title='bbox 1548 2615 1677 2671; x_wconf 89' lang='lat' dir='ltr'><strong>ecclesias</strong></span> <span class='ocrx_word' id='word_1_482' title='bbox 1705 2612 1740 2669; x_wconf 90' lang='lat' dir='ltr'><strong>ad</strong></span> 
     </span>
     <span class='ocr_line' id='line_1_57' title="bbox 942 2684 1738 2761; baseline -0.008 -16"><span class='ocrx_word' id='word_1_483' title='bbox 942 2689 1002 2761; x_wconf 85' lang='lat' dir='ltr'><strong>ejus</strong></span> <span class='ocrx_word' id='word_1_484' title='bbox 1027 2689 1159 2744; x_wconf 89' lang='lat' dir='ltr'><strong>honorem</strong></span> <span class='ocrx_word' id='word_1_485' title='bbox 1186 2685 1336 2742; x_wconf 87' lang='lat' dir='ltr'><strong>dedicavit.</strong></span> <span class='ocrx_word' id='word_1_486' title='bbox 1362 2685 1483 2741; x_wconf 86' lang='lat' dir='ltr'><strong>Tandem</strong></span> <span class='ocrx_word' id='word_1_487' title='bbox 1507 2700 1572 2740; x_wconf 89' lang='lat' dir='ltr'><strong>vero</strong></span> <span class='ocrx_word' id='word_1_488' title='bbox 1596 2684 1738 2740; x_wconf 80' lang='lat' dir='ltr'><strong>Patavium</strong></span> 
     </span>
     <span class='ocr_line' id='line_1_58' title="bbox 942 2755 1734 2834; baseline -0.009 -17"><span class='ocrx_word' id='word_1_489' title='bbox 942 2761 1074 2834; x_wconf 89' lang='lat' dir='ltr'><strong>reliquias</strong></span> <span class='ocrx_word' id='word_1_490' title='bbox 1086 2757 1227 2815; x_wconf 89' lang='lat' dir='ltr'><strong>trunstulit</strong></span> <span class='ocrx_word' id='word_1_491' title='bbox 1242 2756 1378 2813; x_wconf 89' lang='lat' dir='ltr'><strong>Henricus</strong></span> <span class='ocrx_word' id='word_1_492' title='bbox 1391 2755 1528 2812; x_wconf 91' lang='lat' dir='ltr'><strong>secundus</strong></span> <span class='ocrx_word' id='word_1_493' title='bbox 1543 2756 1703 2827; x_wconf 89' lang='lat' dir='ltr'><strong>imperator.</strong></span> <span class='ocrx_word' id='word_1_494' title='bbox 1724 2780 1734 2803; x_wconf 77' lang='grc' dir='ltr'><strong><em>ι</em></strong></span> 
     </span>
     <span class='ocr_line' id='line_1_59' title="bbox 942 2827 1740 2907; baseline -0.011 -18"><span class='ocrx_word' id='word_1_495' title='bbox 942 2832 1048 2889; x_wconf 89' lang='lat' dir='ltr'><strong>Deinde</strong></span> <span class='ocrx_word' id='word_1_496' title='bbox 1061 2831 1135 2902; x_wconf 90' lang='lat' dir='ltr'><strong>typis</strong></span> <span class='ocrx_word' id='word_1_497' title='bbox 1146 2829 1300 2885; x_wconf 89' lang='lat' dir='ltr'><strong>minoribus</strong></span> <span class='ocrx_word' id='word_1_498' title='bbox 1313 2845 1319 2881; x_wconf 72' lang='grc' dir='ltr'><em>τ</em></span> <span class='ocrx_word' id='word_1_499' title='bbox 1339 2827 1455 2900; x_wconf 81' lang='lat' dir='ltr'><strong>«Papiae,</strong></span> <span class='ocrx_word' id='word_1_500' title='bbox 1468 2835 1627 2884; x_wconf 87' lang='lat' dir='ltr'><strong>sauctorum</strong></span> <span class='ocrx_word' id='word_1_501' title='bbox 1638 2832 1709 2881; x_wconf 93' lang='lat' dir='ltr'><strong>mart</strong></span> <span class='ocrx_word' id='word_1_502' title='bbox 1720 2856 1740 2907; x_wconf 35' lang='lat'><strong>.-</strong></span> 
     </span>
     <span class='ocr_line' id='line_1_60' title="bbox 942 2897 1741 2972; baseline -0.008 -14"><span class='ocrx_word' id='word_1_503' title='bbox 942 2921 1004 2960; x_wconf 87' lang='lat' dir='ltr'><strong>runi</strong></span> <span class='ocrx_word' id='word_1_504' title='bbox 1031 2900 1132 2960; x_wconf 89' lang='lat' dir='ltr'><strong>Amelii</strong></span> <span class='ocrx_word' id='word_1_505' title='bbox 1149 2909 1176 2956; x_wconf 92' lang='lat' dir='ltr'><strong>et</strong></span> <span class='ocrx_word' id='word_1_506' title='bbox 1197 2900 1300 2967; x_wconf 87' lang='lat' dir='ltr'><strong>Amici,</strong></span> <span class='ocrx_word' id='word_1_507' title='bbox 1316 2915 1385 2972; x_wconf 92' lang='lat' dir='ltr'><strong>quos</strong></span> <span class='ocrx_word' id='word_1_508' title='bbox 1401 2914 1450 2954; x_wconf 82' lang='lat' dir='ltr'><strong>res</strong></span> <span class='ocrx_word' id='word_1_509' title='bbox 1464 2897 1624 2954; x_wconf 89' lang='lat' dir='ltr'><strong>Desiderius</strong></span> <span class='ocrx_word' id='word_1_510' title='bbox 1638 2897 1697 2953; x_wconf 89' lang='lat' dir='ltr'><strong>occi</strong></span> <span class='ocrx_word' id='word_1_511' title='bbox 1719 2904 1741 2952; x_wconf 92' lang='lat' dir='ltr'><strong>it</strong></span> 
     </span>
     <span class='ocr_line' id='line_1_61' title="bbox 943 2968 1741 3042; baseline -0.009 -12"><span class='ocrx_word' id='word_1_512' title='bbox 943 2975 970 3030; x_wconf 89' lang='lat' dir='ltr'><strong>in</strong></span> <span class='ocrx_word' id='word_1_513' title='bbox 989 2975 1061 3031; x_wconf 90' lang='lat' dir='ltr'><strong>bello</strong></span> <span class='ocrx_word' id='word_1_514' title='bbox 1075 2980 1170 3030; x_wconf 85' lang='lat' dir='ltr'><strong>contra</strong></span> <span class='ocrx_word' id='word_1_515' title='bbox 1186 2971 1314 3028; x_wconf 87' lang='lat' dir='ltr'><strong>Carolum</strong></span> <span class='ocrx_word' id='word_1_516' title='bbox 1338 2971 1478 3042; x_wconf 90' lang='lat' dir='ltr'><strong>Magnum.</strong></span> <span class='ocrx_word' id='word_1_517' title='bbox 1492 2993 1502 3016; x_wconf 76' lang='grc' dir='ltr'>ι</span> <span class='ocrx_word' id='word_1_518' title='bbox 1523 2970 1566 3027; x_wconf 82' lang='lat' dir='ltr'><strong>Es</strong></span> <span class='ocrx_word' id='word_1_519' title='bbox 1582 2968 1741 3027; x_wconf 82' lang='lat' dir='ltr'><strong>Castellauo</strong></span> 
     </span>
    </p>
   </div>
   <div class='ocr_carea' id='block_1_10' title="bbox 92 3041 1415 3119">
    <p class='ocr_par' dir='ltr' id='par_1_12' title="bbox 92 3041 1415 3119">
     <span class='ocr_line' id='line_1_62' title="bbox 92 3041 1415 3119; baseline -0.002 -20"><span class='ocrx_word' id='word_1_520' title='bbox 92 3041 156 3100; x_wconf 89' lang='lat' dir='ltr'><strong>cinii</strong></span> <span class='ocrx_word' id='word_1_521' title='bbox 175 3048 205 3100; x_wconf 89' lang='lat' dir='ltr'><strong>et</strong></span> <span class='ocrx_word' id='word_1_522' title='bbox 224 3044 329 3100; x_wconf 90' lang='lat' dir='ltr'><strong>sororis</strong></span> <span class='ocrx_word' id='word_1_523' title='bbox 349 3042 408 3116; x_wconf 85' lang='lat' dir='ltr'><strong>ejus</strong></span> <span class='ocrx_word' id='word_1_524' title='bbox 427 3054 591 3119; x_wconf 86' lang='lat' dir='ltr'><strong>martyrum.</strong></span> <span class='ocrx_word' id='word_1_525' title='bbox 619 3047 650 3101; x_wconf 92' lang='lat' dir='ltr'><strong>lii</strong></span> <span class='ocrx_word' id='word_1_526' title='bbox 674 3045 783 3118; x_wconf 87' lang='lat' dir='ltr'><strong>Anglia,</strong></span> <span class='ocrx_word' id='word_1_527' title='bbox 799 3045 886 3101; x_wconf 91' lang='lat' dir='ltr'><strong>sancti</strong></span> <span class='ocrx_word' id='word_1_528' title='bbox 909 3046 1034 3119; x_wconf 71' lang='lat' dir='ltr'><strong>edisces</strong></span> <span class='ocrx_word' id='word_1_529' title='bbox 1049 3044 1180 3118; x_wconf 89' lang='lat' dir='ltr'><strong>reliquias</strong></span> <span class='ocrx_word' id='word_1_530' title='bbox 1194 3058 1252 3099; x_wconf 90' lang='lat' dir='ltr'><strong>esse</strong></span> <span class='ocrx_word' id='word_1_531' title='bbox 1268 3042 1415 3098; x_wconf 84' lang='lat' dir='ltr'><strong>Mortariae.</strong></span> 
     </span>
    </p>
   </div>
   <div class='ocr_carea' id='block_1_11' title="bbox 94 3264 218 3324">
    <p class='ocr_par' dir='ltr' id='par_1_13' title="bbox 94 3264 218 3324">
     <span class='ocr_line' id='line_1_63' title="bbox 94 3264 218 3324; baseline -0.008 -2"><span class='ocrx_word' id='word_1_532' title='bbox 94 3264 126 3322; x_wconf 93' lang='lat' dir='ltr'><strong>lll</strong></span> <span class='ocrx_word' id='word_1_533' title='bbox 139 3264 218 3324; x_wconf 86' lang='lat' dir='ltr'><strong>ldns.</strong></span> 
     </span>
    </p>
   </div>
   <div class='ocr_carea' id='block_1_12' title="bbox 1627 3261 1739 3320">
    <p class='ocr_par' dir='ltr' id='par_1_14' title="bbox 1627 3261 1739 3320">
     <span class='ocr_line' id='line_1_64' title="bbox 1627 3261 1739 3320; baseline 0.018 -2"><span class='ocrx_word' id='word_1_534' title='bbox 1627 3262 1676 3318; x_wconf 88' lang='lat' dir='ltr'><strong>Die</strong></span> <span class='ocrx_word' id='word_1_535' title='bbox 1696 3261 1739 3320; x_wconf 81' lang='lat'><strong>13.</strong></span> 
     </span>
    </p>
   </div>
   <div class='ocr_carea' id='block_1_13' title="bbox 94 3349 1742 3519">
    <p class='ocr_par' dir='ltr' id='par_1_15' title="bbox 94 3349 1742 3519">
     <span class='ocr_line' id='line_1_65' title="bbox 123 3349 1741 3428; baseline -0.001 -18"><span class='ocrx_word' id='word_1_536' title='bbox 123 3352 206 3427; x_wconf 86' lang='lat' dir='ltr'><strong>Apud</strong></span> <span class='ocrx_word' id='word_1_537' title='bbox 220 3353 367 3424; x_wconf 77' lang='lat' dir='ltr'><strong>Troadem,</strong></span> <span class='ocrx_word' id='word_1_538' title='bbox 380 3357 480 3413; x_wconf 88' lang='lat' dir='ltr'><strong>natalis</strong></span> <span class='ocrx_word' id='word_1_539' title='bbox 494 3356 568 3413; x_wconf 91' lang='lat' dir='ltr'><strong>beati</strong></span> <span class='ocrx_word' id='word_1_540' title='bbox 582 3355 673 3428; x_wconf 88' lang='lat' dir='ltr'><strong>Carpi,</strong></span> <span class='ocrx_word' id='word_1_541' title='bbox 690 3354 821 3428; x_wconf 93' lang='lat' dir='ltr'><strong>discipuli</strong></span> <span class='ocrx_word' id='word_1_542' title='bbox 836 3355 952 3428; x_wconf 91' lang='lat' dir='ltr'><strong>apostoli</strong></span> <span class='ocrx_word' id='word_1_543' title='bbox 968 3353 1057 3410; x_wconf 88' lang='lat' dir='ltr'><strong>Pauli.</strong></span> <span class='ocrx_word' id='word_1_544' title='bbox 1073 3353 1104 3409; x_wconf 92' lang='lat' dir='ltr'><strong>In</strong></span> <span class='ocrx_word' id='word_1_545' title='bbox 1117 3350 1269 3425; x_wconf 87' lang='lat' dir='ltr'><strong>Hispaniis,</strong></span> <span class='ocrx_word' id='word_1_546' title='bbox 1287 3350 1408 3408; x_wconf 88' lang='lat' dir='ltr'><strong>civitate</strong></span> <span class='ocrx_word' id='word_1_547' title='bbox 1422 3349 1560 3419; x_wconf 90' lang='lat' dir='ltr'><strong>Corduba,</strong></span> <span class='ocrx_word' id='word_1_548' title='bbox 1575 3351 1665 3423; x_wconf 92' lang='lat' dir='ltr'><strong>passio</strong></span> <span class='ocrx_word' id='word_1_549' title='bbox 1680 3368 1741 3408; x_wconf 90' lang='lat' dir='ltr'><strong>san·</strong></span> 
     </span>
     <span class='ocr_line' id='line_1_66' title="bbox 94 3438 1742 3519; baseline -0.002 -19"><span class='ocrx_word' id='word_1_550' title='bbox 94 3452 198 3500; x_wconf 84' lang='lat' dir='ltr'><strong>storum</strong></span> <span class='ocrx_word' id='word_1_551' title='bbox 213 3444 321 3513; x_wconf 85' lang='lat' dir='ltr'><strong>Fausti,</strong></span> <span class='ocrx_word' id='word_1_552' title='bbox 342 3446 466 3502; x_wconf 85' lang='lat' dir='ltr'><strong>tannarii</strong></span> <span class='ocrx_word' id='word_1_553' title='bbox 481 3452 508 3503; x_wconf 92' lang='lat' dir='ltr'><strong>et</strong></span> <span class='ocrx_word' id='word_1_554' title='bbox 526 3444 669 3512; x_wconf 82' lang='lat' dir='ltr'><strong>Martialis,</strong></span> <span class='ocrx_word' id='word_1_555' title='bbox 689 3445 736 3517; x_wconf 92' lang='lat' dir='ltr'><strong>qui</strong></span> <span class='ocrx_word' id='word_1_556' title='bbox 756 3446 847 3517; x_wconf 89' lang='lat' dir='ltr'><strong>primo</strong></span> <span class='ocrx_word' id='word_1_557' title='bbox 861 3444 971 3519; x_wconf 89' lang='lat' dir='ltr'><strong>equulei</strong></span> <span class='ocrx_word' id='word_1_558' title='bbox 983 3458 1064 3515; x_wconf 90' lang='lat' dir='ltr'><strong>poena</strong></span> <span class='ocrx_word' id='word_1_559' title='bbox 1082 3440 1209 3509; x_wconf 91' lang='lat' dir='ltr'><strong>cruciati,</strong></span> <span class='ocrx_word' id='word_1_560' title='bbox 1230 3439 1331 3497; x_wconf 89' lang='lat' dir='ltr'><strong>deinde</strong></span> <span class='ocrx_word' id='word_1_561' title='bbox 1348 3438 1508 3512; x_wconf 88' lang='lat' dir='ltr'><strong>superciliis</strong></span> <span class='ocrx_word' id='word_1_562' title='bbox 1528 3440 1607 3510; x_wconf 86' lang='lat' dir='ltr'><strong>rasis,</strong></span> <span class='ocrx_word' id='word_1_563' title='bbox 1627 3441 1742 3498; x_wconf 88' lang='lat' dir='ltr'><strong>auribus</strong></span> 
     </span>
    </p>
   </div>
   <div class='ocr_carea' id='block_1_14' title="bbox 96 3529 1739 3877">
    <p class='ocr_par' dir='ltr' id='par_1_16' title="bbox 96 3529 1739 3877">
     <span class='ocr_line' id='line_1_67' title="bbox 96 3529 1739 3606; baseline 0.001 -21"><span class='ocrx_word' id='word_1_564' title='bbox 96 3544 197 3606; x_wconf 89' lang='lat' dir='ltr'><strong>quoque</strong></span> <span class='ocrx_word' id='word_1_565' title='bbox 211 3537 240 3589; x_wconf 92' lang='lat' dir='ltr'><strong>et</strong></span> <span class='ocrx_word' id='word_1_566' title='bbox 259 3531 373 3590; x_wconf 83' lang='lat' dir='ltr'><strong>naribus</strong></span> <span class='ocrx_word' id='word_1_567' title='bbox 387 3534 518 3606; x_wconf 77' lang='lat' dir='ltr'><strong>precisis,</strong></span> <span class='ocrx_word' id='word_1_568' title='bbox 535 3533 665 3591; x_wconf 90' lang='lat' dir='ltr'><strong>dentibus</strong></span> <span class='ocrx_word' id='word_1_569' title='bbox 686 3532 767 3588; x_wconf 90' lang='lat' dir='ltr'><strong>etiam</strong></span> <span class='ocrx_word' id='word_1_570' title='bbox 792 3534 983 3606; x_wconf 88' lang='lat' dir='ltr'><strong>superioribus</strong></span> <span class='ocrx_word' id='word_1_571' title='bbox 1000 3533 1113 3599; x_wconf 92' lang='lat' dir='ltr'><strong>evulsis,</strong></span> <span class='ocrx_word' id='word_1_572' title='bbox 1130 3530 1165 3586; x_wconf 91' lang='lat' dir='ltr'><strong>ad</strong></span> <span class='ocrx_word' id='word_1_573' title='bbox 1189 3530 1320 3586; x_wconf 91' lang='lat' dir='ltr'><strong>ultimum</strong></span> <span class='ocrx_word' id='word_1_574' title='bbox 1336 3529 1409 3600; x_wconf 89' lang='lat' dir='ltr'><strong>ignis</strong></span> <span class='ocrx_word' id='word_1_575' title='bbox 1432 3529 1558 3601; x_wconf 89' lang='lat' dir='ltr'><strong>passione</strong></span> <span class='ocrx_word' id='word_1_576' title='bbox 1574 3530 1739 3602; x_wconf 88' lang='lat' dir='ltr'><strong>martyrium</strong></span> 
     </span>
     <span class='ocr_line' id='line_1_68' title="bbox 97 3618 1738 3695; baseline 0.001 -20"><span class='ocrx_word' id='word_1_577' title='bbox 97 3626 361 3677; x_wconf 82' lang='lat' dir='ltr'><strong>consummaverunt.</strong></span> <span class='ocrx_word' id='word_1_578' title='bbox 377 3621 544 3691; x_wconf 78' lang='lat' dir='ltr'><strong>Antiochia,</strong></span> <span class='ocrx_word' id='word_1_579' title='bbox 558 3620 645 3678; x_wconf 88' lang='lat' dir='ltr'><strong>sancti</strong></span> <span class='ocrx_word' id='word_1_580' title='bbox 661 3620 821 3695; x_wconf 82' lang='lat' dir='ltr'><strong>Theophili,</strong></span> <span class='ocrx_word' id='word_1_581' title='bbox 836 3622 883 3695; x_wconf 93' lang='lat' dir='ltr'><strong>qui</strong></span> <span class='ocrx_word' id='word_1_582' title='bbox 893 3632 988 3679; x_wconf 84' lang='lat' dir='ltr'><strong>sertus</strong></span> <span class='ocrx_word' id='word_1_583' title='bbox 1003 3621 1037 3678; x_wconf 93' lang='lat' dir='ltr'><strong>ab</strong></span> <span class='ocrx_word' id='word_1_584' title='bbox 1047 3621 1171 3694; x_wconf 89' lang='lat' dir='ltr'><strong>apostolo</strong></span> <span class='ocrx_word' id='word_1_585' title='bbox 1183 3620 1264 3677; x_wconf 91' lang='lat' dir='ltr'><strong>Petro</strong></span> <span class='ocrx_word' id='word_1_586' title='bbox 1277 3618 1471 3693; x_wconf 87' lang='lat' dir='ltr'><strong>pontificatum</strong></span> <span class='ocrx_word' id='word_1_587' title='bbox 1487 3619 1619 3676; x_wconf 80' lang='lat' dir='ltr'><strong>Ecclesia</strong></span> <span class='ocrx_word' id='word_1_588' title='bbox 1637 3618 1738 3676; x_wconf 92' lang='lat' dir='ltr'><strong>tenuit.</strong></span> 
     </span>
     <span class='ocr_line' id='line_1_69' title="bbox 97 3705 1739 3783; baseline 0.002 -22"><span class='ocrx_word' id='word_1_589' title='bbox 97 3705 214 3778; x_wconf 67' lang='lat' dir='ltr'><strong>imonis,</strong></span> <span class='ocrx_word' id='word_1_590' title='bbox 229 3709 316 3767; x_wconf 81' lang='lat' dir='ltr'><strong>sancti</strong></span> <span class='ocrx_word' id='word_1_591' title='bbox 335 3709 466 3768; x_wconf 89' lang='lat' dir='ltr'><strong>Venantii</strong></span> <span class='ocrx_word' id='word_1_592' title='bbox 480 3711 598 3770; x_wconf 88' lang='lat' dir='ltr'><strong>abbatis.</strong></span> <span class='ocrx_word' id='word_1_593' title='bbox 615 3706 721 3783; x_wconf 84' lang='lat' dir='ltr'><strong>[Addit.</strong></span> <span class='ocrx_word' id='word_1_594' title='bbox 740 3710 900 3781; x_wconf 70' lang='lat' dir='ltr'><strong>Bouitlort,</strong></span> <span class='ocrx_word' id='word_1_595' title='bbox 915 3712 1009 3770; x_wconf 87' lang='lat' dir='ltr'><strong>ltotieo</strong></span> <span class='ocrx_word' id='word_1_596' title='bbox 1022 3713 1191 3768; x_wconf 84' lang='lat' dir='ltr'><strong>elicroctere:</strong></span> <span class='ocrx_word' id='word_1_597' title='bbox 1210 3722 1221 3749; x_wconf 85' lang='lat'><strong>¹</strong></span> <span class='ocrx_word' id='word_1_598' title='bbox 1237 3711 1304 3783; x_wconf 89' lang='lat' dir='ltr'><strong>Ipso</strong></span> <span class='ocrx_word' id='word_1_599' title='bbox 1320 3709 1365 3765; x_wconf 92' lang='lat' dir='ltr'><strong>die</strong></span> <span class='ocrx_word' id='word_1_600' title='bbox 1377 3716 1536 3767; x_wconf 90' lang='lat' dir='ltr'><strong>sanctorum</strong></span> <span class='ocrx_word' id='word_1_601' title='bbox 1550 3708 1739 3766; x_wconf 80' lang='lat' dir='ltr'><strong>confessorum</strong></span> 
     </span>
     <span class='ocr_line' id='line_1_70' title="bbox 100 3796 395 3877; baseline 0.027 -25"><span class='ocrx_word' id='word_1_602' title='bbox 100 3796 198 3856; x_wconf 78' lang='lat' dir='ltr'><strong>Giruldi</strong></span> <span class='ocrx_word' id='word_1_603' title='bbox 206 3807 236 3858; x_wconf 89' lang='lat' dir='ltr'><strong>et</strong></span> <span class='ocrx_word' id='word_1_604' title='bbox 248 3800 395 3877; x_wconf 81' lang='lat' dir='ltr'><strong>hechoni]</strong></span> 
     </span>
    </p>
   </div>
   <div class='ocr_carea' id='block_1_15' title="bbox 126 3942 1272 4116">
    <p class='ocr_par' dir='ltr' id='par_1_17' title="bbox 126 3942 1272 4116">
     <span class='ocr_line' id='line_1_71' title="bbox 828 3942 949 4001; baseline -0.008 0"><span class='ocrx_word' id='word_1_605' title='bbox 828 3942 949 4001; x_wconf 84' lang='lat' dir='ltr'><strong>NOTAE.</strong></span> 
     </span>
     <span class='ocr_line' id='line_1_72' title="bbox 126 4037 1272 4116; baseline 0.003 -22"><span class='ocrx_word' id='word_1_606' title='bbox 126 4037 167 4094; x_wconf 81' lang='lat' dir='ltr'><strong>Ex</strong></span> <span class='ocrx_word' id='word_1_607' title='bbox 180 4038 328 4112; x_wconf 64' lang='lat' dir='ltr'><strong>Haiuien,</strong></span> <span class='ocrx_word' id='word_1_608' title='bbox 345 4044 494 4116; x_wconf 67' lang='lat' dir='ltr'><strong>llosweyd„</strong></span> <span class='ocrx_word' id='word_1_609' title='bbox 510 4045 657 4112; x_wconf 81' lang='lat' dir='ltr'><strong>Munerat,</strong></span> <span class='ocrx_word' id='word_1_610' title='bbox 668 4041 746 4099; x_wconf 83' lang='lat' dir='ltr'><strong>Belin</strong></span> <span class='ocrx_word' id='word_1_611' title='bbox 757 4041 848 4114; x_wconf 79' lang='lat' dir='ltr'><strong>primo</strong></span> <span class='ocrx_word' id='word_1_612' title='bbox 860 4041 982 4110; x_wconf 82' lang='lat' dir='ltr'><strong>editione,</strong></span> <span class='ocrx_word' id='word_1_613' title='bbox 999 4040 1110 4099; x_wconf 75' lang='lat' dir='ltr'><strong>(linceo.</strong></span> <span class='ocrx_word' id='word_1_614' title='bbox 1126 4047 1154 4097; x_wconf 92' lang='lat' dir='ltr'><strong>et</strong></span> <span class='ocrx_word' id='word_1_615' title='bbox 1166 4040 1272 4097; x_wconf 88' lang='lat' dir='ltr'><strong>Meton.</strong></span> 
     </span>
    </p>
   </div>
   <div class='ocr_carea' id='block_1_16' title="bbox 87 4188 1740 4412">
    <p class='ocr_par' dir='ltr' id='par_1_18' title="bbox 87 4188 1740 4412">
     <span class='ocr_line' id='line_1_73' title="bbox 125 4188 1740 4271; baseline -0.005 -19"><span class='ocrx_word' id='word_1_616' title='bbox 125 4204 135 4231; x_wconf 90' lang='grc'><em>·</em></span> <span class='ocrx_word' id='word_1_617' title='bbox 153 4218 163 4242; x_wconf 78' lang='grc' dir='ltr'>ι</span> <span class='ocrx_word' id='word_1_618' title='bbox 181 4195 340 4254; x_wconf 88' lang='lat' dir='ltr'><strong>Pratensem</strong></span> <span class='ocrx_word' id='word_1_619' title='bbox 357 4197 489 4263; x_wconf 85' lang='lat' dir='ltr'><strong>codicem,</strong></span> <span class='ocrx_word' id='word_1_620' title='bbox 502 4197 593 4271; x_wconf 91' lang='lat' dir='ltr'><strong>iuquit</strong></span> <span class='ocrx_word' id='word_1_621' title='bbox 606 4198 749 4266; x_wconf 91' lang='lat' dir='ltr'><strong>Sellerius,</strong></span> <span class='ocrx_word' id='word_1_622' title='bbox 769 4212 784 4252; x_wconf 90' lang='lat' dir='ltr'><strong>a</strong></span> <span class='ocrx_word' id='word_1_623' title='bbox 797 4196 877 4269; x_wconf 90' lang='lat' dir='ltr'><strong>puris</strong></span> <span class='ocrx_word' id='word_1_624' title='bbox 937 4196 1061 4268; x_wconf 89' lang='lat' dir='ltr'><strong>Ignosco,</strong></span> <span class='ocrx_word' id='word_1_625' title='bbox 1078 4194 1101 4251; x_wconf 94' lang='lat' dir='ltr'><strong>si</strong></span> <span class='ocrx_word' id='word_1_626' title='bbox 1116 4192 1248 4250; x_wconf 90' lang='lat' dir='ltr'><strong>monitus</strong></span> <span class='ocrx_word' id='word_1_627' title='bbox 1263 4207 1320 4248; x_wconf 92' lang='lat' dir='ltr'><strong>uon</strong></span> <span class='ocrx_word' id='word_1_628' title='bbox 1336 4191 1390 4246; x_wconf 85' lang='lat' dir='ltr'><strong>luit</strong></span> <span class='ocrx_word' id='word_1_629' title='bbox 1403 4197 1512 4271; x_wconf 84' lang='lat' dir='ltr'><strong>sanctos</strong></span> <span class='ocrx_word' id='word_1_630' title='bbox 1526 4189 1590 4245; x_wconf 93' lang='lat' dir='ltr'><strong>illos</strong></span> <span class='ocrx_word' id='word_1_631' title='bbox 1603 4188 1740 4246; x_wconf 81' lang='lat' dir='ltr'><strong>confesse</strong></span> 
     </span>
     <span class='ocr_line' id='line_1_74' title="bbox 94 4260 1701 4342; baseline -0.004 -21"><span class='ocrx_word' id='word_1_632' title='bbox 94 4264 265 4334; x_wconf 83' lang='lat' dir='ltr'><strong>exclusimus,</strong></span> <span class='ocrx_word' id='word_1_633' title='bbox 280 4268 345 4342; x_wconf 90' lang='lat' dir='ltr'><strong>quia</strong></span> <span class='ocrx_word' id='word_1_634' title='bbox 358 4268 388 4325; x_wconf 93' lang='lat' dir='ltr'><strong>in</strong></span> <span class='ocrx_word' id='word_1_635' title='bbox 398 4270 452 4326; x_wconf 89' lang='lat' dir='ltr'><strong>line</strong></span> <span class='ocrx_word' id='word_1_636' title='bbox 467 4269 686 4326; x_wconf 87' lang='lat' dir='ltr'><strong>additamentum</strong></span> <span class='ocrx_word' id='word_1_637' title='bbox 702 4269 801 4325; x_wconf 90' lang='lat' dir='ltr'><strong>habet:</strong></span> <span class='ocrx_word' id='word_1_638' title='bbox 819 4269 880 4340; x_wconf 86' lang='lat' dir='ltr'><strong>lpse</strong></span> <span class='ocrx_word' id='word_1_639' title='bbox 937 4284 980 4323; x_wconf 92' lang='lat' dir='ltr'><strong>res</strong></span> <span class='ocrx_word' id='word_1_640' title='bbox 994 4284 1009 4321; x_wconf 91' lang='lat' dir='ltr'><strong>a</strong></span> <span class='ocrx_word' id='word_1_641' title='bbox 1024 4265 1174 4323; x_wconf 91' lang='lat' dir='ltr'><strong>recentiore</strong></span> <span class='ocrx_word' id='word_1_642' title='bbox 1199 4279 1284 4319; x_wconf 88' lang='lat' dir='ltr'><strong>mauu</strong></span> <span class='ocrx_word' id='word_1_643' title='bbox 1296 4263 1381 4318; x_wconf 83' lang='lat' dir='ltr'><strong>luisse</strong></span> <span class='ocrx_word' id='word_1_644' title='bbox 1396 4260 1514 4317; x_wconf 88' lang='lat' dir='ltr'><strong>additos.</strong></span> <span class='ocrx_word' id='word_1_645' title='bbox 1530 4260 1701 4316; x_wconf 79' lang='lat' dir='ltr'><strong>Boninnaur.</strong></span> 
     </span>
     <span class='ocr_line' id='line_1_75' title="bbox 87 4334 803 4412; baseline 0 -18"><span class='ocrx_word' id='word_1_646' title='bbox 87 4334 293 4396; x_wconf 69' lang='lat' dir='ltr'><strong>detunctorum</strong></span> <span class='ocrx_word' id='word_1_647' title='bbox 303 4339 483 4412; x_wconf 73' lang='lat' dir='ltr'><strong>consessorum</strong></span> <span class='ocrx_word' id='word_1_648' title='bbox 498 4341 606 4399; x_wconf 79' lang='lat' dir='ltr'><strong>dtrotti&#39;</strong></span> <span class='ocrx_word' id='word_1_649' title='bbox 617 4348 641 4397; x_wconf 88' lang='lat' dir='ltr'><strong>et</strong></span> <span class='ocrx_word' id='word_1_650' title='bbox 655 4340 779 4397; x_wconf 87' lang='lat' dir='ltr'><strong>Leoboni.</strong></span> <span class='ocrx_word' id='word_1_651' title='bbox 794 4364 803 4387; x_wconf 76' lang='grc' dir='ltr'><strong>ι</strong></span> 
     </span>
    </p>
   </div>
   <div class='ocr_carea' id='block_1_17' title="bbox 691 4464 1125 4526">
    <p class='ocr_par' dir='ltr' id='par_1_19' title="bbox 691 4464 1125 4526">
     <span class='ocr_line' id='line_1_76' title="bbox 691 4464 1125 4526; baseline -0.016 0"><span class='ocrx_word' id='word_1_652' title='bbox 691 4467 892 4526; x_wconf 78' lang='lat' dir='ltr'><strong>vnutnurus</strong></span> <span class='ocrx_word' id='word_1_653' title='bbox 918 4464 1125 4523; x_wconf 84' lang='lat' dir='ltr'><strong>LECTIONES.</strong></span> 
     </span>
    </p>
   </div>
   <div class='ocr_carea' id='block_1_18' title="bbox 65 4552 1740 5136">
    <p class='ocr_par' dir='ltr' id='par_1_20' title="bbox 65 4552 1740 5136">
     <span class='ocr_line' id='line_1_77' title="bbox 126 4552 1739 4644; baseline -0.007 -22"><span class='ocrx_word' id='word_1_654' title='bbox 126 4563 242 4623; x_wconf 71' lang='lat' dir='ltr'><strong>mecam</strong></span> <span class='ocrx_word' id='word_1_655' title='bbox 260 4566 386 4625; x_wconf 84' lang='lat' dir='ltr'><strong>scribunt</strong></span> <span class='ocrx_word' id='word_1_656' title='bbox 409 4584 475 4624; x_wconf 91' lang='lat' dir='ltr'><strong>mss.</strong></span> <span class='ocrx_word' id='word_1_657' title='bbox 495 4569 661 4625; x_wconf 89' lang='lat' dir='ltr'><strong>vetustiores</strong></span> <span class='ocrx_word' id='word_1_658' title='bbox 684 4567 793 4623; x_wconf 88' lang='lat' dir='ltr'><strong>codices</strong></span> <span class='ocrx_word' id='word_1_659' title='bbox 815 4581 878 4622; x_wconf 91' lang='lat' dir='ltr'><strong>cum</strong></span> <span class='ocrx_word' id='word_1_660' title='bbox 893 4569 917 4628; x_wconf 88' lang='lat' dir='ltr'>D</span> <span class='ocrx_word' id='word_1_661' title='bbox 932 4564 999 4621; x_wconf 91' lang='lat' dir='ltr'><strong>dum</strong></span> <span class='ocrx_word' id='word_1_662' title='bbox 1016 4561 1114 4644; x_wconf 83' lang='lat' dir='ltr'><strong>legisse</strong></span> <span class='ocrx_word' id='word_1_663' title='bbox 1138 4567 1171 4617; x_wconf 93' lang='lat' dir='ltr'><strong>ut</strong></span> <span class='ocrx_word' id='word_1_664' title='bbox 1199 4558 1284 4641; x_wconf 80' lang='lat' dir='ltr'><strong>estin</strong></span> <span class='ocrx_word' id='word_1_665' title='bbox 1303 4563 1391 4639; x_wconf 79' lang='lat' dir='ltr'><strong>textu.</strong></span> <span class='ocrx_word' id='word_1_666' title='bbox 1405 4554 1530 4638; x_wconf 76' lang='lat' dir='ltr'><strong>¹helinus</strong></span> <span class='ocrx_word' id='word_1_667' title='bbox 1552 4552 1652 4610; x_wconf 92' lang='lat' dir='ltr'><strong>iterum</strong></span> <span class='ocrx_word' id='word_1_668' title='bbox 1667 4553 1739 4635; x_wconf 84' lang='lat' dir='ltr'><strong>male</strong></span> 
     </span>
     <span class='ocr_line' id='line_1_78' title="bbox 82 4625 1738 4711; baseline -0.005 -21"><span class='ocrx_word' id='word_1_669' title='bbox 82 4633 200 4704; x_wconf 76' lang='lat' dir='ltr'><strong>Adone3</strong></span> <span class='ocrx_word' id='word_1_670' title='bbox 216 4638 292 4710; x_wconf 82' lang='lat' dir='ltr'><strong>typis</strong></span> <span class='ocrx_word' id='word_1_671' title='bbox 305 4637 385 4706; x_wconf 91' lang='lat' dir='ltr'><strong>editi,</strong></span> <span class='ocrx_word' id='word_1_672' title='bbox 399 4646 430 4694; x_wconf 90' lang='lat' dir='ltr'><strong>ut</strong></span> <span class='ocrx_word' id='word_1_673' title='bbox 443 4640 591 4704; x_wconf 80' lang='lat' dir='ltr'><strong>Munerat,</strong></span> <span class='ocrx_word' id='word_1_674' title='bbox 608 4648 662 4707; x_wconf 91' lang='lat' dir='ltr'><strong>etc,</strong></span> <span class='ocrx_word' id='word_1_675' title='bbox 677 4637 779 4695; x_wconf 91' lang='lat' dir='ltr'><strong>babent</strong></span> <span class='ocrx_word' id='word_1_676' title='bbox 798 4639 880 4695; x_wconf 82' lang='lat' dir='ltr'><strong>Troo·</strong></span> <span class='ocrx_word' id='word_1_677' title='bbox 933 4634 1054 4692; x_wconf 66' lang='lat' dir='ltr'><strong>timentis</strong></span> <span class='ocrx_word' id='word_1_678' title='bbox 1069 4648 1118 4704; x_wconf 89' lang='lat' dir='ltr'><strong>pro</strong></span> <span class='ocrx_word' id='word_1_679' title='bbox 1137 4633 1207 4688; x_wconf 84' lang='lat' dir='ltr'><strong>Vena</strong></span> <span class='ocrx_word' id='word_1_680' title='bbox 1217 4637 1268 4685; x_wconf 88' lang='lat' dir='ltr'><strong>ntn</strong></span> <span class='ocrx_word' id='word_1_681' title='bbox 1282 4627 1434 4711; x_wconf 77' lang='lat' dir='ltr'><strong>substituit.</strong></span> <span class='ocrx_word' id='word_1_682' title='bbox 1451 4627 1599 4708; x_wconf 81' lang='lat' dir='ltr'><strong>Pratensen</strong></span> <span class='ocrx_word' id='word_1_683' title='bbox 1614 4625 1738 4682; x_wconf 88' lang='lat' dir='ltr'><strong>codicem</strong></span> 
     </span>
     <span class='ocr_line' id='line_1_79' title="bbox 79 4696 1739 4782; baseline -0.005 -22"><span class='ocrx_word' id='word_1_684' title='bbox 79 4706 151 4763; x_wconf 79' lang='lat' dir='ltr'><strong>den.</strong></span> <span class='ocrx_word' id='word_1_685' title='bbox 162 4707 253 4765; x_wconf 84' lang='lat' dir='ltr'><strong>Belin.</strong></span> <span class='ocrx_word' id='word_1_686' title='bbox 265 4708 340 4782; x_wconf 90' lang='lat' dir='ltr'><strong>legit,</strong></span> <span class='ocrx_word' id='word_1_687' title='bbox 351 4710 475 4781; x_wconf 84' lang='lat' dir='ltr'><strong>discipuli</strong></span> <span class='ocrx_word' id='word_1_688' title='bbox 485 4713 569 4767; x_wconf 84' lang='lat' dir='ltr'><strong>sancti</strong></span> <span class='ocrx_word' id='word_1_689' title='bbox 583 4711 667 4768; x_wconf 85' lang='lat' dir='ltr'><strong>Pauli</strong></span> <span class='ocrx_word' id='word_1_690' title='bbox 675 4709 878 4781; x_wconf 82' lang='lat' dir='ltr'><strong>apostotildem</strong></span> <span class='ocrx_word' id='word_1_691' title='bbox 933 4723 949 4762; x_wconf 92' lang='lat' dir='ltr'><strong>a</strong></span> <span class='ocrx_word' id='word_1_692' title='bbox 964 4706 1040 4779; x_wconf 93' lang='lat' dir='ltr'><strong>puris</strong></span> <span class='ocrx_word' id='word_1_693' title='bbox 1054 4703 1241 4771; x_wconf 80' lang='lat' dir='ltr'><strong>exclusimus,</strong></span> <span class='ocrx_word' id='word_1_694' title='bbox 1257 4717 1321 4775; x_wconf 90' lang='lat' dir='ltr'><strong>quia</strong></span> <span class='ocrx_word' id='word_1_695' title='bbox 1337 4716 1364 4755; x_wconf 88' lang='lat' dir='ltr'><strong>in</strong></span> <span class='ocrx_word' id='word_1_696' title='bbox 1381 4698 1435 4754; x_wconf 87' lang='lat' dir='ltr'><strong>sine</strong></span> <span class='ocrx_word' id='word_1_697' title='bbox 1449 4696 1668 4754; x_wconf 88' lang='lat' dir='ltr'><strong>additamentum</strong></span> <span class='ocrx_word' id='word_1_698' title='bbox 1683 4696 1739 4780; x_wconf 82' lang='lat' dir='ltr'><strong>lia-</strong></span> 
     </span>
     <span class='ocr_line' id='line_1_80' title="bbox 74 4769 1740 4859; baseline -0.004 -27"><span class='ocrx_word' id='word_1_699' title='bbox 74 4778 242 4846; x_wconf 67' lang='lat' dir='ltr'><strong>profanasti</strong></span> <span class='ocrx_word' id='word_1_700' title='bbox 299 4779 340 4835; x_wconf 90' lang='lat' dir='ltr'><strong>nit</strong></span> <span class='ocrx_word' id='word_1_701' title='bbox 355 4781 496 4838; x_wconf 80' lang='lat' dir='ltr'><strong>Faustini:</strong></span> <span class='ocrx_word' id='word_1_702' title='bbox 514 4781 581 4838; x_wconf 89' lang='lat' dir='ltr'><strong>item</strong></span> <span class='ocrx_word' id='word_1_703' title='bbox 597 4781 774 4854; x_wconf 81' lang='lat' dir='ltr'><strong>superciliciis</strong></span> <span class='ocrx_word' id='word_1_704' title='bbox 788 4788 879 4836; x_wconf 89' lang='lat' dir='ltr'><strong>eter—</strong></span> <span class='ocrx_word' id='word_1_705' title='bbox 934 4778 979 4834; x_wconf 93' lang='lat' dir='ltr'><strong>bet</strong></span> <span class='ocrx_word' id='word_1_706' title='bbox 1000 4795 1006 4832; x_wconf 91' lang='lat'>:</span> <span class='ocrx_word' id='word_1_707' title='bbox 1030 4777 1091 4859; x_wconf 81' lang='lat' dir='ltr'><strong>Ipso</strong></span> <span class='ocrx_word' id='word_1_708' title='bbox 1132 4775 1182 4843; x_wconf 85' lang='lat' dir='ltr'><strong>die,</strong></span> <span class='ocrx_word' id='word_1_709' title='bbox 1204 4780 1357 4855; x_wconf 78' lang='lat' dir='ltr'><strong>cunctorum</strong></span> <span class='ocrx_word' id='word_1_710' title='bbox 1376 4769 1563 4851; x_wconf 38' lang='lat' dir='ltr'><strong>confessorum.</strong></span> <span class='ocrx_word' id='word_1_711' title='bbox 1581 4769 1698 4851; x_wconf 36' lang='lat' dir='ltr'><strong>deraldo·</strong></span> <span class='ocrx_word' id='word_1_712' title='bbox 1716 4776 1740 4825; x_wconf 88' lang='lat' dir='ltr'><strong>st</strong></span> 
     </span>
     <span class='ocr_line' id='line_1_81' title="bbox 76 4841 1738 4921; baseline -0.004 -18"><span class='ocrx_word' id='word_1_713' title='bbox 76 4855 143 4904; x_wconf 77' lang='lat' dir='ltr'><strong>rata</strong></span> <span class='ocrx_word' id='word_1_714' title='bbox 163 4848 227 4906; x_wconf 78' lang='lat' dir='ltr'><strong>alia.</strong></span> <span class='ocrx_word' id='word_1_715' title='bbox 277 4867 358 4908; x_wconf 87' lang='lat' dir='ltr'><strong>ursus</strong></span> <span class='ocrx_word' id='word_1_716' title='bbox 373 4852 476 4919; x_wconf 84' lang='lat' dir='ltr'><strong>Belin,</strong></span> <span class='ocrx_word' id='word_1_717' title='bbox 491 4853 609 4910; x_wconf 87' lang='lat' dir='ltr'><strong>Greven.</strong></span> <span class='ocrx_word' id='word_1_718' title='bbox 637 4860 664 4909; x_wconf 91' lang='lat' dir='ltr'><strong>et</strong></span> <span class='ocrx_word' id='word_1_719' title='bbox 688 4853 789 4909; x_wconf 88' lang='lat' dir='ltr'><strong>Melan.</strong></span> <span class='ocrx_word' id='word_1_720' title='bbox 805 4851 880 4908; x_wconf 87' lang='lat' dir='ltr'><strong>scri·</strong></span> <span class='ocrx_word' id='word_1_721' title='bbox 933 4846 1097 4905; x_wconf 85' lang='lat' dir='ltr'><strong>Lcobone.A</strong></span> <span class='ocrx_word' id='word_1_722' title='bbox 1124 4853 1272 4902; x_wconf 82' lang='lat' dir='ltr'><strong>recentiori</strong></span> <span class='ocrx_word' id='word_1_723' title='bbox 1287 4845 1394 4901; x_wconf 86' lang='lat' dir='ltr'><strong>calamo</strong></span> <span class='ocrx_word' id='word_1_724' title='bbox 1409 4857 1477 4921; x_wconf 84' lang='lat' dir='ltr'><strong>esse,</strong></span> <span class='ocrx_word' id='word_1_725' title='bbox 1495 4842 1540 4897; x_wconf 93' lang='lat' dir='ltr'><strong>vel</strong></span> <span class='ocrx_word' id='word_1_726' title='bbox 1556 4841 1738 4912; x_wconf 88' lang='lat' dir='ltr'><strong>indecolligo</strong></span> 
     </span>
     <span class='ocr_line' id='line_1_82' title="bbox 71 4910 1737 4996; baseline -0.003 -20"><span class='ocrx_word' id='word_1_727' title='bbox 71 4910 163 4988; x_wconf 76' lang='lat' dir='ltr'><strong>hunt,</strong></span> <span class='ocrx_word' id='word_1_728' title='bbox 176 4921 226 4992; x_wconf 82' lang='lat' dir='ltr'><strong>qui</strong></span> <span class='ocrx_word' id='word_1_729' title='bbox 239 4926 325 4977; x_wconf 72' lang='lat' dir='ltr'><strong>tentus</strong></span> <span class='ocrx_word' id='word_1_730' title='bbox 338 4923 371 4978; x_wconf 83' lang='lat' dir='ltr'><strong>ab</strong></span> <span class='ocrx_word' id='word_1_731' title='bbox 385 4925 505 4995; x_wconf 81' lang='lat' dir='ltr'><strong>apostolo</strong></span> <span class='ocrx_word' id='word_1_732' title='bbox 528 4926 607 4980; x_wconf 86' lang='lat' dir='ltr'><strong>Petro</strong></span> <span class='ocrx_word' id='word_1_733' title='bbox 627 4924 751 4981; x_wconf 77' lang='lat' dir='ltr'><strong>Emtesice</strong></span> <span class='ocrx_word' id='word_1_734' title='bbox 766 4923 880 4994; x_wconf 76' lang='lat' dir='ltr'><strong>pontifi-</strong></span> <span class='ocrx_word' id='word_1_735' title='bbox 933 4919 1007 4993; x_wconf 92' lang='lat' dir='ltr'><strong>quod</strong></span> <span class='ocrx_word' id='word_1_736' title='bbox 1017 4918 1093 4976; x_wconf 92' lang='lat' dir='ltr'><strong>soliti</strong></span> <span class='ocrx_word' id='word_1_737' title='bbox 1107 4917 1224 4975; x_wconf 89' lang='lat' dir='ltr'><strong>comites</strong></span> <span class='ocrx_word' id='word_1_738' title='bbox 1239 4914 1454 4996; x_wconf 62' lang='lat' dir='ltr'><strong>Antuerp3·MaJ.</strong></span> <span class='ocrx_word' id='word_1_739' title='bbox 1471 4919 1498 4970; x_wconf 91' lang='lat' dir='ltr'><strong>et</strong></span> <span class='ocrx_word' id='word_1_740' title='bbox 1514 4911 1660 4985; x_wconf 85' lang='lat' dir='ltr'><strong>Rosveyd.</strong></span> <span class='ocrx_word' id='word_1_741' title='bbox 1678 4927 1737 4971; x_wconf 81' lang='lat' dir='ltr'><strong>caut</strong></span> 
     </span>
     <span class='ocr_line' id='line_1_83' title="bbox 65 4989 1421 5066; baseline -0.003 -21"><span class='ocrx_word' id='word_1_742' title='bbox 65 4996 169 5046; x_wconf 78' lang='lat' dir='ltr'><strong>celsis</strong></span> <span class='ocrx_word' id='word_1_743' title='bbox 192 4992 285 5048; x_wconf 74' lang='lat' dir='ltr'><strong>eneti.</strong></span> <span class='ocrx_word' id='word_1_744' title='bbox 303 4993 449 5066; x_wconf 81' lang='lat' dir='ltr'><strong>llosveyd.</strong></span> <span class='ocrx_word' id='word_1_745' title='bbox 472 5002 575 5064; x_wconf 90' lang='lat' dir='ltr'><strong>autem,</strong></span> <span class='ocrx_word' id='word_1_746' title='bbox 594 4995 641 5066; x_wconf 86' lang='lat' dir='ltr'><strong>qni</strong></span> <span class='ocrx_word' id='word_1_747' title='bbox 662 5001 750 5050; x_wconf 80' lang='lat' dir='ltr'><strong>sectus</strong></span> <span class='ocrx_word' id='word_1_748' title='bbox 767 5013 785 5050; x_wconf 87' lang='lat' dir='ltr'><strong>o</strong></span> <span class='ocrx_word' id='word_1_749' title='bbox 807 4994 880 5049; x_wconf 85' lang='lat' dir='ltr'><strong>beato</strong></span> <span class='ocrx_word' id='word_1_750' title='bbox 934 4989 1177 5050; x_wconf 88' lang='lat' dir='ltr'><strong>annuntiationem</strong></span> <span class='ocrx_word' id='word_1_751' title='bbox 1194 5004 1253 5044; x_wconf 89' lang='lat' dir='ltr'><strong>rien</strong></span> <span class='ocrx_word' id='word_1_752' title='bbox 1269 4992 1421 5062; x_wconf 89' lang='lat' dir='ltr'><strong>posuerint.</strong></span> 
     </span>
     <span class='ocr_line' id='line_1_84' title="bbox 68 5055 879 5136; baseline 0.001 -17"><span class='ocrx_word' id='word_1_753' title='bbox 68 5055 161 5118; x_wconf 72' lang='lat' dir='ltr'><strong>Petro</strong></span> <span class='ocrx_word' id='word_1_754' title='bbox 173 5065 295 5136; x_wconf 79' lang='lat' dir='ltr'><strong>apostolo</strong></span> <span class='ocrx_word' id='word_1_755' title='bbox 308 5065 479 5122; x_wconf 78' lang='lat' dir='ltr'><strong>Antiochense</strong></span> <span class='ocrx_word' id='word_1_756' title='bbox 488 5065 622 5135; x_wconf 72' lang='lat' dir='ltr'><strong>Ecclesiae,</strong></span> <span class='ocrx_word' id='word_1_757' title='bbox 634 5074 687 5124; x_wconf 91' lang='lat' dir='ltr'><strong>etc.</strong></span> <span class='ocrx_word' id='word_1_758' title='bbox 699 5066 770 5122; x_wconf 88' lang='lat' dir='ltr'><strong>Puto</strong></span> <span class='ocrx_word' id='word_1_759' title='bbox 780 5065 879 5122; x_wconf 91' lang='lat' dir='ltr'><strong>Usuar·</strong></span> 
     </span>
    </p>
   </div>
   <div class='ocr_carea' id='block_1_19' title="bbox 747 5187 1050 5247">
    <p class='ocr_par' dir='ltr' id='par_1_21' title="bbox 747 5187 1050 5247">
     <span class='ocr_line' id='line_1_85' title="bbox 747 5187 1050 5247; baseline -0.01 0"><span class='ocrx_word' id='word_1_760' title='bbox 747 5187 1050 5247; x_wconf 83' lang='lat' dir='ltr'><strong>OBSERVATIONES.</strong></span> 
     </span>
    </p>
   </div>
   <div class='ocr_carea' id='block_1_20' title="bbox 78 5281 1737 5859">
    <p class='ocr_par' dir='ltr' id='par_1_22' title="bbox 78 5281 1737 5859">
     <span class='ocr_line' id='line_1_86' title="bbox 120 5281 1736 5364; baseline -0.002 -22"><span class='ocrx_word' id='word_1_761' title='bbox 120 5282 157 5337; x_wconf 83' lang='lat' dir='ltr'><strong>De</strong></span> <span class='ocrx_word' id='word_1_762' title='bbox 170 5281 271 5357; x_wconf 84' lang='lat' dir='ltr'><strong>Carpo,</strong></span> <span class='ocrx_word' id='word_1_763' title='bbox 292 5286 419 5358; x_wconf 86' lang='lat' dir='ltr'><strong>Apostoli</strong></span> <span class='ocrx_word' id='word_1_764' title='bbox 443 5286 552 5358; x_wconf 92' lang='lat' dir='ltr'><strong>hospite</strong></span> <span class='ocrx_word' id='word_1_765' title='bbox 567 5295 594 5343; x_wconf 94' lang='lat' dir='ltr'><strong>et</strong></span> <span class='ocrx_word' id='word_1_766' title='bbox 613 5286 762 5357; x_wconf 91' lang='lat' dir='ltr'><strong>discipulo,</strong></span> <span class='ocrx_word' id='word_1_767' title='bbox 788 5285 882 5341; x_wconf 91' lang='lat' dir='ltr'><strong>nullus</strong></span> <span class='ocrx_word' id='word_1_768' title='bbox 936 5285 988 5342; x_wconf 84' lang='lat' dir='ltr'><strong>3l0</strong></span> <span class='ocrx_word' id='word_1_769' title='bbox 1003 5293 1030 5342; x_wconf 92' lang='lat' dir='ltr'><strong>et</strong></span> <span class='ocrx_word' id='word_1_770' title='bbox 1043 5285 1105 5342; x_wconf 78' lang='grc'>581.</span> <span class='ocrx_word' id='word_1_771' title='bbox 1130 5283 1310 5342; x_wconf 81' lang='lat' dir='ltr'><strong>Cordubenses</strong></span> <span class='ocrx_word' id='word_1_772' title='bbox 1326 5289 1467 5364; x_wconf 74' lang='lat' dir='ltr'><strong>martyres,</strong></span> <span class='ocrx_word' id='word_1_773' title='bbox 1482 5288 1510 5339; x_wconf 93' lang='lat' dir='ltr'><strong>et</strong></span> <span class='ocrx_word' id='word_1_774' title='bbox 1533 5281 1623 5363; x_wconf 91' lang='lat' dir='ltr'><strong>quoad</strong></span> <span class='ocrx_word' id='word_1_775' title='bbox 1644 5282 1736 5364; x_wconf 78' lang='lat' dir='ltr'><strong>locum</strong></span> 
     </span>
     <span class='ocr_line' id='line_1_87' title="bbox 78 5353 1737 5429; baseline 0.001 -22"><span class='ocrx_word' id='word_1_776' title='bbox 78 5355 644 5428; x_wconf 76' lang='lat' dir='ltr'><strong>martyrologusmeminitanteauctorem</strong></span> <span class='ocrx_word' id='word_1_777' title='bbox 658 5356 774 5414; x_wconf 82' lang='lat' dir='ltr'><strong>Romani</strong></span> <span class='ocrx_word' id='word_1_778' title='bbox 791 5357 879 5428; x_wconf 90' lang='lat' dir='ltr'><strong>parvi,</strong></span> <span class='ocrx_word' id='word_1_779' title='bbox 935 5353 1737 5429; x_wconf 85' lang='lat' dir='ltr'><strong>etquoadnominadelormatos,eiihibentHieronymiana</strong></span> 
     </span>
     <span class='ocr_line' id='line_1_88' title="bbox 78 5423 1734 5501; baseline 0 -21"><span class='ocrx_word' id='word_1_780' title='bbox 78 5429 101 5473; x_wconf 67' lang='lat'><em>²</em></span> <span class='ocrx_word' id='word_1_781' title='bbox 111 5439 165 5495; x_wconf 91' lang='lat' dir='ltr'><strong>que</strong></span> <span class='ocrx_word' id='word_1_782' title='bbox 182 5425 223 5482; x_wconf 87' lang='lat' dir='ltr'><strong>ita</strong></span> <span class='ocrx_word' id='word_1_783' title='bbox 234 5427 410 5485; x_wconf 86' lang='lat' dir='ltr'><strong>celebratur:</strong></span> <span class='ocrx_word' id='word_1_784' title='bbox 431 5429 543 5495; x_wconf 69' lang='lat' dir='ltr'><strong>Monte,</strong></span> <span class='ocrx_word' id='word_1_785' title='bbox 560 5429 654 5498; x_wconf 80' lang='lat' dir='ltr'><strong>Carpi,</strong></span> <span class='ocrx_word' id='word_1_786' title='bbox 670 5429 784 5499; x_wconf 79' lang='lat' dir='ltr'><strong>apostoli</strong></span> <span class='ocrx_word' id='word_1_787' title='bbox 799 5428 882 5484; x_wconf 85' lang='lat' dir='ltr'><strong>Puuti</strong></span> <span class='ocrx_word' id='word_1_788' title='bbox 935 5427 1037 5500; x_wconf 86' lang='lat' dir='ltr'><strong>aliqua,</strong></span> <span class='ocrx_word' id='word_1_789' title='bbox 1052 5427 1157 5501; x_wconf 91' lang='lat' dir='ltr'><strong>quibus</strong></span> <span class='ocrx_word' id='word_1_790' title='bbox 1167 5425 1353 5484; x_wconf 90' lang='lat' dir='ltr'><strong>conciliandis</strong></span> <span class='ocrx_word' id='word_1_791' title='bbox 1367 5432 1518 5497; x_wconf 89' lang='lat' dir='ltr'><strong>occupatur</strong></span> <span class='ocrx_word' id='word_1_792' title='bbox 1535 5423 1734 5482; x_wconf 86' lang='lat' dir='ltr'><strong>Florentinius.</strong></span> 
     </span>
     <span class='ocr_line' id='line_1_89' title="bbox 87 5490 1736 5570; baseline 0.001 -20"><span class='ocrx_word' id='word_1_793' title='bbox 87 5490 216 5568; x_wconf 74' lang='lat' dir='ltr'><strong>tnetpeti&#39;.</strong></span> <span class='ocrx_word' id='word_1_794' title='bbox 233 5497 306 5555; x_wconf 85' lang='lat' dir='ltr'><strong>ilinc</strong></span> <span class='ocrx_word' id='word_1_795' title='bbox 319 5499 349 5555; x_wconf 91' lang='lat' dir='ltr'><strong>in</strong></span> <span class='ocrx_word' id='word_1_796' title='bbox 361 5499 487 5556; x_wconf 85' lang='lat' dir='ltr'><strong>Adonem</strong></span> <span class='ocrx_word' id='word_1_797' title='bbox 497 5498 624 5566; x_wconf 82' lang='lat' dir='ltr'><strong>defluxit,</strong></span> <span class='ocrx_word' id='word_1_798' title='bbox 640 5499 702 5555; x_wconf 91' lang='lat' dir='ltr'><strong>etin</strong></span> <span class='ocrx_word' id='word_1_799' title='bbox 717 5499 823 5556; x_wconf 89' lang='lat' dir='ltr'><strong>Adonis</strong></span> <span class='ocrx_word' id='word_1_800' title='bbox 840 5515 880 5555; x_wconf 90' lang='lat' dir='ltr'><strong>se·</strong></span> <span class='ocrx_word' id='word_1_801' title='bbox 935 5500 978 5554; x_wconf 83' lang='lat' dir='ltr'><strong>Ex</strong></span> <span class='ocrx_word' id='word_1_802' title='bbox 993 5499 1037 5555; x_wconf 92' lang='lat' dir='ltr'><strong>his</strong></span> <span class='ocrx_word' id='word_1_803' title='bbox 1051 5515 1107 5554; x_wconf 89' lang='lat' dir='ltr'><strong>sua</strong></span> <span class='ocrx_word' id='word_1_804' title='bbox 1126 5497 1263 5570; x_wconf 89' lang='lat' dir='ltr'><strong>decerpsit</strong></span> <span class='ocrx_word' id='word_1_805' title='bbox 1281 5497 1428 5562; x_wconf 86' lang='lat' dir='ltr'><strong>Rabanus;</strong></span> <span class='ocrx_word' id='word_1_806' title='bbox 1452 5503 1479 5551; x_wconf 94' lang='lat' dir='ltr'><strong>at</strong></span> <span class='ocrx_word' id='word_1_807' title='bbox 1502 5495 1600 5553; x_wconf 92' lang='lat' dir='ltr'><strong>Noster</strong></span> <span class='ocrx_word' id='word_1_808' title='bbox 1620 5495 1736 5553; x_wconf 88' lang='lat' dir='ltr'><strong>solitum</strong></span> 
     </span>
     <span class='ocr_line' id='line_1_90' title="bbox 87 5567 1736 5643; baseline -0.001 -18"><span class='ocrx_word' id='word_1_809' title='bbox 87 5574 179 5632; x_wconf 69' lang='lat' dir='ltr'><strong>luscus</strong></span> <span class='ocrx_word' id='word_1_810' title='bbox 193 5568 350 5626; x_wconf 87' lang='lat' dir='ltr'><strong>Usuardum</strong></span> <span class='ocrx_word' id='word_1_811' title='bbox 362 5586 395 5627; x_wconf 88' lang='lat' dir='ltr'><strong>ac</strong></span> <span class='ocrx_word' id='word_1_812' title='bbox 408 5570 569 5628; x_wconf 84' lang='lat' dir='ltr'><strong>Notlserum.</strong></span> <span class='ocrx_word' id='word_1_813' title='bbox 583 5570 676 5628; x_wconf 92' lang='lat' dir='ltr'><strong>Prima</strong></span> <span class='ocrx_word' id='word_1_814' title='bbox 694 5569 753 5643; x_wconf 86' lang='lat' dir='ltr'><strong>ejus</strong></span> <span class='ocrx_word' id='word_1_815' title='bbox 765 5578 792 5626; x_wconf 93' lang='lat' dir='ltr'><strong>et</strong></span> <span class='ocrx_word' id='word_1_816' title='bbox 806 5579 881 5627; x_wconf 89' lang='lat' dir='ltr'><strong>certa</strong></span> <span class='ocrx_word' id='word_1_817' title='bbox 935 5569 1032 5627; x_wconf 87' lang='lat' dir='ltr'><strong>ducein</strong></span> <span class='ocrx_word' id='word_1_818' title='bbox 1053 5570 1182 5627; x_wconf 86' lang='lat' dir='ltr'><strong>Adonem</strong></span> <span class='ocrx_word' id='word_1_819' title='bbox 1195 5578 1305 5627; x_wconf 89' lang='lat' dir='ltr'><strong>secutus</strong></span> <span class='ocrx_word' id='word_1_820' title='bbox 1319 5574 1370 5633; x_wconf 90' lang='lat' dir='ltr'><strong>est,</strong></span> <span class='ocrx_word' id='word_1_821' title='bbox 1381 5567 1475 5623; x_wconf 91' lang='lat' dir='ltr'><strong>omnia</strong></span> <span class='ocrx_word' id='word_1_822' title='bbox 1489 5583 1524 5623; x_wconf 89' lang='lat' dir='ltr'><strong>eir</strong></span> <span class='ocrx_word' id='word_1_823' title='bbox 1538 5582 1570 5624; x_wconf 91' lang='lat' dir='ltr'><strong>eo</strong></span> <span class='ocrx_word' id='word_1_824' title='bbox 1581 5567 1666 5624; x_wconf 87' lang='lat' dir='ltr'><strong>lerme</strong></span> <span class='ocrx_word' id='word_1_825' title='bbox 1676 5583 1736 5623; x_wconf 83' lang='lat' dir='ltr'><strong>rer·</strong></span> 
     </span>
     <span class='ocr_line' id='line_1_91' title="bbox 88 5637 1735 5711; baseline 0 -17"><span class='ocrx_word' id='word_1_826' title='bbox 88 5637 180 5696; x_wconf 75' lang='lat' dir='ltr'><strong>tetius</strong></span> <span class='ocrx_word' id='word_1_827' title='bbox 192 5641 316 5698; x_wconf 89' lang='lat' dir='ltr'><strong>sumitur</strong></span> <span class='ocrx_word' id='word_1_828' title='bbox 330 5657 366 5697; x_wconf 86' lang='lat' dir='ltr'><strong>ex</strong></span> <span class='ocrx_word' id='word_1_829' title='bbox 378 5641 448 5698; x_wconf 90' lang='lat' dir='ltr'><strong>Mad</strong></span> <span class='ocrx_word' id='word_1_830' title='bbox 463 5641 639 5699; x_wconf 77' lang='lat' dir='ltr'><strong>Timotheum</strong></span> <span class='ocrx_word' id='word_1_831' title='bbox 655 5660 695 5711; x_wconf 94' lang='lat' dir='ltr'><strong>iv,</strong></span> <span class='ocrx_word' id='word_1_832' title='bbox 710 5642 753 5698; x_wconf 79' lang='lat'><strong>13.</strong></span> <span class='ocrx_word' id='word_1_833' title='bbox 769 5642 833 5698; x_wconf 84' lang='lat' dir='ltr'><strong>illia</strong></span> <span class='ocrx_word' id='word_1_834' title='bbox 849 5642 879 5697; x_wconf 91' lang='lat' dir='ltr'><strong>in</strong></span> <span class='ocrx_word' id='word_1_835' title='bbox 934 5640 1021 5698; x_wconf 89' lang='lat' dir='ltr'><strong>batim</strong></span> <span class='ocrx_word' id='word_1_836' title='bbox 1047 5640 1230 5699; x_wconf 90' lang='lat' dir='ltr'><strong>describens:</strong></span> <span class='ocrx_word' id='word_1_837' title='bbox 1248 5657 1304 5697; x_wconf 93' lang='lat' dir='ltr'><strong>non</strong></span> <span class='ocrx_word' id='word_1_838' title='bbox 1338 5638 1430 5695; x_wconf 91' lang='lat' dir='ltr'><strong>uidem</strong></span> <span class='ocrx_word' id='word_1_839' title='bbox 1445 5654 1480 5695; x_wconf 81' lang='lat' dir='ltr'><strong>ex</strong></span> <span class='ocrx_word' id='word_1_840' title='bbox 1499 5637 1622 5708; x_wconf 87' lang='lat' dir='ltr'><strong>hecdie,</strong></span> <span class='ocrx_word' id='word_1_841' title='bbox 1637 5638 1684 5696; x_wconf 89' lang='lat' dir='ltr'><strong>sed</strong></span> <span class='ocrx_word' id='word_1_842' title='bbox 1700 5654 1735 5694; x_wconf 81' lang='lat' dir='ltr'><strong>ex</strong></span> 
     </span>
     <span class='ocr_line' id='line_1_92' title="bbox 92 5700 1734 5786; baseline -0.002 -19"><span class='ocrx_word' id='word_1_843' title='bbox 92 5700 158 5766; x_wconf 81' lang='lat' dir='ltr'><strong>letis</strong></span> <span class='ocrx_word' id='word_1_844' title='bbox 171 5711 298 5768; x_wconf 88' lang='lat' dir='ltr'><strong>insinuat</strong></span> <span class='ocrx_word' id='word_1_845' title='bbox 321 5712 465 5782; x_wconf 90' lang='lat' dir='ltr'><strong>Baronius,</strong></span> <span class='ocrx_word' id='word_1_846' title='bbox 488 5729 539 5770; x_wconf 90' lang='lat' dir='ltr'><strong>sno</strong></span> <span class='ocrx_word' id='word_1_847' title='bbox 553 5722 676 5786; x_wconf 89' lang='lat' dir='ltr'><strong>tempore</strong></span> <span class='ocrx_word' id='word_1_848' title='bbox 697 5713 758 5769; x_wconf 89' lang='lat' dir='ltr'><strong>usui</strong></span> <span class='ocrx_word' id='word_1_849' title='bbox 774 5714 877 5770; x_wconf 86' lang='lat' dir='ltr'><strong>lutura.</strong></span> <span class='ocrx_word' id='word_1_850' title='bbox 934 5729 1026 5769; x_wconf 77' lang='lat' dir='ltr'><strong>xxviii</strong></span> <span class='ocrx_word' id='word_1_851' title='bbox 1044 5712 1225 5785; x_wconf 89' lang='lat' dir='ltr'><strong>Septembris,</strong></span> <span class='ocrx_word' id='word_1_852' title='bbox 1235 5728 1316 5785; x_wconf 90' lang='lat' dir='ltr'><strong>quoa</strong></span> <span class='ocrx_word' id='word_1_853' title='bbox 1354 5726 1453 5767; x_wconf 87' lang='lat' dir='ltr'><strong>emano</strong></span> <span class='ocrx_word' id='word_1_854' title='bbox 1463 5725 1548 5782; x_wconf 91' lang='lat' dir='ltr'><strong>parvo</strong></span> <span class='ocrx_word' id='word_1_855' title='bbox 1559 5709 1648 5768; x_wconf 89' lang='lat' dir='ltr'><strong>notati</strong></span> <span class='ocrx_word' id='word_1_856' title='bbox 1658 5716 1734 5776; x_wconf 92' lang='lat' dir='ltr'><strong>sunt,</strong></span> 
     </span>
     <span class='ocr_line' id='line_1_93' title="bbox 94 5772 1735 5859; baseline -0.002 -20"><span class='ocrx_word' id='word_1_857' title='bbox 94 5772 152 5839; x_wconf 75' lang='lat' dir='ltr'><strong>Vide</strong></span> <span class='ocrx_word' id='word_1_858' title='bbox 164 5782 234 5858; x_wconf 85' lang='lat' dir='ltr'><strong>quid</strong></span> <span class='ocrx_word' id='word_1_859' title='bbox 254 5783 290 5843; x_wconf 90' lang='lat' dir='ltr'><strong>de</strong></span> <span class='ocrx_word' id='word_1_860' title='bbox 303 5782 340 5842; x_wconf 89' lang='lat' dir='ltr'><strong>iis</strong></span> <span class='ocrx_word' id='word_1_861' title='bbox 352 5784 453 5844; x_wconf 84' lang='lat' dir='ltr'><strong>sentiat</strong></span> <span class='ocrx_word' id='word_1_862' title='bbox 467 5785 662 5846; x_wconf 80' lang='lat' dir='ltr'><strong>Tillemuntius</strong></span> <span class='ocrx_word' id='word_1_863' title='bbox 682 5794 757 5843; x_wconf 92' lang='lat' dir='ltr'><strong>tomo</strong></span> <span class='ocrx_word' id='word_1_864' title='bbox 772 5785 795 5855; x_wconf 93' lang='lat' dir='ltr'><strong>l,</strong></span> <span class='ocrx_word' id='word_1_865' title='bbox 814 5800 877 5859; x_wconf 88' lang='lat' dir='ltr'><strong>pag.</strong></span> <span class='ocrx_word' id='word_1_866' title='bbox 937 5792 964 5841; x_wconf 90' lang='lat' dir='ltr'><strong>et</strong></span> <span class='ocrx_word' id='word_1_867' title='bbox 978 5784 1013 5840; x_wconf 90' lang='lat' dir='ltr'><strong>ab</strong></span> <span class='ocrx_word' id='word_1_868' title='bbox 1024 5783 1123 5842; x_wconf 87' lang='lat' dir='ltr'><strong>Adone</strong></span> <span class='ocrx_word' id='word_1_869' title='bbox 1134 5781 1354 5856; x_wconf 74' lang='lat' dir='ltr'><strong>praelato,elogio</strong></span> <span class='ocrx_word' id='word_1_870' title='bbox 1370 5781 1507 5839; x_wconf 84' lang='lat' dir='ltr'><strong>exornati.</strong></span> <span class='ocrx_word' id='word_1_871' title='bbox 1524 5781 1580 5842; x_wconf 92' lang='lat' dir='ltr'><strong>Cur</strong></span> <span class='ocrx_word' id='word_1_872' title='bbox 1594 5777 1735 5838; x_wconf 90' lang='lat' dir='ltr'><strong>Usuardus</strong></span> 
     </span>
    </p>
   </div>
   <div class='ocr_carea' id='block_1_21' title="bbox 0 0 1925 6132">
    <p class='ocr_par' dir='ltr' id='par_1_23' title="bbox 0 0 1925 6132">
     <span class='ocr_line' id='line_1_94' title="bbox 0 0 1925 6132; baseline 0 0"><span class='ocrx_word' id='word_1_873' title='bbox 0 0 1925 6132; x_wconf 95' lang='lat' dir='ltr'><strong> </strong></span> 
     </span>
    </p>
   </div>
  </div>
 </body>
</html>
