3834 6136
203 211 255 271 263

859 199 1010 259 usuxnui
1030 196 1188 258 MONACHI

1749 176 1752 181 ’
1797 183 1852 249 stt

203 339 276 393 intra
293 312 478 387 urbismuros
492 325 609 409 sepiilto,
627 325 674 381 sed
696 333 723 380 et
746 333 807 397 post
824 326 882 380 zelo
895 325 996 380 loliani
1013 329 1036 386 A
1051 324 1113 404 dea·
1126 321 1289 404 martyrium
1313 316 1473 399 complevit.
1498 313 1561 397 llaec
1586 313 1688 371 divisio
1713 323 1852 398 precepto

1050 395 1152 452 Christi
1168 394 1241 448 iacta
1255 401 1305 458 est,
1322 399 1352 446 ut
1369 390 1531 460 impleretur
1546 387 1616 442 illud
1631 388 1786 443 Psalmistas
1799 406 1805 444 :
1818 389 1852 444 lii

1048 482 1150 520 omnem
1166 472 1264 519 terram
1278 462 1360 516 exivit
1381 477 1462 514 sonus
1475 474 1575 525 eoriim,
1592 464 1616 512 et
1639 459 1668 513 in
1691 459 1758 529 fines
1778 460 1852 514 orbis

1050 536 1219 591 terrereris
1242 551 1341 589 eornm.
1365 557 1374 578 ι
1396 531 1525 602 Sequitur
1544 537 1639 585 textus
1662 530 1781 601 integer,
1805 531 1851 586 cui

1048 607 1243 677 subiungitur:
1267 629 1276 651 ι
1291 606 1358 659 ltem
1375 601 1560 668 Alexandria,
1577 610 1738 656 sanctornm
1749 600 1851 657 (latho-

1050 678 1100 733 lini
1111 676 1233 748 episcopi
1243 684 1270 730 et
1280 675 1381 730 Zosimi
1394 672 1567 728 confessoris.
1581 672 1684 728 Eodem
1694 671 1751 739 die,
1762 679 1853 728 trans·

1050 749 1116 804 latio
1128 749 1215 802 sancti
1230 747 1368 801 swithuni
1385 743 1504 814 episcopi
1516 751 1542 797 et
1557 744 1696 799 sociorum
1712 741 1773 813 ejus
1786 745 1853 870 epi-

202 409 341 479 Apostatae
355 410 434 457 extra
450 400 572 466 condito,
595 415 659 453 mox
674 397 773 452 civitas
789 398 932 452 Persarum
947 397 995 450 di-

202 478 272 537 tioni
296 473 452 530 succubuit.
474 497 483 518 ·
505 470 634 542 Sequitur
650 468 684 524 de
706 468 911 534 Alexandrinis,
936 477 994 522 tuin

203 550 236 608 de
249 543 530 616 Carthaginensibus,
549 559 580 596 ac
594 540 713 611 deniqne
727 538 760 594 de
775 538 903 595 Romanis
917 554 992 609 pnre.

240 623 418 676 llaccsoicn.
429 614 510 670 tertio
526 614 595 679 loco,
610 620 670 684 post
685 610 993 675 Portueiisemclassem,

203 693 321 749 inserit:
346 715 355 735 ‹
376 686 477 742 Eodem
498 684 553 751 die,
578 682 679 737 divisio
703 682 907 752 apostolorum,
934 696 994 751 que

203 762 353 820 secundnm
369 758 480 815 Bedam=
504 753 653 808 tredecimo
673 769 745 807 anno
761 759 821 823 post
842 751 994 822 passionem

203 832 315 890 Domini
330 831 402 884 iacta
416 835 474 888 est;
496 826 605 897 qnando
620 825 661 878 illi
684 839 730 894 por
745 831 832 877 totum
845 821 938 877 orbem
955 821 994 875 di-

203 905 256 960 visi
271 909 345 967 sunt,
358 906 384 953 ot
398 897 511 952 verbum
525 895 635 951 Domini
652 893 846 965 predicabant.
862 893 928 947 Nam
944 892 995 948 sub

204 972 332 1032 Cornelio
347 985 415 1041 papa
429 970 501 1024 iacta
520 975 560 1022 est
575 966 676 1021 divisio
691 966 792 1020 ossium
808 964 995 1035 apostolorum

202 1045 276 1102 Petri
287 1051 313 1098 et
329 1041 416 1101 Pauli,
431 1039 541 1111 qnando
558 1037 688 1092 medietas
702 1037 804 1091 ossium
819 1035 892 1090 Petri
907 1034 996 1105 posita

203 1118 237 1173 ad
253 1121 380 1171 sanctum
398 1111 523 1175 Paulum,
535 1118 562 1164 et
576 1123 719 1174 converso,
737 1107 826 1162 media
838 1122 898 1161 ossa
918 1104 995 1160 Pauli

222 1187 361 1244 ositasunt
371 1182 403 1237 ad
415 1180 680 1237 sanctnmPetrum.·
688 1177 759 1244 Quid
769 1177 842 1234 istud
851 1176 995 1247 numquid

203 1205 305 1315 livisio
319 1255 421 1311 ossium
437 1252 519 1307 iaciat
532 1250 566 1307 ad
586 1250 782 1321 dispersionem
797 1248 995 1319 apostolorum,

222 1344 315 1384 corsus
329 1342 385 1381 non
401 1323 536 1393 intelligo.
552 1321 682 1393 Sequitur
693 1320 727 1377 de
743 1318 994 1445 Cpricoetlulitta,

203 1346 260 1456 fere
277 1407 308 1453 ut
330 1412 421 1467 supra.
437 1395 525 1449 Tum:
550 1417 559 1440 ι
578 1391 712 1463 Lugduno
727 1391 767 1446 Ga
781 1390 837 1458 liae,
860 1389 995 1460 depositio

203 1476 361 1528 sanctorum
375 1467 564 1547 episcoporum
579 1463 649 1519 lusti
664 1470 691 1518 et
704 1461 804 1517 Amici.
822 1460 924 1516 Eodem
939 1460 994 1526 die,

202 1542 290 1599 sancti
306 1540 398 1594 Focati
411 1535 541 1609 episcopi.
557 1560 565 1581 ι
587 1533 657 1590 Vide
672 1534 716 1589 die
730 1531 905 1604 precedenti.

239 1615 399 1673 Aouicinci.
423 1607 527 1663 omittit
550 1621 649 1660 nomen
673 1604 812 1659 Florentii.
836 1605 872 1657 lit
893 1603 922 1656 in
942 1601 995 1656 line

1050 834 1193 890 scoporum
1206 828 1232 873 et
1244 817 1442 873 confessorum.
1455 814 1517 884 lpso
1529 814 1583 882 die,
1596 814 1685 870 sancti
1696 814 1800 870 Plecbe
1815 816 1851 870 mi

1049 890 1169 961 episcopi
1185 897 1212 943 et
1233 886 1407 944 confessoris.
1433 885 1500 939 Item
1517 887 1614 942 relatio
1629 886 1720 942 sancti
1735 885 1853 942 Vedasti

1051 960 1273 1017 Atrebatensium
1288 956 1409 1030 episcopi
1425 962 1452 1010 et
1465 957 1641 1013 confessoris.
1660 980 1669 1004 ι

1086 1033 1180 1087 listis.
1193 1032 1292 1086 ultimo
1309 1033 1368 1085 loco
1383 1026 1478 1099 ponit:
1500 1028 1613 1084 «Nisibi
1627 1027 1754 1094 civitate,
1771 1054 1780 1075 ·
1796 1035 1851 1085 etc.

1050 1105 1085 1159 Et
1099 1111 1157 1158 tum
1173 1102 1271 1157 addit:
1296 1128 1304 1148 ·
1324 1100 1427 1155 Eodem
1445 1096 1499 1164 die,
1517 1107 1676 1156 sanctorum
1693 1109 1853 1172 martyrum

1050 1174 1197 1254 Qniriciflet
1220 1172 1323 1228 inlita.
1349 1170 1450 1242 Papia,
1467 1171 1555 1227 sancti
1573 1171 1672 1228 Felicis
1686 1170 1811 1243 episcopi
1825 1179 1855 1227 et

1051 1254 1121 1300 mart
1145 1261 1216 1298 ιιι·

1085 1262 1211 1371 Gnycvss.
1226 1311 1371 1369 :‹Diiisio
1385 1320 1572 1386 apostolorum
1582 1313 1617 1369 ad
1630 1311 1852 1385 predicandum,

1051 1386 1121 1442 iacta
1146 1387 1296 1441 secundum
1324 1386 1424 1441 Bedain
1450 1406 1523 1446 anno
1548 1402 1564 1440 ι
1586 1385 1713 1457 passione
1736 1382 1853 1440 Domini

1050 1457 1223 1513 duodecimo.
1240 1457 1308 1511 lteiu
1322 1457 1472 1514 secundum
1487 1461 1524 1517 ali
1546 1474 1595 1513 uos
1609 1456 1656 1513 liic
1666 1454 1752 1513 Cirici
1763 1461 1791 1510 et
1805 1454 1855 1510 lu·

1050 1529 1116 1594 iiie,
1133 1544 1201 1608 quos
1216 1526 1355 1583 Usnardus
1376 1528 1457 1586 habet
1472 1549 1521 1587 xvi
1563 1527 1654 1584 alend.
1678 1526 1759 1582 tutti.
1783 1525 1855 1581 Ple-

1049 1599 1149 1655 chelmi
1166 1597 1359 1654 Tweintiensis
1373 1600 1492 1673 episcopi
1508 1612 1535 1658 et
1553 1597 1730 1664 confessoris,
1747 1597 1778 1652 in
1796 1597 1854 1652 Al-

171 1718 176 1725 ·
202 1683 318 1739 ad'icit:
337 1706 345 1726 ·
363 1679 465 1734 Eodem
480 1676 535 1743 die,
547 1675 644 1730 relatio
654 1674 776 1744 corporis
786 1674 872 1729 sancti
884 1671 995 1728 Vedasti
1012 1677 1034 1735 Β
1051 1670 1145 1751 denscl
1169 1670 1345 1751 quiescentis.
1373 1673 1524 1729 Deusdedit
1547 1667 1749 1742 archiepiscopi
1772 1666 1853 1724 Can-

203 1701 349 1811 alleliaco
363 1751 475 1805 civitate
489 1746 522 1802 ad
558 1746 680 1816 ropriuin
697 1747 797 1799 locum.
815 1769 823 1791 ι

240 1824 385 1879 Vinionin.
397 1830 424 1874 et
437 1818 524 1874 codex
538 1763 608 1872 lise.
622 1818 702 1871 Scire.
718 1815 788 1885 sign.
803 1814 863 1895 ιι8,
880 1815 908 1869 in
923 1814 995 1870 line:

211 1892 401 1958 -aiitiochie,
429 1890 529 1944 natalis
552 1895 709 1942 sanctoruni
732 1888 824 1958 Cyrici
847 1892 874 1941 et
895 1885 998 1942 lulittae

204 1965 300 2021 matris
315 1962 383 2034 ejus.
400 1960 502 2015 Eodem
519 1958 580 2025 die,
597 1958 711 2013 liberata
724 1965 764 2011 est
785 1957 884 2013 civitas
905 1965 999 2013 sancta

203 2036 363 2092 Jerusalem.
381 2058 389 2080 ι
411 2030 481 2087 Vide
496 2046 598 2083 annum
615 2029 643 2083 iii
659 2028 767 2083 Musas.

238 2101 674 2162 Minnio.·Csnrus.·Ucrnarccr.
688 2117 693 2154 ε
714 2123 723 2146 ι
736 2098 844 2154 Divisio
856 2114 872 2152 a
889 2099 1000 2161 ‚ostolo-

203 2195 265 2234 rum
288 2174 437 2232 Plechelmi
460 2171 581 2244 episcopi
602 2180 630 2226 et
655 2169 828 2226 contessoris.
885 2170 998 2240 utropii,

203 2248 318 2306 Zozimae
341 2256 369 2302 et
391 2246 505 2300 Bonosae
529 2258 654 2297 sororum
679 2249 842 2312 martyrum.
865 2241 957 2312 Philip
980 2241 998 2308 i,

203 2319 316 2386 Narsei,
331 2316 450 2372 Zenonis
464 2321 490 2369 et
504 2313 597 2369 decern
615 2313 752 2368 intantum
768 2323 932 2383 martyrum.
965 2328 999 2365 ι-

203 2392 265 2448 cobi
280 2388 376 2461 Nysibi
391 2384 522 2457 episcopi.
539 2410 547 2430 ι

239 2465 306 2518 lliic.
332 2461 413 2515 Sosc.
437 2457 488 2528 sig.
513 2472 590 2510 num.
614 2453 688 2510 428:
713 2455 803 2525 «Ipso
817 2453 881 2522 die,
897 2453 1000 2510 divisio

203 2532 389 2606 apostolorum
406 2528 440 2584 ad
460 2525 674 2599 predicandum.
691 2549 700 2573 ι

239 2605 374 2660 Viricxn.
391 2616 468 2655 num.
483 2599 553 2654 soto
568 2616 573 2652 :
596 2623 605 2643 ‹
621 2596 700 2668 Apud
714 2596 849 2651 Tharsnm
864 2604 1000 2667 metropo-

203 2674 265 2741 lim,
287 2673 377 2728 natale
399 2676 556 2725 sauctorum
574 2677 726 2740 martyrum
740 2666 833 2738 Cyrici
849 2677 875 2722 et
896 2668 1000 2723 lulittae

203 2745 300 2802 matris
319 2741 388 2814 ejus.
408 2765 418 2789 ι

240 2817 408 2871 Pionsnris.
423 2831 428 2868 :
452 2836 462 2858 ι
476 2811 558 2883 Apud
570 2808 746 2866 Antiochiam
759 2852 766 2878 ,
785 2808 889 2875 Quirici
906 2815 933 2864 et
947 2808 1000 2863 lu-

204 2885 306 2943 littae...
334 2883 489 2939 Translatio
510 2889 666 2938 sanctorum
684 2890 835 2952 martyrum
852 2881 1001 2947 Senatorio,

206 2955 338 3022 Victoris,
355 2953 510 3012 Cassiodcri
526 2963 553 3009 et
577 2952 729 3007 Doniinate
754 2952 994 3007 molossorum·

1053 1748 1199 1796 tuariensis
1222 1749 1249 1795 et
1272 1739 1447 1800 confessoris.
1472 1741 1664 1809 Alexandria,
1688 1748 1854 1795 sanctorum

1053 1812 1192 1890 Catholini
1206 1811 1326 1882 episcopi
1347 1820 1373 1867 et
1397 1815 1513 1871 Zozimae
1528 1814 1727 1872 confessorum.
1747 1809 1852 1866 Eodem

1053 1883 1107 1948 die,
1134 1899 1161 1937 ιιι
1182 1883 1291 1953 Anglia,
1315 1885 1457 1941 translatio
1480 1887 1568 1943 sancti
1593 1881 1713 1939 Swituni
1729 1880 1855 1953 episcopi

1053 1953 1256 2010 Wintoniensis
1270 1960 1297 2008 et
1311 1954 1448 2011 sociorum
1465 1957 1487 2029 ej
1493 1974 1524 2014 us
1538 1956 1730 2038 episcoporum
1744 1959 1772 2007 et
1787 1968 1855 2009 coii-

1055 2026 1198 2080 lessorum.
1222 2025 1290 2080 ltein
1311 2025 1408 2082 relatio
1428 2030 1515 2085 sancti
1530 2027 1643 2085 Vedasti
1663 2022 1856 2097 Atrebateusis

1053 2095 1173 2167 episcopi
1184 2103 1211 2151 et
1225 2094 1399 2152 confessoris.
1415 2099 1600 2171 Regiswindis
1611 2095 1728 2168 virginis
1738 2103 1766 2151 et
1782 2110 1854 2150 mar-

1054 2167 1134 2239 tyris.
1152 2168 1257 2222 Faustae
1272 2175 1299 2222 et
1322 2167 1411 2236 lolia,
1436 2187 1561 2227 sororum
1575 2169 1717 2242 virginum
1732 2175 1760 2222 et
1775 2182 1857 2221 mar-

1055 2249 1158 2364 tyriipi.
1180 2237 1322 2294 Dedicatio
1336 2239 1431 2312 templi
1448 2242 1587 2298 Dominici
1602 2237 1743 2314 sepulchri
1758 2237 1788 2293 iii
1802 2237 1856 2293 Je-

1054 2326 1116 2365 rusa
1130 2326 1183 2364 em.
1205 2335 1214 2356 ι

1090 2381 1218 2436 blotan:
1239 2406 1248 2428 ι
1263 2381 1366 2438 Eodem
1382 2383 1436 2450 die,
1452 2384 1588 2440 festivitas
1603 2382 1729 2438 omnium
1745 2387 1856 2454 aposto·

1056 2452 1157 2532 lorum,
1175 2452 1227 2507 hoc
1240 2460 1281 2507 est
1295 2453 1405 2524 quando
1420 2455 1503 2511 divisi
1519 2462 1584 2511 sunt
1600 2454 1634 2510 ab
1650 2453 1782 2509 invicem.
1801 2453 1857 2507 Eo·

1056 2523 1116 2605 dein
1130 2523 1184 2590 die,
1202 2531 1360 2603 sanctorum
1374 2537 1529 2599 martyrum
1542 2526 1634 2598 Cyrici
1648 2533 1675 2581 et
1689 2524 1791 2581 lulitai.
1806 2523 1856 2578 Pa-

1055 2612 1106 2676 piae
1118 2604 1220 2674 'sancti
1243 2595 1343 2651 Felicis
1357 2598 1477 2670 episcopi
1493 2606 1520 2654 et
1536 2597 1677 2669 martyris.
1703 2597 1784 2651 Anno
1801 2596 1856 2650 Do-

1056 2683 1165 2722 minicae
1180 2667 1537 2737 incarnationisoccciiciii,
1552 2669 1648 2724 relatio
1659 2667 1785 2739 corporis
1794 2680 1856 2721 san-

1055 2737 1092 2794 cti
1109 2736 1220 2792 Vedasti
1240 2738 1416 2811 aBelloiago
1440 2741 1473 2797 ad
1498 2741 1639 2812 proprium
1666 2739 1770 2806 locum,
1794 2745 1857 2819 post

1055 2824 1142 2864 annos
1157 2825 1208 2874 xii,
1232 2825 1339 2865 menses
1353 2828 1392 2878 ix,
1414 2810 1472 2868 dies
1487 2829 1565 2867 xxiv.
1582 2837 1591 2860 i
1613 2811 1683 2866 Tuni
1699 2808 1856 2865 minoribus

1055 2880 1131 2952 typis
1147 2897 1152 2933 τ
1172 2904 1181 2926 ι
1197 2881 1257 2950 ιριο
1267 2880 1322 2948 die,
1335 2882 1525 2955 Hierosolyma
1540 2882 1574 2938 ab
1584 2881 1711 2938 exercitu
1721 2880 1857 2938 Christia-

1057 2967 1157 3007 norum
1173 2958 1251 3022 capta
1266 2961 1322 3020 est,
1339 2969 1411 3008 anno
1426 2956 1540 3010 milleno
1555 2953 1746 3010 ducentesimo
1763 2953 1856 3007 minus

204 3028 277 3086 Luce
288 3028 379 3100 aliqua
389 3026 447 3081 hec
457 3024 592 3097 indigent.
606 3024 766 3079 Sinozzran.
781 3042 786 3078 ε
804 3023 903 3094 Papiae,
915 3022 1000 3078 sancti
1021 3039 1128 3104 flnn03
1146 3046 1155 3067 ·
1171 3025 1231 3077 vult
1241 3022 1331 3080 dicere
1346 3041 1459 3094 ncxcix,
1475 3028 1513 3082 De
1523 3026 1690 3091 Plechelmo,
1702 3023 1856 3080 Deusdedit

205 3099 305 3158 Felicis
317 3097 438 3170 episcopi
452 3105 479 3153 et
498 3095 638 3167 martyris.
660 3121 667 3141 ·

240 3173 462 3227 Bononiensem:
487 3192 496 3215 ι
519 3168 611 3223 Sancti
636 3165 778 3222 Benedicti
796 3163 1002 3236 Andegai'ensis

204 3241 335 3316 episcopi.
352 3266 361 3287 ι
383 3239 499 3296 Ponitur
512 3238 594 3294 etiam
613 3237 665 3293 hoc
684 3239 729 3295 die
743 3254 759 3292 ι
772 3237 937 3295 Castellano.

240 3315 338 3370 Eoiric
353 3311 553 3368 Lucrino-Coc.
570 3309 688 3380 incipit:
713 3334 722 3356 ι
737 3309 844 3365 Divisio
859 3308 1002 3389 apostolo-

203 3402 264 3443 rum
287 3385 321 3441 ad
345 3383 549 3456 praedicandum
566 3381 681 3436 verbum
706 3380 754 3436 Dei
778 3396 826 3452 per
840 3393 1001 3434 universnm

203 3459 309 3515 orbem.
321 3456 397 3523 Que,
410 3462 441 3510 ut
451 3454 523 3510 Beda
535 3452 640 3519 scribit,
649 3467 721 3508 anno
732 3451 879 3523 apassione
889 3449 1002 3506 Domini

202 3527 369 3585 duodecimo
378 3526 450 3581 lacta
460 3534 511 3580 cst.
523 3523 801 3578 PetrusAiitiochiam
811 3520 1001 3589 ienitucinde

203 3600 318 3657 Romaiu
335 3597 435 3653 resedit
450 3604 476 3650 et
495 3593 598 3649 ibidem
613 3592 794 3664 crucifigitur.
806 3594 907 3647 Paulus
920 3608 1000 3646 niun-

204 3670 270 3728 dum
286 3684 335 3724 sua
350 3666 544 3738 predicatione
559 3664 711 3719 illustravit
725 3672 752 3719 et
771 3664 863 3718 Rome
879 3663 1001 3718 decolla-

204 3749 259 3796 tur.
285 3737 408 3793 Andreas
423 3735 533 3791 Achaie
547 3733 728 3803 crucifigitur.
754 3734 870 3787 lacobus
885 3732 1001 3789 Zebedei

205 3809 404 3880 Hierosolymis
426 3807 588 3862 decollatur.
613 3805 731 3860 loannes
749 3804 859 3876 Epheso
881 3804 910 3859 in
935 3820 1001 3884 pace

205 3883 332 3937 moritur.
348 3879 492 3950 Philippus
508 3878 536 3932 in
549 3876 622 3948 Phry
643 3877 667 3929 ιι
678 3875 815 3946 lapidatur
824 3882 851 3931 et
866 3875 1001 3947 cruciligi·

205 3962 260 4010 tur.
274 3952 392 4008 lacobus
403 3948 502 4029 Alphei
516 3949 586 4003 iuste
596 3893 711 4002 fullonis
722 3947 875 4072 perimitur.
888 3947 1001 4001 Bartho-

205 4026 311 4080 lonieus
333 4022 362 4076 in
384 4021 462 4076 ludia
477 4019 633 4074 excoriatus
652 4016 813 4072 decolatur.
836 4017 955 4072 Thomas
973 4017 1001 4072 iii

207 4095 261 4150 alia
272 4093 360 4160 lndia,
371 4108 431 4174 quae
442 4091 522 4146 estin
535 4089 590 4145 line
603 4087 898 4161 mundi,trausligitur.
906 4088 1001 4143 Simon

204 4173 232 4222 et
240 4165 366 4220 Thadeus
376 4180 404 4217 in
412 4160 711 4233 Persidaperimuntur.
720 4159 857 4216 Mattheus
867 4160 895 4215 iu
906 4159 1001 4215 Ethio-

204 4237 260 4310 piA,
271 4251 364 4293 coram
378 4235 459 4291 altari
475 4234 568 4288 lancea
581 4231 745 4304 perforatur.
761 4231 891 4289 Matthias
906 4232 935 4288 in
948 4232 1001 4287 ln-

1057 3102 1081 3150 et
1097 3094 1276 3149 translatione
1291 3095 1442 3166 Swithuni‚
1458 3108 1488 3154 ut
1503 3098 1627 3154 Gniiicn.
1644 3111 1737 3168 supra.
1764 3094 1855 3151 Deni-

1057 3181 1131 3245 qne:
1156 3165 1306 3245 «UAnsweri
1332 3169 1470 3236 monachi,
1496 3186 1558 3225 cuni
1580 3168 1637 3225 suis
1661 3167 1689 3222 in
1711 3165 1856 3239 Ratilburg

1058 3237 1182 3308 lapidati.
1199 3261 1207 3282 ·
1230 3236 1373 3294 Editicnes
1389 3241 1449 3295 alie
1472 3248 1533 3313 post
1555 3239 1661 3295 uirtutis
1681 3239 1757 3304 oiri,
1777 3239 1857 3294 inse-

1058 3314 1124 3388 runt
1136 3307 1200 3388 aliis
1214 3308 1312 3389 litteris
1327 3328 1332 3364 :
1352 3334 1361 3355 ι
1379 3312 1420 3366 ιιι
1433 3319 1464 3367 ut
1478 3312 1512 3367 ad
1524 3310 1583 3382 ejus
1617 3326 1691 3366 reces
1705 3325 1777 3382 sepe
1790 3308 1856 3365 urbs

1058 3379 1219 3435 discrimine
1233 3387 1269 3434 sit
1285 3380 1408 3440 liberata.
1427 3407 1436 3428 ι
1457 3384 1488 3439 ιιι
1502 3383 1575 3439 linc:
1593 3328 1627 3438 ge
1641 3382 1782 3437 divisione
1793 3396 1857 3453 apo·

1058 3451 1203 3530 stolorum,
1229 3459 1371 3523 utsupra.
1395 3454 1585 3522 «damnaria,
1610 3453 1748 3525 depositio
1767 3452 1856 3508 sancti

1058 3520 1220 3588 Deusdedit,
1235 3524 1305 3577 sexti
1322 3524 1519 3597 archiepiscopi
1534 3534 1562 3581 et
1580 3525 1757 3582 contessoris.
1774 3522 1856 3580 Civi-

1058 3599 1113 3648 tate
1128 3594 1291 3673 Diiuileiisele,
1316 3597 1405 3650 natale
1422 3598 1508 3653 sancti
1525 3596 1672 3654 Plechelmi
1689 3595 1822 3667 episcopi.
1839 3618 1849 3640 ·

1058 3665 1107 3744 De¹
1119 3664 1219 3744 Felice,
1236 3672 1266 3718 ut
1289 3681 1380 3736 supra.
1403 3690 1412 3712 ι
1429 3668 1532 3723 Eodem
1547 3668 1602 3737 die,
1620 3677 1725 3724 sanctie
1749 3666 1856 3737 Regin-

1058 3734 1174 3816 snnndoe
1183 3735 1311 3815 uirginis.
1324 3737 1447 3793 Atrebati
1459 3755 1532 3795 anno
1546 3738 1732 3805 Dominicae,·
1748 3745 1813 3805 eto,
1825 3745 1856 3792 ut

1059 3821 1087 3860 in
1104 3821 1199 3885 priori.
1216 3807 1255 3861 De
1269 3806 1446 3875 Swinthuno,
1462 3820 1597 3883 utsupra.
1613 3810 1683 3865 Tum
1701 3807 1855 3864 minoribus

1059 3884 1150 3948 typis:
1171 3902 1179 3922 ·
1195 3877 1256 3948 lpso
1266 3877 1321 3945 die,
1339 3880 1529 3952 Hierosolyma
1541 3883 1576 3938 ab
1587 3880 1711 3938 exercitu
1721 3879 1856 3938 Christia-

1059 3963 1157 4002 norum
1170 3955 1248 4074 capta
1261 3958 1302 4005 est
1314 3966 1388 4030 anno
1401 3952 1515 4008 milleno
1525 3971 1587 4009 cnm
1598 3952 1751 4010 centesimo
1764 3951 1855 4006 minus

1058 4035 1115 4099 urio
1132 4035 1137 4072 :
1155 4044 1164 4067 ι
1186 4035 1203 4074 u
1225 4036 1233 4073 i
1248 4022 1361 4093 corrigit
1376 4023 1449 4096 quod
1463 4041 1495 4080 su
1516 4041 1545 4080 ra
1559 4032 1713 4089 erraverat,
1732 4021 1856 4078 scribens

1058 4091 1164 4145 milleno
1180 4090 1375 4171 'ducentesima
1390 4101 1443 4150 etc.
1467 4120 1477 4144 ι
1497 4040 1685 4153 linxerint
1713 4136 1721 4162 ,
1738 4092 1854 4149 Ausueri

1059 4161 1202 4243 monachi,¹
1213 4178 1275 4218 cum
1290 4165 1349 4219 suis
1363 4165 1476 4237 lapidati
1494 4186 1499 4224 :
1515 4166 1549 4223 de
1568 4167 1669 4242 quibus
1717 4164 1856 4221 elmoldus

1059 4248 1088 4286 m
1106 4232 1221 4288 historia
1235 4233 1391 4293 Slavorum.
1408 4261 1417 4286 ι

209 4411 288 4470 XVll
307 4411 374 4469 Kal.

1741 4404 1794 4469 ote
1813 4408 1855 4468 to.

240 4513 323 4586 Apud
337 4511 514 4570 Antiochiam
529 4507 616 4582 Syria
631 4505 731 4565 natalis
749 4503 821 4565 beati
839 4498 985 4564 Eustachii
999 4499 1131 4580 episcopi,
1147 4516 1174 4565 et
1193 4503 1369 4578 mulessoris,
1387 4509 1439 4568 sub
1453 4509 1636 4569 Constantino
1651 4509 1789 4583 principe,
1805 4510 1853 4581 qui

208 4606 246 4664 ob
258 4605 422 4663 catholicam
445 4605 527 4660 fidem
543 4601 747 4673 Traianopolim
764 4599 906 4656 ciiitateui
922 4598 1044 4655 Thraciae
1068 4599 1165 4670 pulsus
1180 4599 1276 4668 exilio,
1302 4600 1405 4656 ibidem
1429 4602 1574 4674 requievit.
1601 4602 1632 4656 ln
1647 4599 1735 4670 Ostia,
1761 4600 1852 4672 passio

202 4695 289 4751 sancti
305 4693 402 4749 llilarii
420 4690 558 4759 monachi,
575 4689 622 4762 qui
646 4704 709 4745 cum
725 4688 812 4743 nollet
835 4687 885 4743 sub
901 4686 1091 4758 persecutione
1105 4688 1208 4744 luliani
1230 4688 1394 4760 sacrificare,
1419 4689 1541 4748 fustibus
1560 4706 1658 4760 cesus,
1684 4688 1853 4762 martyrium

188 4816 191 4820 ·
204 4781 334 4853 sumpsit.

973 4873 1091 4932 NOTAE.

187 4969 191 4979 '
237 4974 364 5037 Sumitur
376 4981 470 5034 textus
485 4991 520 5031 ex
533 4974 655 5041 Prolem,
674 4969 824 5041 Heinien,
839 4971 992 5045 Antaiop-
1006 4969 1031 5026 lJ
1045 4972 1160 5044 Modera,
1179 4972 1289 5033 drocen.
1307 4984 1334 5034 et
1349 4978 1452 5038 Dolon.
1468 4979 1600 5053 Antttetp.
1614 4988 1641 5038 et
1656 4979 1854 5051 ilua-Luhec,

202 5052 350 5120 Desierat,
370 5049 456 5106 Belin.

815 5161 1018 5221 VARIANTES
1036 5164 1242 5222 LECTIONES.

238 5267 277 5323 De
291 5265 372 5337 Syria
387 5264 471 5324 etiam
490 5258 557 5316 alibi
573 5258 721 5316 dicendum
737 5258 810 5327 fuit3
831 5260 921 5317 scribo
936 5278 998 5318 cuin

202 5333 337 5404 Piatensi,
345 5338 478 5408 Antuerp.
490 5341 516 5390 et
526 5331 728 5411 llam-imbec,
739 5331 887 5399 Munerat,
897 5333 998 5400 Belin,

202 5407 306 5464 hlolan.
331 5407 360 5459 Si
383 5407 491 5462 codices
508 5403 561 5460 sibi
576 5419 631 5458 non
654 5412 792 5471 constent,
819 5421 869 5460 nec
887 5405 1000 5459 unifor-

203 5476 320 5532 miserit
335 5476 531 5548 orthographia
545 5483 647 5530 nostra.
660 5476 800 5530 Eustachii
813 5476 906 5546 legunt
919 5475 1000 5529 codi-

202 5564 248 5605 ces
262 5547 349 5601 nostri
363 5563 458 5602 omnes
474 5555 534 5617 post
552 5547 667 5602 Roman.
685 5562 800 5617 parvum
817 5555 844 5602 et
862 5545 999 5614 Adonem,

201 5617 340 5675 Eustotliii'
353 5624 443 5673 tamen
458 5616 600 5688 legendum
615 5661 622 5685 ,
637 5616 753 5673 dubium
770 5634 825 5673 uon
843 5624 901 5686 est,
921 5625 952 5670 ut
970 5618 1000 5671 iii

203 5687 449 5762 observationibus
463 5689 596 5743 dicemus.
612 5688 730 5760 Optime
749 5698 821 5744 uota
835 5688 953 5752 codices,
969 5695 1000 5743 ut

202 5767 267 5818 sunt
280 5759 400 5827 Praton,
412 5756 565 5825 Herinieu„
578 5758 740 5829 Tornacen,
752 5757 998 5833 antuerp-tiqui,

1054 5262 1856 5342 Pulsanen,iiosweyd.‚bluuerat.etBelin.recteintextu

1054 5334 1180 5415 scribunt
1202 5336 1374 5391 Constrinti'no
1395 5337 1536 5409 principe,
1558 5339 1694 5420 quidquid
1709 5340 1771 5407 alii,
1787 5355 1858 5412 qnos

1054 5413 1178 5478 seqnitur
1189 5407 1346 5486 ¹Romanum
1363 5407 1536 5479 modernum,
1552 5413 1705 5467 antistitem
1726 5418 1856 5466 nostrum

1056 5478 1856 5554 Coristcnthussurelegatnmvelint‚uthabentAiituerp.,

1053 5549 1242 5630 blax.-Lubec.
1255 5559 1282 5604 et
1297 5551 1393 5607 inediae
1407 5560 1477 5608 note
1488 5554 1598 5626 reliqui,
1611 5569 1673 5610 cuni
1689 5552 1818 5609 Greieno
1828 5559 1857 5607 et

1053 5618 1173 5686 blolano,
1189 5636 1237 5700 qui
1252 5619 1308 5701 duo
1323 5623 1427 5694 legunt,
1446 5624 1603 5680 Consbincio
1618 5625 1791 5696 imperatore,
1806 5621 1854 5679 alii

1056 5690 1212 5770 Coastoncio
1225 5693 1354 5773 principe.
1366 5695 1402 5749 Et
1416 5697 1454 5749 ita
1464 5696 1578 5764 lactum,
1592 5711 1626 5752 ex
1637 5696 1785 5752 Athanasii
1798 5709 1856 5750 iton

1054 5767 1120 5817 satis
1129 5760 1222 5818 valido
1235 5766 1405 5836 testimonio,
1419 5765 1555 5826 Baiouius
1569 5767 1599 5823 in
1613 5765 1812 5824 Notationibus
1826 5779 1856 5821 se
