3834 6136
118 178 182 260 'suo

613 194 823 254 Aouuvsuur
843 193 1095 253 ruontncmtsrs
1116 195 1288 255 noudum.
1367 140 1376 160 ⁸

1727 193 1783 253 960

132 350 228 408 rochia
240 357 266 406 et
280 347 423 422 provincia
436 346 550 404 alterius
563 346 763 420 archiepiscopi
773 347 863 403 fidelis
878 362 927 403 no·
941 356 967 415 Α
982 358 1090 406 constat
1105 351 1179 423 quod
1190 351 1218 408 in
1235 352 1314 425 plebe
1329 353 1409 409 istius
1419 354 1496 425 regni
1510 352 1580 407 mihi
1594 335 1681 408 aDeo
1689 350 1785 407 collati

131 442 192 511 stri,
211 441 269 498 sine
289 456 338 497 sna
351 439 474 508 licentia,
491 455 522 495 ao
537 439 762 512 coepiscoporum
777 456 923 509 consensu,

132 528 546 589 Weniloexcommunicatisvel
554 528 856 586 excommunicatorum
866 545 925 603 par·

131 619 263 692 tioipibns
279 618 437 676 celebravit.
449 620 484 676 Et
495 619 523 675 in
538 635 570 676 co
585 620 704 676 concilio
718 627 799 693 atque
809 620 926 678 consilio

131 711 195 778 fnit,
208 726 262 783 qno
273 726 358 782 nepos
372 726 449 766 mens
460 709 606 767 botharins
621 727 669 783 per
683 710 835 777 mendacia,
843 725 926 783 quan·

132 808 191 856 tum
206 817 241 856 ex
255 800 445 856 seductoribus
458 800 524 867 suis,
541 800 739 872 subriperetur,
761 806 788 854 et
800 798 923 854 debitum

132 907 164 946 ac
178 897 348 947 sacramento
363 890 529 961 promissum
546 889 687 957 solatium,
712 897 793 960 atque
813 887 928 958 adjuto-

131 980 204 1037 rium
215 997 250 1037 ex
263 981 313 1037 illo
327 978 397 1037 mihi
410 978 612 1036 subtraherent.

489 1078 563 1137 vlll.

168 1169 311 1227 Praedictis
332 1168 515 1225 nihilominus
530 1166 623 1222 fratris
637 1166 691 1223 mei
708 1165 887 1235 consiliariis,
898 1171 927 1221 et

132 1261 293 1334 publicisne
308 1261 419 1318 secretis
434 1260 604 1328 tractatibus,
624 1261 732 1317 wenilo
746 1277 808 1317 cum
819 1260 929 1332 specia-

133 1350 208 1406 libus
223 1350 417 1418 iamiliaribns,
434 1357 461 1406 et
471 1350 544 1405 inter
559 1347 663 1421 priores
677 1347 736 1420 ejus
751 1346 929 1403 familiariter

132 1456 194 1496 cnm
210 1439 359 1511 episcopali
368 1437 484 1509 judicic,
497 1447 527 1495 ut
536 1435 927 1506 diximusexcommunicatis,

132 1543 158 1592 et
169 1534 277 1607 judicio
292 1534 367 1606 regni
383 1532 689 1605 dijudicatis,iuterinit
702 1549 707 1587 :
722 1542 856 1604 quatenns
870 1545 929 1602 pur-

131 1631 186 1680 tem
197 1622 373 1696 requiquam
384 1621 550 1678 idemfrater
560 1636 646 1689 meus,
656 1618 928 1690 etWenilomihiju-

981 453 1045 494 eum
1055 439 1184 497 studebat
1200 442 1290 500 colere
1305 448 1332 498 et
1346 441 1483 513 satagebat
1500 448 1603 497 tenere.

1022 629 1135 686 Weuilo
1149 629 1178 685 iu
1193 643 1226 684 eo
1248 626 1365 684 consilio
1384 633 1411 682 et
1431 633 1551 683 tractatu
1572 641 1637 682 cum
1663 626 1785 698 praelatis

982 719 1229 779 excommunicatis
1246 717 1310 784 luit,
1335 715 1383 771 ubi
1405 715 1610 772 consideratum
1626 724 1669 771 est
1682 726 1783 788 quate-

982 827 1034 868 nus
1046 810 1088 866 illi
1105 809 1231 865 homines
1250 806 1299 878 qui
1315 804 1384 861 mihi
1400 802 1495 861 fideles
1508 811 1587 859 erant
1607 810 1635 858 et
1651 802 1724 858 mibi
1739 819 1785 858 sa-

982 907 1122 958 cramento
1154 897 1316 955 fidelitatem
1340 895 1533 967 promiserant,
1557 894 1617 950 sive
1642 893 1783 962 nolentes,

983 991 1173 1048 sivevolentes
1188 986 1266 1044 fratri
1283 982 1492 1041 meoLudovico
1502 982 1642 1054 jurarent,
1658 991 1691 1039 ut
1705 982 1731 1039 ei
1742 982 1785 1038 ad·

980 1078 1114 1151 jutorinm
1129 1077 1242 1146 ferrent,
1258 1076 1376 1149 qualiter
1391 1090 1505 1145 reguum
1521 1089 1616 1129 meum
1629 1079 1729 1129 contra
1744 1089 1785 1130 me

983 1169 1107 1225 obtinere
1118 1165 1260 1240 potuisset,
1275 1173 1302 1220 et
1316 1180 1372 1220 non
1384 1164 1473 1221 solnm
1484 1161 1604 1220 consilio
1619 1161 1732 1218 Wenilo
1746 1161 1785 1218 in·

986 1258 1090 1326 terluit,
1106 1257 1153 1313 sed
1173 1254 1272 1328 etipse
1291 1254 1344 1310 boo
1360 1254 1433 1311 idem
1453 1253 1607 1310 consilium
1627 1251 1709 1307 fratri
1727 1267 1784 1308 mco

984 1346 1124 1404 Ludovico
1139 1353 1235 1402 contra
1248 1360 1335 1400 meam
1347 1343 1522 1410 fidelitatem,
1540 1357 1624 1414 qnam
1640 1341 1712 1397 naabi
1728 1356 1784 1414 pro·

984 1438 1060 1494 misit
1073 1443 1254 1503 sacramento,
1270 1435 1393 1492 donavit.

1355 1534 1415 1589 Xll.

1020 1626 1132 1685 Wenilo
1148 1642 1197 1699 per
1208 1641 1237 1682 se
1251 1632 1277 1682 et
1292 1640 1340 1698 per
1357 1622 1506 1680 familiares
1523 1639 1600 1693 suos,
1612 1618 1783 1696 supradictos

132 1711 930 1785 rut⁷erant,elisst1uaWenilomervssemsacraverabsaelte
945 1716 967 1775 B
981 1716 1088 1773 scilicet
1101 1714 1372 1783 excommunicatos,
1394 1712 1467 1787 apud
1483 1713 1598 1769 fratrem
1620 1728 1717 1770 meum
1731 1710 1784 1768 Lu-

131 1804 204 1862 lotus
224 1805 309 1860 frater
322 1818 400 1858 mens
413 1800 560 1869 obtineret,
579 1806 607 1857 et
620 1816 669 1873 eqo
684 1799 761 1856 illam
774 1798 926 1872 perderem.

167 1989 279 2047 Wenilo
294 1988 323 2045 in
333 2003 366 2045 eo
377 1986 495 2045 consilio
504 1997 531 2043 et
542 1992 660 2042 tractatu
672 1984 736 2053 fuit,
748 1991 781 2040 nt
795 1983 925 2056 episcopi,

131 2081 179 2155 qui
194 2081 264 2136 mihi
281 2080 345 2136 fidei
366 2079 506 2152 promissae
527 2077 665 2135 debitores
679 2085 767 2146 erant,
784 2085 812 2134 et
827 2075 927 2133 oonsi-

130 2171 198 2228 linm
221 2177 302 2242 atque
325 2168 462 2224 auxilinm
489 2184 572 2224 nrauu
596 2167 708 2240 propria
726 2165 925 2223 confirmatum

131 2260 201 2315 ferre
216 2257 376 2325 debuerant,
392 2256 549 2324 deficerent,
570 2265 597 2312 et
612 2256 644 2312 ad
658 2256 752 2313 fratris
768 2254 821 2311 mei
836 2254 927 2311 Ludo·

130 2348 187 2406 vici
201 2347 364 2420 obsequium
379 2351 406 2402 et
418 2345 604 2402 subditionem
619 2362 647 2402 se
662 2352 810 2401 verterent.

165 2538 204 2593 Ue
218 2534 327 2592 abbatia
341 2542 441 2592 sanotae
456 2534 607 2603 Columbo,
620 2542 646 2591 et
658 2533 740 2591 rebus
750 2532 794 2590 vel
808 2531 929 2588 honori-

129 2626 182 2683 bus
195 2626 269 2697 regni
288 2627 351 2694 mei,
364 2625 436 2697 apud
447 2625 620 2681 Lndoticnm
632 2626 745 2682 fratrem
757 2640 847 2679 rnenm
860 2639 926 2694 prae·

130 2720 239 2785 ceptum
253 2712 384 2780 obtinuit,
396 2719 422 2768 et
437 2713 542 2768 litteras
555 2712 589 2768 ad
605 2713 712 2780 missos,
733 2728 788 2785 quo
805 2710 929 2767 eamdem

130 2803 268 2859 abbatiam
280 2810 450 2870 revocarent,
461 2802 619 2859 Eclrardnm
631 2812 658 2858 et
668 2802 870 2858 Theodericum
880 2801 929 2856 im·

132 2890 260 2963 patravit.
278 2890 331 2945 Sed
346 2891 374 2945 in
390 2889 492 2945 eisdem
512 2890 611 2946 littoris
626 2892 660 2948 ad
675 2892 803 2964 prefatos
820 2893 928 2959 missos,

128 2978 281 3051 jussionem
295 2977 389 3034 fratris
414 2977 467 3032 mei
484 2976 617 3033 Lndovici
635 2979 747 3035 Wenilo
763 2979 884 3035 obtinuit
899 2985 930 3034 nt

983 1805 1114 1863 doricum
1124 1802 1246 1860 obtinuit
1256 1811 1287 1860 ut
1302 1820 1402 1861 vacans
1414 1804 1601 1877 episcopatus,
1616 1801 1785 1875 Bajocaepu-

981 1896 1022 1953 cis
1045 1894 1152 1951 scilicet
1175 1892 1308 1962 civitatis,
1332 1893 1488 1967 propinquo
1509 1909 1572 1963 sno,
1599 1892 1706 1950 clerico
1720 1906 1783 1959 meo,

982 1983 1094 2039 nomine
1104 1982 1248 2051 Tortoldo,
1266 1983 1314 2056 qui
1326 1983 1394 2039 mihi
1406 1999 1434 2039 se
1449 1981 1672 2049 commendarit,
1683 1979 1784 2038 stlido-

982 2072 1088 2140 1itatem
1104 2079 1275 2129 sacramento
1300 2072 1438 2144 promisit,
1454 2072 1626 2129 donaretur:
1646 2067 1697 2144 qui
1710 2084 1783 2127 cum-

981 2160 1043 2218 dem
1060 2161 1247 2233 episcopatum
1264 2161 1292 2216 in
1306 2177 1366 2216 mea
1378 2161 1556 2230 infidelitate,
1572 2169 1601 2218 et
1613 2168 1713 2218 contra
1726 2160 1782 2219 fide·

982 2232 1087 2308 ¹itatem
1104 2249 1173 2307 mibi
1190 2249 1364 2324 promissam,
1380 2267 1517 2310 consensu
1541 2250 1687 2310 Lndovici
1700 2252 1783 2312 trallis

982 2342 1036 2401 mei
1053 2343 1170 2417 accepit.

1018 2530 1140 2588 Tandem
1155 2537 1304 2604 postquam
1329 2530 1400 2586 mihi
1418 2533 1491 2589 Dens
1511 2530 1588 2590 vires
1610 2531 1781 2608 recuperandi

984 2620 1048 2690 mei,
1061 2637 1109 2694 per
1122 2619 1253 2676 solarium
1271 2619 1396 2676 fidelium
1410 2637 1546 2692 meorum,
1565 2631 1667 2680 contra
1680 2624 1780 2681 lustrem

984 2726 1077 2766 meum
1091 2708 1216 2776 donavit,
1229 2709 1336 2780 perrexi
1353 2725 1435 2782 prope
1447 2709 1480 2765 de
1494 2710 1613 2768 ciuitate
1622 2712 1778 2777 wenilonis,

984 2800 1030 2872 qui
1046 2815 1092 2854 me
1111 2806 1207 2855 contra
1222 2799 1333 2854 fratrem
1350 2814 1441 2854 meum
1457 2798 1490 2854 ad
1506 2801 1729 2872 recuperandum
1739 2818 1779 2859 rc-

984 2905 1075 2960 pnnm·
1088 2902 1180 2942 meum
1201 2902 1311 2958 pergere
1325 2887 1418 2955 scivit,
1442 2895 1469 2943 et
1485 2889 1596 2946 nullum
1620 2891 1777 2964 adjutorium

984 2979 1027 3033 vol
1043 2992 1090 3048 per
1104 2992 1143 3045 se,
1160 2975 1295 3048 promisso
1311 2990 1341 3032 ac
1364 2974 1519 3049 subscripto
1533 2978 1669 3048 consilio,
1685 2979 1727 3037 rel
1739 2997 1777 3054 per

130 3069 164 3126 de
179 3085 259 3125 muro
275 3069 380 3125 castelli
392 3066 544 3134 lleloduni‚
556 3067 628 3140 qnod
637 3066 683 3139 jus
698 3067 777 3141 repiae
794 3077 835 3126 est
849 3076 923 3140 pote·
940 3071 961 3131 C
979 3065 1117 3133 militiam,
1134 3080 1194 3137 qnae
1209 3080 1243 3119 ex
1257 3063 1381 3120 Ecclesia
1391 3063 1444 3120 sibi
1454 3065 1606 3125 commissa
1617 3069 1689 3127 solet
1701 3068 1776 3135 exire,

130 3157 219 3227 statis,
236 3165 326 3231 petras
347 3155 480 3214 baberent
498 3155 639 3213 licentiam
653 3157 831 3230 prehendere.
852 3156 930 3215 Unde
983 3153 1152 3227 adjutorium
1165 3151 1278 3226 aliquod
1291 3153 1429 3225 praestitit.

129 3314 479 3344 mffffq-nu.
484 3317 526 3342 ¹⁶⁴·.·⁴
530 3316 583 3342 ’'l“
590 3317 615 3342 f*

620 3317 720 3331 wne-n-

721 3317 942 3343 &zvara-*w-

865 3335 937 3342 -...-
945 3331 1186 3342 .............-........
1191 3311 1771 3348 ..o-...W-..-nm-..Qstm

729 3489 817 3537 ANNO
838 3484 950 3537 notum
970 3483 1182 3537 uccctxxt'rlr.

566 3658 1350 3835 ADREVALDUS

717 3919 969 3980 Flroulncmlsrs
982 3922 1184 3982 MONACHUS.
1200 3950 1203 3954 ·

488 4161 666 4238 hdrt'lth
711 4161 951 4238 distentet
994 4165 1041 4240 IN
1088 4165 1411 4243 auauvluuttm.

594 4313 688 4387 (Apud
702 4312 870 4382 rabanum,
886 4314 1019 4372 ursiana.
1035 4314 1107 4374 mea.
1128 4325 1155 4375 n
1169 4316 1221 4375 nr.
1236 4315 1312 4389 un.)

840 4454 1050 4471 u———n—-hn—

162 4564 360 4633 hnasvauous,
381 4563 486 4622 ordinis
500 4564 672 4623 benedictini
687 4564 838 4624 monachus
853 4565 921 4622 Flo·
936 4571 960 4631 D
977 4567 1009 4623 Α.
1027 4566 1057 4626 C.
1075 4566 1163 4637 loom
1180 4577 1310 4642 quartum
1327 4570 1493 4643 anonymus
1508 4572 1671 4646 composuit
1685 4570 1772 4632 Obvia

125 4635 267 4704 riacensis,
295 4652 375 4709 quom
403 4636 536 4692 Ludovici
561 4637 603 4692 Pii
624 4637 795 4709 temporibus
813 4637 920 4694 vixisse

126 4706 224 4831 grobat
240 4707 388 4762 lluinartns
416 4708 443 4761 in
462 4709 597 4779 Apologia
616 4709 755 4764 missionis
774 4708 802 4763 S.
819 4709 918 4777 hlauri,

150 4776 230 4832 allice
241 4777 324 4844 edita,
338 4792 398 4848 pag.
414 4777 449 4833 52
469 4795 543 4850 seqq.
556 4780 676 4835 Historia
691 4780 875 4834 translationis
891 4781 919 4836 S.

124 4847 260 4904 Benedicti
274 4854 298 4901 et
319 4849 346 4903 S.
365 4849 539 4916 Scholasticis,
554 4850 584 4905 in
595 4850 707 4905 loannis
730 4866 746 4905 a
768 4849 854 4905 bosco
869 4851 921 4906 Bi-

124 4917 265 4974 bliotheca
278 4918 454 4974 Floriaoeusi.
472 4920 558 4988 Paris,
577 4920 655 4989 1606,
681 4919 744 4976 in·8
761 4935 830 4992 ,pag⁸
849 4921 873 4988 l,
894 4929 921 4976 et

124 4988 243 5046 indictis
254 4990 417 5046 Sanctorum
431 4990 463 5045 il
479 4991 581 5059 Martii,
597 4999 624 5045 et
640 4994 667 5046 in
690 4990 843 5046 Mabillonii
858 5008 920 5048 saec.

123 5076 154 5116 rr.
171 5063 303 5118 Actorum
318 5061 502 5128 Benedictin.‚
519 5078 579 5134 pag.
593 5062 655 5118 253.
671 5063 795 5118 ilistoriu
809 5063 922 5119 miracu·

125 5132 212 5187 lorum
225 5135 253 5190 S.
269 5133 413 5202 Benedicti,
430 5133 532 5189 librum
545 5133 663 5204 primum
678 5132 725 5189 bic
738 5134 920 5202 adrevaldum

124 5205 302 5275 ependieem
326 5204 361 5262 ad
384 5221 458 5274 eum,
475 5203 630 5273 Adelerius,
656 5205 806 5261 monachus
825 5204 923 5262 itidem

157 5275 319 5345 oriaoensis;
334 5276 435 5333 librum
446 5275 596 5334 secundnm
606 5284 634 5333 et
643 5277 755 5334 tertium
765 5277 922 5347 Aimoinus,

974 4638 1046 4711 apud
1061 4641 1187 4695 eunrdem
1198 4641 1329 4697 loannem
1344 4658 1360 4696 a
1373 4642 1469 4712 bosco,
1485 4660 1546 4716 pag.
1562 4645 1646 4711 1³,et
1660 4647 1690 4702 iu
1703 4644 1772 4703 dctis

975 4711 1147 4780 Sanctorum,
1160 4718 1187 4766 et
1196 4714 1269 4783 apud
1282 4713 1487 4770 hlabillionium
1498 4716 1594 4772 seculi
1606 4734 1639 4787 rr,
1656 4732 1716 4790 pap.
1725 4716 1766 4782 er,

974 4781 1009 4837 86
1033 4789 1060 4838 et
1085 4782 1146 4838 369.
1162 4782 1241 4837 Liber
1263 4785 1294 4838 de
1316 4802 1426 4856 corpore
1448 4790 1472 4841 et
1499 4789 1631 4859 sanquine
1658 4785 1770 4853 Domini,

975 4859 1067 4907 contro
1085 4852 1214 4908 Jourtuem
1229 4855 1343 4923 Scotum,
1360 4857 1487 4927 vulgatus
1508 4859 1689 4927 aDacberiu‚
1701 4867 1770 4915 tomo

976 4923 1027 5004 Xll
1053 4922 1204 4996 Spicilegii,
1223 4932 1249 4980 ct
1262 4927 1353 4982 toml
1368 4926 1499 4984 editionis
1514 4945 1607 4999 novas,
1636 4947 1697 5004 pap.
1713 4926 1770 4986 lut.

980 4994 1038 5053 Vtin
1054 4995 1082 5050 S.
1099 4994 1325 5067 deprompseris
1343 4999 1492 5054 Maiensis
1507 5007 1531 5055 et
1540 5007 1685 5072 martyras,
1694 4998 1771 5058 occid

977 5080 1022 5121 an.
1037 5065 1100 5134 675,
1114 5066 1173 5122 siue
1188 5069 1299 5124 nominc
1315 5070 1435 5125 auctoris
1449 5071 1521 5152 apud
1548 5072 1664 5129 Surium
1675 5072 1694 5130 3
1706 5071 1771 5144 Sop-

977 5136 1379 5205 temb.,etrestitutaanctor1
1397 5158 1447 5198 suo
1464 5143 1657 5219 integriorque
1675 5143 1769 5201 inune.

978 5225 1010 5266 rr.
1024 5211 1156 5266 Actorum
1166 5209 1421 5283 Benedictinorum,
1437 5229 1498 5286 pag.
1512 5213 1578 5272 666.

673 5523 1216 5581 ...ψ-κ
