3834 6136
69 266 118 324 hil
587 271 905 337 Hibitnobodittit.
926 312 961 324 -
976 282 1080 344 MENS.
1102 286 1198 345 SEPT.
1671 301 1725 359 ΒΗ

70 392 152 449 babet
168 392 197 448 in
212 408 230 447 v
244 393 364 475 Kalend.
376 394 545 476 Decembris.
558 397 638 479 Apud
653 400 773 471 Indiam,
783 404 910 469 sanctiA
925 407 1048 533 zelorum
1062 413 1169 467 merita.
1192 413 1243 469 ·Se
1263 415 1340 472 nitur
1356 432 1419 489 pars
1443 419 1551 492 reliqua
1572 429 1675 480 textus.
1692 428 1724 483 ln

69 463 210 546 losapbat,
224 480 297 537 regis
311 472 339 522 et
348 465 530 548 conlessons;
544 484 626 550 cuyiis
638 480 741 552 ortum,
758 490 872 531 conver·
947 493 999 534 ne:
1019 481 1143 539 «Eodem
1151 482 1207 552 die,
1220 486 1247 541 in
1286 486 1454 546 ediolacensi
1463 493 1629 550 monasterio
1644 493 1724 567 juxta

70 551 173 593 sionem
189 541 218 592 et
231 543 308 606 resta
320 537 451 619 preclara
464 538 628 622 Vincentius
638 558 667 597 in
678 543 804 626 Speculo,
821 546 871 606 lib.
927 549 1079 621 l'reverim,
1095 556 1185 612 natale
1204 557 1290 615 sancti
1311 559 1451 617 boutwiui
1483 561 1576 620 archie
1596 538 1683 639 isc’opi
1698 575 1726 624 et

71 623 127 676 xri,
143 606 178 662 ad
194 607 504 690 longumprosequitur.
513 609 612 668 blandi
621 614 797 673 confessoris.
808 617 872 675 Tre·
926 622 1091 680 contessoris
1105 624 1227 696 ejusdem
1254 631 1399 688 antedictae
1416 603 1548 690 civ'itatis.
1577 578 1640 709 lpse
1667 637 1723 707 die,

71 695 123 745 cte,
140 677 270 734 Ursionis
284 679 415 760 monachi
429 688 456 737 et
470 683 648 763 couiessoris.
668 710 678 735 s
709 757 715 768 .
926 691 1052 774 inventio
1061 710 1110 752 oor
1130 698 1186 754 oris
1200 700 1288 757 sancti
1301 702 1406 758 Gisleni
1421 720 1436 760 e
1455 704 1542 778 iscopi
1553 706 1724 768 etcouiesso·

100 749 213 806 Honori.
226 750 260 807 de
272 750 417 819 Hiobaele,
429 761 491 824 post
503 761 611 823 certate,
626 763 716 813 textui
729 775 764 814 ex
773 759 871 818 Adone
925 780 974 819 ris.
986 765 1095 832 Trecas‚
1110 713 1182 825 ficati
1199 771 1323 829 Ursionis
1339 719 1477 830 monacssi.
1491 802 1500 824 ·
1523 779 1554 834 lii
1565 781 1724 849 posteriori·

68 822 227 878 interserit:
247 821 526 905 «Vertioeeiqiiidem
539 827 754 910 montisencelsi
770 833 869 903 posita,
924 834 976 890 biis
998 836 1168 896 editionibus
1196 843 1336 900 omittitur
1353 846 1442 918 prima
1471 848 1710 919 periodnseorum

68 892 98 949 de
111 909 229 965 corpore
244 893 368 965 eiusdem
383 911 443 950 saxi
458 898 597 977 spelunca
613 899 648 955 ad
670 909 757 957 instar
770 919 869 1030 greca·
923 923 984 1035 Ἑιιιι
998 924 1033 963 eii
1044 909 1140 966 Adone
1152 912 1363 985 interseruntur,
1381 934 1443 974 nam
1459 920 1488 974 iii
1504 918 1548 977 liis
1562 895 1725 995 incipitura’i

68 973 127 1021 iata
137 964 307 1022 ostenditur.
333 966 456 1023 Humano
473 976 565 1042 itaque
579 970 710 1041 pontifice
731 980 758 1029 et
781 974 869 1046 ‘ipon-
948 994 1042 1034 omorio
1057 981 1320 1058 siquidempontitlce
1342 995 1365 1042 et
1389 989 1527 1062 sipontino
1550 1010 1562 1047 e
1582 993 1669 1066 iseopo
1682 995 1724 1062 de,

69 1036 124 1117 tino
133 1037 279 1109 episcopo,
294 1036 328 1093 de
349 1040 556 1120 consecratione
568 1042 631 1123 'loci
645 1042 732 1113 ipsius
746 1061 869 1127 quaeren-
923 1056 975 1105 etc.
996 1052 1027 1106 lii
1050 1052 1106 1109 line
1132 1054 1166 1111 de
1184 1057 1313 1114 botwino
1335 1056 1495 1117 Treverensi
1519 1009 1623 1120 buffons
1649 1073 1680 1122 ut
1694 1065 1723 1122 in

68 1106 150 1174 tibiis,
166 1125 199 1166 ac
214 1116 360 1236 {reptem
370 1109 529 1186 triduanum
537 1128 675 1183 yeyunitim
686 1131 749 1171 cum
761 1118 870 1175 civibus
923 1121 1022 1246 prima.
1044 1124 1130 1182 Tum:
1164 1127 1282 1184 ‹Treons
1310 1130 1382 1186 beati
1405 1132 1530 1189 Ursionis
1545 1135 1685 1193 monachi.
1707 1160 1718 1185 ι

67 1179 216 1262 celebranti
239 1196 282 1248 us,
298 1186 381 1262 nocto
400 1180 501 1262 jejunii
521 1199 659 1266 suprema,
681 1195 792 1244 sanctus
813 1189 870 1244 Hi·
946 1209 1009 1249 um:
1034 1196 1107 1251 «Die
1136 1213 1163 1252 vi
1183 1199 1267 1255 esima
1294 1216 1367 1256 nona
1392 1204 1480 1260 sancti
1504 1206 1590 1276 patris
1613 1205 1723 1279 Cyriaci

66 1249 141 1308 chael
153 1267 300 1334 ,episcopo
314 1251 534 1335 Sipontinolper
558 1272 694 1337 visionem
724 1275 868 1387 apparens,
923 1264 1100 1322 anachorita.
1119 1293 1128 1315 ι
1148 1215 1219 1325 ιβιιιο
1233 1244 1426 1342 Μειιιιιιιιῖιιιι
1446 1276 1633 1332 narrationem
1650 1277 1724 1350 apud

66 1331 176 1404 monuit
189 1330 368 1404 utliutrarent
379 1324 533 1394 ecclesiam,
546 1342 629 1399 quam
644 1345 702 1401 ipse
718 1330 751 1386 de
773 1339 867 1401 icavit,
923 1333 1034 1391 Surium
1046 1336 1099 1394 hoc
1108 1339 1163 1395 die.
1172 1342 1297 1414 Denique
1306 1343 1339 1398 de
1350 1345 1497 1400 inventione
1507 1348 1628 1418 corporis
1638 1348 1724 1405 suncti
1826 1340 1829 1344 ’

65 1401 91 1449 et
104 1409 206 1477 missas
220 1393 260 1451 ihi
275 1401 359 1466 Juxta
375 1411 482 1478 moreni
495 1408 617 1469 agerent.
634 1400 783 1457 Innumero
795 1419 870 1475 quo·
924 1405 1024 1461 Histeni
1038 1408 1151 1481 episcopi
1176 1418 1199 1467 et
1214 1413 1371 1540 congesseris
1385 1423 1547 1489 repetuntur
1565 1434 1625 1492 quac
1640 1432 1722 1493 supra

66 1480 118 1538 que
133 1465 175 1522 ibi
189 1472 355 1538 prestantur
368 1464 501 1524 benelicia
512 1485 560 1542 per
575 1479 732 1528 sanctorum
747 1474 870 1531 arcban-
923 1476 997 1533 dicta
1012 1480 1119 1536 suntin
1135 1482 1221 1554 priori
1237 1499 1251 1540 e
1271 1485 1369 1543 itione.

70 1617 168 1675 Pridie
180 1618 248 1677 Hei.
1644 1641 1649 1654 ’

104 1707 138 1762 Ιιι
154 1706 252 1766 Galliis
264 1714 352 1768 cestro
363 1706 508 1782 Soloiloro,
521 1710 612 1787 passio
627 1721 785 1771 sanctorum
796 1723 949 1789 martyrum
962 1716 1084 1776 Victoris
1096 1728 1124 1777 et
1135 1717 1208 1792 Ursi,
1224 1737 1259 1779 ex
1277 1722 1398 1796 gloriosa
1410 1724 1519 1797 legione
1537 1638 1722 1800 Τὴοὺὲιῖιιῗὲ

66 1794 114 1870 qui
128 1797 223 1869 primo
236 1797 306 1857 diris
319 1800 465 1875 suppliciis
475 1802 657 1869 cruciati,sed
667 1804 770 1861 coelesti
792 1821 876 1878 super
889 1822 935 1865 eos
948 1808 1054 1864 lumine
1068 1819 1229 1867 coruscante
1244 1813 1389 1869 ruentibus
1404 1813 1434 1870 in
1454 1822 1554 1873 terram
1575 1819 1721 1889 ministris,

65 1886 154 1960 erepti
169 1894 258 1956 sunt3
274 1887 376 1947 delimo
385 1890 415 1946 in
427 1891 521 1963 ignem
538 1891 681 1960 missi,sed
696 1892 726 1949 in
735 1894 813 1950 nullo
821 1893 931 1966 penitus
945 1897 1170 1965 lasi,noiiissime
1185 1899 1276 1970 gladio
1284 1901 1469 1958 consummati
1484 1905 1667 1965 suntliodem
1677 1908 1723 1964 die

64 1975 137 2048 apiid
152 1975 298 2034 Bethleem
313 1978 402 2049 iudai,
418 1979 556 2054 depositio
569 1980 644 2037 beati
656 1982 819 2056 Hieronymi
833 1982 995 2056 presbyteri,
1012 1984 1059 2058 qni
1074 1984 1145 2041 obiit
1159 1988 1333 2044 annositatis
1348 2004 1404 2045 suae
1419 1991 1598 2063 nonagesimo
1613 2000 1722 2063 moto,

64 2076 159 2124 menae
172 2064 264 2126 sexto
283 2064 404 2127 Ciuitate
417 2070 567 2139 Placentia,
581 2071 668 2128 sanmi
684 2071 819 2128 Antonini
839 2073 1013 2132 contessoris.

100 2267 142 2324 lta
153 2267 209 2324 soli
223 2267 349 2339 Protei,
362 2269 511 2341 Heiinien,
531 2273 688 2341 toracem,
703 2272 813 2329 drocen.
828 2183 971 2331 εῗίῗοῗιι.

661 2397 864 2458 VAHIANTES
883 2397 1088 2458 tentiones.

99 2495 214 2556 Duabus
227 2499 429 2560 notatiuncniis
449 2503 641 2561 absolvuntur.
666 2503 697 2559 lii
719 2501 860 2559 Herinien.
876 2505 900 2566 Β
917 2502 984 2570 lan,
1000 2519 1086 2559 mense
1100 2502 1187 2573 tertio,
1201 2520 1250 2577 pro
1266 2522 1352 2562 mense
1374 2512 1459 2564 ceam.
1483 2510 1523 2566 De
1536 2508 1718 2572 choruscante.

66 2581 115 2640 pro
128 2570 214 2644 erepn'
224 2577 289 2629 ient
303 2572 405 2648 tegitur
417 2574 494 2632 erecti
509 2581 580 2633 cunt.
594 2574 624 2633 ln
638 2572 756 2632 Greven.
771 2581 799 2630 et
807 2573 863 2630 Ho-
918 2574 1057 2644 Bethleem,
1076 2575 1240 2643 iheronimo,
1260 2578 1405 2648 ieronimo,
1423 2588 1489 2648 eto,
1503 2581 1570 2638 satis
1583 2581 1719 2655 diximus,

741 2692 1042 2757 OBsEliVA'l'lONES.

99 2794 208 2870 Signati
242 2797 312 2854 rimo
322 2794 384 2853 loco
398 2796 500 2869 gemini
516 2805 650 2872 martyres
664 2795 750 2857 Victor
764 2805 791 2853 et
809 2797 865 2855 Ur·
920 2794 998 2876 Actis
1025 2793 1251 2876 Hieronymianis
1264 2799 1438 2857 illustrandis
1445 2801 1594 2858 utilissime
1605 2802 1720 2860 subser-

65 2884 110 2925 ιω
123 2884 160 2925 ex
175 2810 283 2944 inclyta
297 2868 479 2926 'l'hehaeorum
493 2870 600 2942 legione
615 2869 644 2925 iii
659 2869 736 2926 Actis
750 2868 864 2927 Euche-
919 2874 1007 2934 vient,
1022 2874 1064 2922 uti
1077 2875 1104 2923 et
1118 2884 1150 2923 ea
1164 2886 1225 2940 quie
1237 2870 1266 2925 in
1279 2871 1514 2953 nuperaOpernm
1529 2872 1719 2956 Hieronymia-

64 2940 151 2998 rianis
162 2941 262 2998 saltem
277 2939 389 2996 nomine
410 2954 444 3012 ap
464 2941 594 3010 ellantur,
614 2939 645 2996 in
661 2941 716 2997 anti
739 2940 865 2997 uiorlbus
919 2947 1067 3006 norum,et
1076 2949 1170 2996 secuta
1180 2940 1369 3000 vitaeGattiea
1384 2943 1515 3002 editione.
1531 2944 1720 3004 ahlertianaeo

64 3008 284 3085 ttinyiotoyiis,
309 3016 340 3067 nt
360 3018 425 3068 suut
440 2958 667 3094 Hieronymiana,
680 2958 753 3068 Bega
766 3019 793 3068 et
813 3013 864 3068 Ho·
919 3009 1063 3066 observata
1076 3019 1152 3092 sunt,
1177 3015 1385 3092 complurimis
1403 3016 1505 3072 nostris
1519 3019 1718 3087 monumentis,

64 3098 181 3140 manum
194 3083 606 3156 parvum,omninopraeteriti;
622 3084 757 3158 quidquid
772 3099 863 3139 reeen-
919 3088 978 3136 tuni
1004 3091 1209 3154 manuscriptis,
1225 3092 1284 3140 tum
1304 3087 1425 3153 excusis,
1452 3103 1502 3142 suo
1517 3087 1578 3142 loco
1598 3087 1720 3145 iuActie

64 3155 117 3213 tior
131 3153 240 3237 aliquis
266 3161 293 3212 et
315 3151 549 3229 Hieronymianus
563 3155 672 3213 codices
686 3164 712 3212 et
728 3155 863 3212 editorem
918 3152 1112 3233 examinanda,
1130 3161 1156 3208 et
1171 3171 1220 3226 pro
1236 3156 1414 3227 inclytissimi
1430 3157 1517 3214 sancti
1531 3158 1630 3214 merito
1641 3160 1719 3216 lucu·

64 3225 269 3283 Florentinium
302 3224 404 3283 irustra
431 3228 540 3299 alleget.
569 3229 608 3284 De'
633 3226 719 3284 altero
751 3227 862 3296 Victore,
919 3222 1714 3305 leutiusexoriianda.Locumbicsibipostulatmetricum

64 3296 241 3355 hauritianis
254 3305 446 3367 annumerato,
464 3297 582 3371 aliisque
597 3300 703 3370 egimus
718 3314 778 3353 iiiiii
792 3296 864 3369 Sep·
918 3293 1107 3352 Wanilaiberti
1122 3312 1178 3351 non
1193 3296 1261 3352 adeo
1277 3298 1344 3354 rude
1359 3299 1535 3358 encomium:

65 3369 191 3426 tembrie.
207 3367 261 3438 Qut
287 3367 371 3426 bodie
399 3370 539 3439 coluntur,
555 3370 590 3427 ab
613 3369 708 3426 Adone
723 3368 752 3425 iii
772 3385 863 3425 sacros
1195 3383 1200 3388 ·

66 3440 297 3514 Fastoaprimum
314 3440 612 3512 relatisunt,cumelo
631 3441 822 3508 io,exActiso
843 3441 864 3495 i·
983 3471 1262 3522 Instructordooiitnae
1289 3477 1304 3524 b
1332 3489 1343 3523 Γ
1376 3476 1429 3525 ’d
1503 3483 1511 3526 ι
1555 3478 1588 3488 ..

66 3511 308 3594 310¹i¹⁰¹¹lll⁰¹⁸lb¹1³
316 3512 557 3596 ⁰⁰¹¹lf²0l9s⁰¹¹l¹1⁸
568 3458 715 3594 megllnam
724 3512 810 3568 [ΜΓ
832 3528 863 3593 ¹3⁸
981 3534 1153 3597 Hieronymus
1166 3535 1248 3598 pridie
1261 3489 1415 3601 ἐειξῗειῗέῗιι
1424 3491 1668 3594 Uilllalitiliatlleweliliiliiqtlilsitii'

66 3599 94 3639 in
108 3590 191 3641 textu
213 3584 344 3642 selectam
370 3584 501 3642 reddidit.
531 3585 600 3641 Acta
614 3584 707 3657 aliqua
724 3599 759 3638 ex
774 3582 863 3639 Gallia

66 3653 210 3728 deportata
222 3654 311 3714 edidit
324 3654 432 3725 Surius,
447 3655 495 3713 sed
516 3672 597 3730 quam
617 3662 723 3713 aetatem
743 3654 862 3726 sapiant,
953 3650 1006 3719 Qui
1021 3650 1152 3707 ultimum
1173 3652 1269 3733 locum
1284 3651 1535 3725 impletPlacentiai
1554 3658 1719 3728 Antoninus,

65 3734 113 3784 aut
125 3741 182 3800 qna
194 3727 487 3796 valeantauctoritate,
509 3735 540 3784 nt
560 3727 708 3783 minimum
726 3725 862 3782 incertum
917 3724 999 3780 uobis
1012 3722 1155 3793 consessor,
1171 3740 1195 3779 is
1210 3723 1239 3779 iii
1259 3724 1418 3782 Corbeieusi
1433 3734 1550 3784 vocatur
1566 3728 1721 3786 Antoninos

65 3805 118 3867 est,
130 3806 257 3872 necpiitc
272 3799 430 3856 verosimile
444 3815 475 3855 ea
493 3799 585 3856 Adoni
601 3798 772 3871 praeluxisse,
787 3806 864 3855 tam·
916 3803 1031 3866 martyr,
1044 3795 1072 3849 iii
1087 3794 1150 3850 aliis
1165 3811 1231 3850 vero
1242 3794 1467 3870 Hieronymianis
1481 3815 1582 3871 apogra
1602 3800 1646 3856 his
1661 3805 1715 3858 An·

65 3870 121 3927 etsi
131 3869 163 3925 in
178 3869 312 3943 principio
323 3869 396 3927 baud
411 3872 528 3927 multum
544 3869 578 3926 ah
592 3869 652 3942 ejus
666 3868 793 3926 encomio
808 3869 862 3926 dis·
918 3866 1032 3933 thonius,
1044 3865 1087 3922 vel
1099 3865 1234 3949 Antonios
1250 3867 1413 3941 simpliciter
1433 3868 1538 3942 absque
1551 3817 1609 3927 ulfo
1622 3870 1716 3929 titulo.

65 3949 191 4015 crepent.
205 3943 249 3999 An
264 3939 332 4015 qnid
355 3941 422 3999 novi
450 3940 628 4015 suppeditent
643 3939 712 3997 Acta
725 3940 797 4012 apud
812 3957 863 3997 nos
918 3939 957 3994 De
971 3953 1004 3992 eo
1020 3938 1106 3993 multa
1119 3936 1162 3992 dis
1182 3946 1248 3994 uirit
1264 3940 1462 4000 Florentinius.
1486 3941 1602 3999 lectores
1616 3945 1717 4000 remit-

66 4022 145 4081 mts„
160 4028 212 4071 eno
235 4013 296 4071 loeo
319 4013 533 4071 examinabitur.
564 4012 651 4069 Victor
674 4012 757 4076 alius,
785 4010 864 4082 cujus
919 4016 980 4064 tens
994 4008 1063 4090 ad..¹¹
1078 4015 1105 4062 et
1118 4026 1147 4063 iii
1160 3954 1338 4089 goptembris,
1350 4011 1556 4084 quibusdiebus
1568 4014 1650 4070 etiam
1666 4022 1717 4072 iios

68 4084 277 4142 translationem
299 4082 530 4143 Mediolanensem
568 4083 784 4156 Hieronymiana
814 4082 866 4139 hoc
919 4079 953 4135 de
974 4096 1060 4135 variis
1078 4078 1222 4134 Antoninis
1236 4088 1263 4135 et
1276 4082 1399 4136 Antoniis
1413 4083 1521 4139 abunde
1531 4085 1649 4155 egimus,
1666 4101 1717 4142 nec

67 4154 111 4212 die
135 4155 290 4226 celebrant,
317 4173 372 4214 non
396 4173 431 4213 ex
457 4156 636 4213 Tbebaeorum
665 4170 791 4223 numero,
816 4153 863 4210 sed
880 4130 902 4190 (ἶ
918 4151 1001 4232 modo
1014 4149 1164 4223 quidquam
1186 4166 1349 4221 magnopere
1364 4153 1485 4231 occurrit
1507 4156 1581 4225 quod
1596 4165 1716 4214 versatas

67 4227 327 4297 attentatarum
350 4228 453 4298 Africa,
478 4244 511 4284 eo
534 4226 641 4283 delatus
664 4226 797 4288 creditur.
824 4226 864 4282 De
918 4223 958 4277 ibi
973 4220 1099 4277 tenebras
1126 4236 1197 4275 novo
1225 4222 1369 4291 splendore
1391 4221 1530 4291 dispoliat.
1550 4224 1619 4279 Acta
1642 4228 1715 4297 apud

83 4299 267 4356 loriosissimo
276 4299 406 4358 Ecclesia
421 4299 532 4358 doctore
542 4298 700 4369 Hieronymo
713 4298 865 4369 loquuntur
918 4294 1029 4372 Petrum
1045 4291 1073 4345 iii
1097 4289 1235 4371 Cataloyo,
1254 4290 1301 4347 tib.
1329 4309 1391 4374 .V¹.¹¹’
1416 4307 1475 4416 cap.
1494 4291 1715 4364 tatemerem

67 4315 265 4445 ltanyiotoyis
286 4379 314 4429 et
340 4381 519 4429 monumenta
544 4371 599 4426 alia
619 4370 731 4442 passim,
746 4377 864 4439 suntque
919 4363 1078 4435 praedicant,
1101 4377 1147 4432 qui
1169 4362 1200 4416 de
1215 4363 1376 4418 Placentinis
1398 4362 1446 4433 tim
1464 4379 1494 4415 us
1522 4380 1650 4433 cyrenei,
1668 4383 1716 4436 per

67 4442 193 4499 Hocloro
207 4443 307 4511 onnia,
323 4443 415 4517 inquit
440 4441 639 4509 Florentinlus,
659 4449 689 4495 ut
703 4439 865 4509 recoynemic
920 4434 1067 4490 Orieiitolcs
1080 4433 1231 4502 prouincias
1249 4434 1459 4503 pertiunsioeri't,
1479 4439 1503 4489 et
1518 4436 1603 4490 inulto
1626 4436 1717 4492 miro-

67 4514 495 4588 noneideontarHieronymiana
514 4514 554 4571 sic
565 4511 675 4568 habeut:
687 4510 720 4567 ln
730 4510 864 4565 territorio
918 4507 978 4561 culo
992 4504 1083 4584 fecerit
1095 4503 1198 4584 demmn
1211 4505 1248 4560 ori
1259 4504 1347 4559 urbem
1361 4522 1437 4560 suom
1451 4505 1564 4573 rediens,
1580 4514 1632 4563 etc.
1648 4507 1716 4580 Sup-

68 4584 300 4658 Jerototymitono,
325 4586 451 4659 depositio
466 4585 549 4641 sancti
566 4583 695 4640 tei-oniini
708 4581 862 4654 presbyteri.
938 4575 1031 4656 onitur
1043 4574 1127 4656 luisse
1143 4575 1326 4656 nibilominus
1345 4593 1380 4633 ex
1402 4578 1427 4632 le
1447 4576 1714 4637 rocethebaeadie-

68 4655 153 4713 Beda:
175 4649 210 4714 ln
226 4656 355 4714 Bethleem
369 4659 451 4726 liudo,
472 4656 597 4729 depositio
616 4654 700 4711 sancti
713 4652 865 4722 Hieronymi
918 4593 1036 4728 Sidenoi
1053 4654 1079 4702 et
1099 4647 1210 4702 titulum
1221 4593 1546 4731 etollicinmeii'ssetroin
1561 4651 1715 4709 Romanum

100 4729 224 4800 eabyteri.
235 4727 366 4799 Additur,
374 4730 420 4800 qui
430 4729 494 4785 obiit
504 4744 574 4784 enno
584 4726 751 4798 nonoyesiino
763 4724 862 4796 primo.
921 4718 1085 4799 hodiernum
1103 4729 1254 4800 perperam.
1267 4738 1294 4775 ni
1310 4719 1403 4800 ¹fallor,
1418 4736 1570 4792 irrepsisse.
1587 4723 1717 4780 Antonini

66 4743 166 4856 licius
186 4804 272 4857 breis
303 4800 422 4873 elogium
451 4799 626 4870 interposuit,
641 4799 769 4855 Habanus
783 4796 865 4869 paulo
921 4790 1004 4861 huyus
1018 4797 1045 4845 et
1060 4791 1172 4847 alterius
1184 4791 1313 4847 Antonini
1328 4792 1513 4863 Appomiensis
1525 4798 1591 4850 Acta
1606 4812 1716 4869 quoquo

69 4869 188 4944 lougius,
203 4871 252 4928 sed
267 4872 295 4927 in
319 4888 454 4928 annorum
468 4887 584 4927 numero
609 4869 689 4925 Beda
704 4868 862 4926 adversans.
918 4869 998 4935 pacto
1011 4862 1143 4919 conlundi
1159 4879 1294 4935 agnovere
1309 4864 1451 4920 Ferrarius
1464 4872 1490 4920 et
1506 4866 1712 4922 Florentinius:

69 4939 223 5000 Romanum
251 4960 367 5017 parium
396 4941 556 5000 brevissime
595 4948 687 4997 notat:
724 4941 862 5006 Bethleem,
918 4949 980 5002 nos,
996 4949 1030 4989 ne
1047 4934 1091 4990 bic
1102 4934 1179 4990 tricis
1194 4935 1382 5000 involvamur,
1407 4935 1466 4991 haec
1481 4937 1574 4992 omnia
1589 4953 1639 4991 suo
1655 4936 1715 4990 loco

69 5010 224 5086 Hieronymi
235 5015 403 5088 presbyteri:
422 5030 503 5088 quani
526 5012 688 5070 brevitatem
707 5016 865 5084 compensat
919 5004 1091 5061 discutienda
1107 5007 1300 5077 relinquimus.
1317 5005 1395 5062 Certe
1425 5006 1499 5061 baud
1525 5006 1643 5062 dubium
1672 5011 1713 5060 est

70 5081 186 5144 deducta
198 5085 289 5143 insius
303 5087 332 5142 in
347 5086 443 5143 Adone
458 5102 520 5143 cum
536 5100 649 5157 operum
659 5082 774 5139 elencho
788 5081 862 5148 Vita,
920 5078 988 5149 quin
1005 5075 1143 5132 Usuardus
1156 5092 1189 5130 ex
1208 5077 1301 5148 aliquo
1313 5077 1529 5149 llieronymiano
1543 5075 1714 5132 Antoninum

69 5169 101 5211 ex
119 5173 176 5231 qna
191 5158 331 5216 Usuardus
341 5158 507 5231 paucissima
517 5156 647 5222 extraxit,
659 5161 766 5210 seriata
777 5152 865 5208 atatis
919 5147 1066 5227 acceperit.
1077 5162 1138 5200 cum
1147 5146 1210 5227 aliis
1220 5146 1351 5227 omnibus
1360 5146 1716 5227 Hartyioloyisincognitus

69 5224 310 5298 determinatione,
339 5247 390 5288 nec
406 5228 486 5286 Beda
509 5244 560 5285 nec
582 5226 693 5284 Habano
716 5221 862 5281 conformi.
918 5219 964 5287 sit,
993 5226 1076 5273 etiam
1104 5215 1207 5297 Adoni,
1233 5234 1278 5274 ciii
1309 5217 1425 5273 Usuardi
1452 5216 1536 5273 verba
1558 5216 1592 5272 ab
1620 5218 1716 5290 aliquo

70 5296 224 5358 videantur
251 5301 363 5358 Barouii
392 5300 560 5357 Notationes.
581 5295 741 5369 Hieronymi
770 5294 863 5350 Vitam
918 5289 1055 5370 adscripta
1070 5285 1373 5355 fuerint,ahiosandro
1387 5294 1416 5342 et
1434 5287 1588 5369 Hosweydo
1604 5287 1715 5370 rejecta.

70 5380 126 5440 post
140 5373 212 5430 alios
242 5372 404 5446 diligentius
425 5366 694 5442 collegitblarianus
712 5364 862 5432 Victorius,
918 5359 1047 5416 Pluribus
1057 5372 1125 5430 opus
1134 5374 1191 5415 non
1200 5367 1241 5416 est
1255 5367 1287 5415 ut
1300 5365 1394 5414 textus
1408 5356 1557 5415 Ueuardini
1572 5366 1716 5434 integritas

71 5441 132 5500 iliis
156 5445 206 5501 alii
234 5444 455 5517 spoponderunt;
480 5442 561 5498 nobis
586 5441 660 5497 viam
688 5436 863 5512 presignavit
919 5429 1086 5488 stabiliatur.

71 5509 264 5574 lillemontius
278 5515 412 5573 tomolill
423 5514 511 5571 multa
520 5512 627 5570 erudite
636 5511 796 5583 disponens,
805 5523 866 5581 quai
879 5496 905 5555 D

800 5629 992 5692 AUCTAHIA.

102 5737 331 5805 mmm,
351 5741 439 5804 ymni
453 5759 524 5818 pum
541 5742 655 5803 subdit:
678 5763 687 5788 ι
714 5739 784 5818 leam
808 5735 869 5809 ipsc
962 5732 1110 5814 Hosnnin.
1127 5727 1156 5784 in
1171 5735 1320 5812 textunon
1348 5728 1464 5813 omnino
1479 5745 1564 5805 purus
1585 5743 1635 5804 est,
1651 5737 1721 5817 etin

70 5813 112 5874 die
124 5817 241 5878 civitate
246 5813 430 5888 Dorohernia,
444 5813 533 5874 tancti
547 5813 664 5873 Honorii
679 5808 873 5882 archiepisco·
928 5804 984 5887 fine
997 5803 1107 5886 adyicit:
1132 5801 1218 5884 ‹lpso
1230 5799 1288 5885 die,
1303 5800 1440 5876 depositio
1453 5805 1747 5888 substilissimus

69 5886 96 5960 pi
105 5896 134 5948 et
147 5889 328 5950 contessoris.
353 5911 368 5942 »
930 5875 1112 5952 cbiepiscopi.
1125 5871 1183 5946 Qui
1193 5881 1313 5953 quintus
1335 5890 1356 5935 a
1378 5872 1471 5937 heato
1487 5876 1762 5952 mmmmm

250 5989 367 6048 Parnoi.
388 5984 515 6051 CXXIV.
1553 5976 1589 6032 ῃ

981 3408 1110 3469 interpres
1120 3409 1185 3470 legis
1199 3413 1346 3475 veterisque
1358 3427 1483 3477 novaeque
1496 3415 1628 3477 probatus,
