3834 6136
49 186 106 245 tte

589 154 906 245 nanrmonmmu.
927 215 961 233 -
981 184 1086 245 unns.
1106 188 1177 246 soc.

1654 189 1708 252 fib

142 327 189 368 m:
216 309 250 366 ia
271 305 378 377 Africo,
398 307 535 378 ioaaurii,
559 309 669 378 Norici,
692 310 808 368 Nabaris
830 313 890 372 etA
903 319 992 386 ptum.
1007 311 1104 370 Noster
1119 313 1239 397 muenia
1250 311 1393 384 delibavit,
1418 313 1484 372 satis
1499 330 1591 443 parce,
1603 324 1707 400 utre-

908 400 969 440 rnm
985 383 1424 458 fatear,promaterm,abAdone
1435 393 1489 443 ιοιο
1509 388 1705 463 argedrgestae,

73 383 159 441 elicis.
184 382 222 438 iit
245 378 339 436 eadem
364 386 405 435 est
430 379 708 453 Hieronymianomm
735 383 851 454 phrasis,

50 457 106 515 nisi
123 451 199 529 quod
212 450 282 508 socii
305 450 418 525 adjungi
441 451 629 519 videantnr‚a
650 453 751 510 nostris
772 455 853 526 plana

50 525 196 602 expuncti.
207 523 306 582 Citatis
312 522 369 594 jam
382 522 474 580 verbis
485 523 673 597 superaddidit
688 525 854 583 Viennensis

50 608 79 658 et
92 616 128 656 ex
139 615 174 655 eo
187 595 336 662 thlrerus,
353 594 553 664 damliatcram,
568 614 599 654 ac
611 605 758 669 praeterea:
777 600 854 666 Quo-

48 689 111 729 rrarrt
121 685 239 740 corpora
256 656 438 727 dfedioicaana
451 669 583 724 boasiota
605 675 675 725 sant.
693 669 853 741 Suspectam

50 741 264 802 translationem
291 738 420 794 habuisse
448 737 559 795 videtur
595 738 746 806 Usuardus,
781 748 853 797 certe

50 832 109 874 eam
125 812 242 870 silentio
256 810 338 882 plane
351 809 482 876 involvit,
504 809 650 867 decaetero
668 811 853 867 annuntiatio·

52 903 115 944 nem
130 892 220 943 tutam
237 899 273 939 ex
286 881 384 938 Adone
398 881 546 950 accipiens.
565 882 670 954 blegne,
687 883 783 939 saltem
800 900 854 955 po-

52 958 199 1016 steriorum
215 954 348 1018 ducrum,
365 968 428 1009 cum
447 953 547 1011 Victore
561 954 667 1021 bibaro,
684 953 718 1008 de
732 970 786 1027 quo
800 954 855 1026 egi·

53 1046 115 1087 mus
127 1044 179 1084 vrn
194 1023 273 1093 braii,
288 1024 418 1091 affinitas,
432 1023 500 1080 adeo
510 1032 541 1080 ut
554 1025 623 1081 Acta
638 1025 666 1079 in
680 1025 776 1081 multis
790 1041 855 1082 con·

54 1101 148 1157 venire
160 1097 305 1155 dicantur.
322 1094 393 1153 Vide
405 1095 614 1152 l'illemontium
629 1103 703 1152 tomo
716 1095 752 1164 V,
766 1112 853 1169 apag.

53 1173 112 1231 att.
140 1168 344 1229 Celeberrimos
363 1166 484 1239 virgines
512 1168 639 1239 Rufinum
658 1172 685 1222 et
708 1168 854 1224 secuudum

909 453 1087 513 abundantia.
1104 457 1183 514 Hunc
1206 473 1329 514 suasum
1351 457 1417 514 sisse
1441 467 1547 515 constat
1570 475 1606 517 ex
1628 461 1706 519 Actis

908 523 986 600 ipsis,
1005 544 1065 599 quae
1080 543 1096 582 a
1111 528 1270 585 Mambritio
1285 537 1311 584 et
1325 473 1407 584 qaum
1426 536 1519 602 postea
1532 529 1607 587 edita
1620 540 1704 600 sunt,

908 614 1023 681 quaque
1037 599 1209 672 antiquitatis
1228 616 1283 657 suae
1298 606 1394 656 testem
1408 599 1511 656 habeut
1534 601 1705 673 Aldeimum,

908 670 1055 741 Virgrnum
1071 672 1266 741 encomiasten,
1287 671 1410 745 aliosque
1424 680 1540 729 veteres.
1555 673 1609 729 Pro
1630 673 1708 732 ints·

909 742 1006 814 gnitate
1019 748 1072 798 stat
1092 743 1242 809 baronius;
1270 749 1366 799 contra
1387 744 1513 800 sentiunt
1528 745 1706 814 recentiores,

909 813 1008 885 quibus
1028 812 1113 869 ferme
1126 814 1231 870 accedit
1246 813 1442 870 Tiiiemcntius
1456 821 1533 871 tomo
1543 816 1592 886 IV,
1606 833 1667 890 pag.
1679 816 1708 887 5,

908 883 955 940 sed
971 883 1089 940 maxirne
1123 901 1163 956 ag.
1180 885 1242 942 584.
1268 885 1407 942 illustrem
1423 887 1515 945 boma
1540 903 1634 944 carum
1650 904 1709 945 mc·

909 953 1026 1011 moriam
1054 900 1150 1026 proflat
1184 956 1389 1038 vetustissimus
1428 958 1601 1040 episcopatus
1629 960 1709 1017 Siloa

909 1026 1037 1095 candida,
1053 1034 1114 1097 pust
1128 1028 1181 1084 loci
1197 1044 1367 1085 eversionem
1383 1029 1528 1086 Portueusr
1543 1029 1709 1088 unitus.Scd

908 1097 1044 1170 quidquid
1059 1097 1093 1154 dc
1107 1097 1152 1155 his
1166 1108 1258 1171 postea
1279 1099 1456 1157 statuendum
1480 1101 1526 1170 sit,
1552 1109 1625 1175 patet
1640 1101 1709 1158 inte·

909 1167 974 1236 rim,
989 1177 1021 1224 ut
1035 1185 1118 1242 supra
1130 1169 1266 1238 dicebam,
1286 1171 1534 1245 Martyrologomm
1550 1180 1709 1230 nostrorum

54 1244 118 1302 solis
127 1239 295 1299 nominibus
304 1237 454 1311 appellarit
464 1239 617 1297 Romanum
627 1254 752 1312 parvum:
766 1240 855 1296 boma

55 1316 156 1388 baina
171 1311 336 1369 clamanda.
361 1308 416 1366 lias
434 1308 506 1382 apud
527 1310 636 1366 codices
655 1310 855 1382 Hieronymia-

56 1403 112 1455 nos,
137 1401 224 1456 supra
255 1381 374 1438 laudatis
397 1380 528 1438 fratribus
556 1382 702 1449 immistas,
727 1380 855 1438 observat

57 1457 245 1516 llorentinius
258 1453 394 1510 nonnulla
407 1452 437 1508 in
460 1468 554 1509 earum
569 1452 678 1509 laudem
695 1468 853 1526 congerens.

57 1533 105 1586 Ast
118 1528 182 1585 Ado
194 1524 308 1583 uberius
321 1540 379 1580 rem
392 1531 562 1596 prosecutus,
580 1524 691 1596 prolixo
705 1540 750 1580 eas
767 1541 855 1580 orna-

59 1601 99 1656 rit
113 1598 218 1670 elogio,
241 1598 371 1652 Actomm
390 1594 520 1652 videlicet
542 1595 660 1667 eleganti
679 1595 854 1668 compendio,

60 1671 132 1747 quod
149 1668 251 1727 mirum
266 1674 305 1725 est
318 1666 464 1725 ailctkero
476 1682 532 1724 non
542 1666 647 1740 integre
662 1666 746 1723 fuisse
756 1666 854 1724 descri·

909 1240 1112 1308 convenientia,
1139 1248 1167 1296 et
1189 1258 1224 1298 er
1246 1241 1388 1298 codicibus
1416 1243 1590 1312 Usuardinis,
1615 1244 1711 1302 nativa

910 1310 1026 1368 Usuardi
1041 1312 1127 1381 ipsius
1136 1312 1309 1385 simplicitas.
1324 1315 1364 1371 bc
1374 1314 1433 1372 sola
1446 1314 1536 1388 prima
1551 1316 1638 1377 classa
1653 1330 1709 1371 me·

911 1381 994 1439 minit
1008 1381 1222 1441 wandalbertus
1236 1401 1242 1441 :

973 1551 1053 1602 Sexto
1069 1567 1191 1616 germana
1208 1554 1369 1667 Christupro
1379 1563 1448 1606 sorte
1460 1569 1581 1607 coronam

974 1616 1099 1676 l'rogenic
1111 1626 1219 1691 septena
1233 1618 1302 1668 dicat
1335 1618 1435 1667 elicitas
1450 1617 1542 1693 ulma..

975 1678 1059 1737 Quam
1071 1688 1170 1743 genuit,
1192 1687 1344 1746 gratamque
1357 1680 1412 1732 Dec
1430 1687 1556 1746 praemunt
1576 1681 1708 1734 adaram.

788 1802 979 1861 AUC'l'AlilA.

87 1907 254 1963 'i'onreacnrc
273 1919 301 1960 se
322 1910 375 1959 tem
398 1901 513 1957 fratmm
527 1900 801 1969 nominaenumerat,
812 1899 897 1961 sedb
914 1901 978 1958 tuiis
992 1903 1169 1971 etliartiaiis,
1185 1906 1279 1962 bomar
1292 1921 1434 1977 passorum
1457 1904 1585 1964 feliciter.
1604 1907 1712 1967 nunna

60 1977 157 2035 omisso
169 1975 272 2047 elogio.
311 1981 392 2030 astera
406 1972 499 2029 omnia
513 1989 581 2044 pura
595 1980 669 2028 sunt.
913 1983 941 2030 et
955 1974 1087 2031 Secundae
1098 1976 1239 2048 uirginum
1254 1983 1280 2033 el
1296 1984 1460 2050 martyrum.
1472 1976 1642 2051 Amelberga
1657 1980 1713 2036 vir·

87 2050 249 2106 Ρυιοιιιειι.
266 2047 295 2102 in
309 2045 399 2118 prima
411 2061 506 2116 purus,
523 2043 663 2117 adjungit:
692 2044 784 2100 ‹ttem
799 2044 859 2099 tto-
914 2045 985 2119 ginis
1000 2046 1029 2102 in
1046 2047 1212 2105 Gaudete.»

61 2138 115 2191 uae,
137 2127 302 2178 sanctarum
335 2115 476 2191 virginum
497 2113 604 2174 Rufina
627 2121 655 2172 et
681 2114 852 2174 Secundae·
948 2118 1047 2175 Enrrro
1061 2119 1268 2190 huneco-Con,
1283 2119 1313 2176 in
1328 2117 1417 2192 prima
1430 2121 1641 2181 annuntiatione
1655 2139 1712 2179 mo·

60 2194 160 2251 besum
175 2190 296 2264 reliqua.
913 2188 975 2246 dice
1001 2190 1074 2247 inter
1094 2191 1177 2260 olata,
1207 2193 1247 2250 sic
1268 2191 1351 2248 habet
1370 2193 1492 2251 secundo
1506 2193 1582 2253 loco:
1619 2195 1712 2252 «item

88 2266 243 2323 boswnun.
259 2261 349 2319 textui
370 2275 439 2333 puro
453 2256 613 2332 subjungit:
642 2260 733 2317 «item
758 2267 858 2317 sancta
913 2262 1017 2330 Romae,
1033 2208 1141 2319 mifiaro
1156 2263 1273 2332 decimo,
1289 2270 1445 2321 sanctarum
1456 2265 1501 2321 vir
1519 2266 1597 2323 inum
1606 2265 1712 2325 Rufina

60 2335 227 2407 Amelbergae
241 2333 370 2407 virginis.
386 2357 396 2381 »
914 2341 941 2389 et
954 2333 1086 2391 Secundae
1100 2351 1239 2392 sororum.
1259 2336 1326 2416 Quae
1342 2351 1378 2391 ert
1392 2345 1468 2408 patre
1486 2282 1651 2407 ciarissimo,
1663 2354 1713 2395 no·

89 2405 340 2473 Anturrabtrx,
352 2405 531 2470 Uurnarrcr,
543 2403 677 2471 Lernan,
692 2403 857 2473 hormarum,
914 2405 988 2461 nrine
1012 2406 1131 2473 Asterio,
1154 2414 1180 2462 et
1204 2416 1290 2463 matre
1305 2406 1492 2463 illustrissima
1513 2409 1627 2465 Aurelia
1641 2416 1712 2466 natu

61 2481 218 2538 mancam
234 2485 263 2535 et
277 2479 376 2534 Danao.
391 2492 486 2533 omnes
504 2491 567 2532 cum
586 2475 694 2543 belino,
714 2475 859 2532 Africanos
913 2484 988 2541 aunt,
1008 2483 1035 2533 at
1051 2477 1103 2533 suh
1117 2477 1305 2550 persecutione
1320 2476 1471 2547 Valeriani,
1490 2486 1517 2536 et
1532 2479 1639 2536 Galieni
1652 2480 1712 2536 im-

61 2553 156 2610 uitimo
188 2551 252 2607 ioco
277 2548 412 2617 referunt,
438 2544 539 2621 quibus
553 2544 675 2603 addunt:
709 2548 763 2602 «in
778 2554 860 2618 portu
913 2554 1081 2621 paraturum,
1094 2548 1236 2621 judicibus
1249 2565 1316 2606 vcro
1330 2548 1413 2605 iunio
1422 2551 1530 2607 Donato
1543 2550 1712 2625 praefectust

62 2623 203 2691 dandavo,
219 2621 388 2678 monasterio
400 2618 558 2685 blandinio,
574 2624 674 2674 sanctae
689 2618 859 2690 Ameiberga
914 2618 1074 2676 Archesiiao
1089 2620 1199 2689 comite,
1215 2620 1333 2677 diversis
1345 2627 1547 2678 tormentorum
1565 2621 1712 2696 generibus

60 2696 212 2769 virginis.»
237 2693 275 2750 At
294 2692 448 2749 Lovnnruu.
471 2697 545 2747 caret
568 2689 657 2761 elogio
681 2697 783 2763 septeni
799 2689 860 2744 fra·
914 2691 1106 2763 martyrizatae,
1130 2691 1164 2749 ad
1184 2692 1314 2748 ultimum
1334 2706 1396 2773 una.
1410 2707 1504 2749 earum
1525 2690 1598 2750 illiso
1622 2692 1712 2775 capita

60 2774 140 2835 uum,
156 2774 185 2823 ct
200 2767 302 2823 Darsrc.
326 2764 468 2837 proprium
497 2760 673 2833 superaddit:
707 2763 762 2817 «ln
776 2760 860 2817 Dacia
914 2760 1014 2834 gladio,
1030 2761 1115 2819 altera
1129 2779 1197 2819 caesa
1219 2762 1337 2833 cervice,
1359 2777 1397 2817 mr
1416 2772 1548 2821 raverunt
1569 2764 1604 2821 ad
1619 2765 1712 2822 boma·

61 2839 171 2897 ciuitate
196 2834 388 2904 Otthonieusi,
413 2834 504 2891 natale
518 2832 604 2889 sancti
628 2831 727 2890 Canuti
749 2832 820 2906 regis
834 2839 860 2888 ct
914 2850 1015 2890 num.»
1037 2832 1068 2889 in
1084 2833 1222 2892 Africanis
1244 2850 1313 2907 pura
1331 2841 1382 2890 est.
1430 2850 1487 2890 um.
1507 2857 1517 2882 ι
1537 2834 1569 2893 ln
1582 2834 1713 2893 blandria
1735 2876 1738 2882 ,

60 2910 201 2984 martyris.
216 2934 227 2957 ι
933 2912 996 2961 ortu
1009 2904 1140 2962 Gandavo
1153 2906 1319 2962 monasterio
1333 2904 1494 2987 blandinio,
1506 2913 1607 2988 sancta
1620 2907 1712 2963 Amel-

88 2984 280 3042 umorue:
312 2981 435 3047 «boma,
459 2977 550 3034 natale
572 2993 601 3032 se
621 2983 676 3032 tem
691 2976 807 3034 fratrum
821 2975 860 3032 fi·
914 2921 1002 3059 Bergae
1017 2976 1144 3053 virginis,
1161 2975 1738 3053 inbacia‚beatilianut1regrsacmar·,

59 3054 165 3111 liurum
190 3058 294 3108 sanetas
308 3049 466 3118 Felicitatis,
491 3048 575 3105 idest
598 2992 732 3118 samarii,
749 3047 858 3117 Felicis,
914 3057 1021 3121 tyris·
1255 3120 1261 3132 Ι
1409 3118 1415 3131 .
1481 3119 1487 3132 Ι
1679 3120 1684 3133 Ι

58 3125 157 3197 Philip
178 3123 199 3193 i,
216 3121 375 3188 Alexandri,
388 3120 500 3189 Vitellis,
510 3120 781 3201 Silvani,biartialis,
792 3128 860 3202 tem·
950 3119 1097 3201 Currum:
1121 3122 1176 3176 ‹in
1196 3122 1290 3202 Dacia,
1314 3120 1418 3202 lianutr
1432 3136 1461 3176 re
1480 3127 1711 3204 rs·ct·martyns.

90 3214 123 3254 re
143 3139 299 3262 intonant,
311 3193 422 3266 primati
438 3192 486 3263 (aa
504 3191 735 3274 acaprivatrmi)
760 3190 858 3272 auditi.
915 3190 968 3259 Qut
981 3198 1092 3316 proqter
1114 3206 1234 3249 amorem
1256 3199 1372 3274 Justrtra
1387 3200 1415 3249 et
1437 3136 1713 3275 reffrgromsaanctas,

94 3266 165 3325 inde
178 3282 231 3340 per
243 3264 334 3321 varios
344 3264 462 3336 judices,
479 3270 510 3319 ut
520 3263 605 3319 variis
618 3262 763 3336 suppliciis
773 3265 860 3319 lama·
881 3267 975 3334 cpost
989 3277 1036 3317 mu
1050 3268 1090 3317 tas
1104 3262 1306 3343 persecutiones
1331 3279 1360 3319 ιιι
1375 3262 1490 3320 ecclesia
1511 3271 1598 3344 sanctu
1612 3262 1715 3319 Albane

60 3347 164 3407 matur,
179 3336 270 3394 missi.
282 3335 315 3394 Iu
324 3335 428 3404 Africa,
436 3344 594 3392 sanctorum
604 3333 738 3403 ianuarii,
748 3333 859 3400 hiarini,
914 3340 1126 3406 protomartyris
1147 3334 1310 3405 Anglorum,
1327 3349 1362 3390 ex
1382 3333 1598 3416 ansisumamhus
1619 3349 1711 3416 orans,

61 3409 173 3468 llahoris
188 3415 217 3466 et
241 3406 350 3477 Felicis,
375 3406 583 3464 decollatorum.
609 3406 732 3473 Quorum
746 3421 861 3478 corpora
914 3404 949 3460 ab
971 3403 1064 3485 impiis
1088 3403 1322 3486 interiectusest.
1373 3404 1510 3460 aternrani
1536 3420 1658 3477 episcopt
1686 3412 1715 3486 et

62 3481 248 3540 hediolanum
263 3479 396 3536 translata
409 3486 483 3535 sunt.
499 3479 566 3534 item
579 3478 681 3546 boma,
696 3477 786 3533 natale
800 3493 859 3533 san·
915 3474 1088 3533 confessoris.
1107 3474 1140 3533 iu
1150 3475 1289 3543 Flaudrra,
1301 3483 1382 3547 portu
1391 3473 1533 3545 Gandaro,
1544 3484 1712 3534 monasterio

63 3562 163 3611 clarum
186 3551 299 3610 itufinae
326 3560 354 3608 et
379 3549 512 3609 Secunda
542 3565 679 3616 sororum,
731 3564 811 3604 encre
834 3555 862 3604 et
915 3545 1073 3614 blandinio,
1083 3552 1183 3604 sanctas
1195 3546 1367 3620 Amelbcrga
1376 3545 1526 3619 virginis·
1548 3545 1620 3606 Vide
1632 3562 1715 3620 supra

63 3625 157 3698 opibus
170 3621 326 3694 nobilium,
346 3638 413 3695 quas
434 3620 579 3703 prefectus
600 3565 787 3701 Archesiiaus,
811 3635 861 3747 qrb
915 3619 1094 3676 Bnurnunen.
1123 3687 1139 3701 ..
1183 3689 1189 3701 .
1248 3689 1254 3700 ·
1375 3689 1381 3702 .
1408 3689 1414 3701 .
1502 3689 1509 3703 .

64 3696 174 3753 nomine
204 3693 309 3752 Christi
335 3701 464 3766 praecepit
486 3691 574 3764 capite
606 3692 700 3763 plecti.
728 3690 812 3749 Cauno
835 3707 860 3747 ro
951 3691 1059 3747 Manna.
1085 3688 1155 3746 Alos
1170 3689 1271 3746 litteris
1291 3698 1383 3747 textus
1406 3697 1544 3748 inseruit:
1564 3691 1713 3760 «Quorum

65 3766 224 3835 blandinio,
236 3764 327 3822 natale
340 3772 441 3822 sauctae
456 3763 626 3836 Amelhergae
641 3762 767 3835 virginis.
783 3788 793 3812 »
915 3777 1030 3888 corgam
1044 3760 1229 3818 Mediolanum
1245 3762 1376 3819 translata
1388 3769 1486 3844 sunt„
1512 3771 1544 3820 ut
1557 3762 1605 3818 alii
1620 3778 1714 3844 supra.

95 3838 280 3894 bamma.
294 3836 445 3908 descptem
460 3833 861 3906 iratribus,postpaaiti,sub-
916 3832 947 3889 in
982 3847 1034 3890 ne:
1058 3833 1113 3887 «in
1130 3839 1213 3904 portu
1228 3832 1369 3902 Gandavo,
1386 3841 1521 3890 rnmoute
1535 3832 1715 3891 blandintum

68 3909 125 3967 dit:
147 3908 209 3965 «Et
223 3916 281 3979 post
293 3907 457 3979 martyrium
472 3905 606 3974 filiorum,
621 3905 750 3961 Felicitas
764 3913 860 3974 mater,
916 3904 1001 3972 dicto,
1037 3903 1219 3961 sanctissimae
1251 3904 1368 3977 virginis
1397 3903 1500 3962 Christi
1532 3904 1715 3977 Ameihergas,

67 3997 113 4054 pro
127 3978 242 4039 ChrIsto
253 3979 339 4052 capite
353 3994 422 4036 casa
445 3985 495 4034 est.
514 3976 591 4033 lianc
604 3976 711 4032 beatam
730 3976 862 4032 feminam
915 3974 1037 4043 binchii,
1053 3974 1223 4048 Amelberges
1237 3977 1330 4033 electe
1340 3974 1442 4045 viduas,
1454 3992 1514 4058 quaa
1528 3993 1592 4033 cum
1607 3976 1637 4051 in
1650 3991 1716 4059 pace

80 4053 124 4108 lus
139 4066 225 4125 quam
236 4059 386 4125 martyrem
402 4057 482 4106 vocat
495 4046 643 4120 Gregorius
652 4064 712 4121 qua
723 4047 822 4118 septies
833 4048 863 4103 in
916 4046 1076 4174 quievisset,
1087 4046 1199 4103 condita
1211 4055 1252 4103 est
1265 4048 1294 4103 in
1320 4047 1436 4104 haubias
1457 4065 1488 4103 1n
1510 4046 1626 4106 basilica
1642 4048 1717 4130 beati

93 4124 165 4180 'iset
175 4123 316 4180 octavoin
326 4138 439 4194 corpore
454 4121 566 4193 proprio
581 4118 743 4192 martyrium
755 4118 863 4175 fortiter
941 4117 1049 4186 rsmari,
1064 4127 1091 4174 et
1106 4118 1192 4190 signis
1202 4118 1285 4189 clara,
1306 4120 1377 4174 mira
1400 4119 1576 4176 veneratione
1591 4118 1715 4177 fidelium

69 4203 102 4252 cst
127 4210 295 4270 perpessa.-
328 4192 458 4267 Sequitur
487 4191 521 4248 da
547 4190 645 4247 Rufina
672 4197 699 4246 et
726 4189 851 4248 &cunda
917 4188 1028 4245 colitur.
1043 4187 1075 4244 ln
1096 4189 1230 4270 Fisciaco,
1253 4190 1343 4246 natale
1356 4189 1445 4246 sancti
1468 4191 1579 4248 Ettonis
1593 4189 1715 4263 episcopi

83 4283 148 4335 ure;
169 4266 239 4323 item
253 4265 289 4322 de
303 4262 566 4322 Africanisinfrne
579 4260 727 4333 adjicitur:
758 4233 862 4332 «Apud
917 4268 944 4315 et
957 4258 1158 4341 confessoris.»
1179 4261 1250 4316 Dein
1265 4261 1339 4342 typis
1351 4260 1522 4342 minoribus:
1556 4261 1715 4329 «iubebis,

71 4280 226 4403 ienaecam,
243 4353 323 4393 secus
336 4335 472 4402 Scaldam,
496 4333 631 4405 depositio
645 4339 744 4388 saumae
759 4331 862 4390 Christi
918 4330 1016 4388 Canutr
1030 4346 1101 4401 regis
1115 4337 1142 4386 et
1157 4338 1296 4403 martyris.
1308 4330 1483 4403 Quapropter
1497 4346 1641 4399 amorem»
1650 4340 1715 4398 etc,

72 4409 180 4481 tirgiuis
205 4408 389 4480 Amelbergae,
408 4405 498 4478 neptis
513 4405 598 4461 beutae
619 4404 737 4468 Gudilas,
762 4410 863 4459 nostras
917 4408 948 4456 ut
962 4400 1087 4481 Gnuvcrq.
1099 4402 1234 4482 [lemn-mv:
1252 4401 1481 4483 ‹Galliiscppido
1492 4401 1573 4469 Lens,
1589 4400 1658 4482 obiit
1668 4400 1715 4455 Pa·

70 4487 191 4549 tttronae.
209 4478 298 4550 Cujus
312 4477 418 4534 brachii
436 4495 467 4533 os
490 4476 572 4547 fregit
586 4474 704 4530 Karalus
723 4474 863 4530 llarteilus
917 4471 1139 4542 obtereremus
1156 4479 1282 4528 mrnrster
1294 4473 1421 4528 Fratrum
1436 4473 1574 4529 bimorum
1588 4488 1618 4527 m
1633 4473 1715 4528 Fran·

71 4549 187 4623 princeps
213 4566 279 4606 cum
291 4550 349 4622 ipse
360 4548 457 4620 junior
467 4553 546 4615 essm,
567 4554 598 4602 ut
614 4561 673 4600 eam
689 4544 743 4600 sibi
758 4551 863 4616 raperet
917 4541 970 4598 cia.
986 4566 995 4590 ι
1017 4542 1085 4607 Aliae
1099 4539 1235 4598 aditiones
1250 4542 1279 4598 in
1292 4549 1372 4598 textu
1383 4540 1457 4599 idem
1477 4548 1599 4599 servant.
1614 4543 1646 4598 ln
1661 4540 1717 4596 fine

72 4594 198 4692 sponsam}
225 4620 315 4689 Quam
341 4626 371 4676 et
390 4619 448 4691 ipse
467 4620 547 4691 piane
568 4616 684 4689 cepisset
699 4631 825 4683 uxorem,
841 4614 864 4672 si
878 4627 903 4685 1)
917 4620 1008 4694 autem
1024 4610 1057 4668 dc
1072 4612 1244 4740 Amclberga,
1260 4612 1334 4669 utin
1353 4610 1452 4694 prima.
1469 4613 1558 4670 Tum:
1592 4610 1716 4670 «Eodem

72 4692 282 4764 convirginalis
305 4690 442 4764 pudicitia
464 4689 574 4763 penitus
595 4686 756 4744 obstitisset.
776 4685 864 4757 Hujus
918 4685 974 4752 dte,
985 4682 1111 4740 laubaco
1125 4699 1204 4740 coeno
1224 4684 1409 4765 rc,depcs1tro
1428 4684 1598 4766 Amelbsrges
1612 4685 1715 4768 eiectas.

74 4778 143 4822 sacra
164 4763 287 4836 virginis
313 4762 438 4835 reliquiae
462 4769 553 4833 postea
575 4758 698 4815 Gandavi
718 4757 747 4813 in
773 4764 866 4813 monte
920 4754 987 4822 Qua
1000 4754 1087 4827 signis
1100 4754 1182 4822 ciera,
1194 4771 1264 4814 mrra
1278 4762 1455 4831 veneratrone
1470 4755 1593 4814 fidelium
1604 4756 1715 4824 colatur,

10 4878 13 4899 ,
75 4831 211 4894 binadiuiu
235 4834 497 4892 sputamenta·
529 4829 600 4887 Vide
614 4831 740 4886 notulam
756 4828 866 4888 Castei-
922 4826 1041 4884 Civitate
1055 4827 1220 4895 Ottoniensi,
1232 4827 1320 4886 sancti
1335 4828 1435 4886 Canuti
1445 4828 1516 4903 regis
1529 4837 1557 4886 ct
1566 4836 1717 4903 protomar·

76 4903 134 4962 bnt,
923 4906 932 4953 t
953 4899 992 4954 ris
1013 4900 1166 4960 banorum.
1193 4899 1241 4973 qni
1266 4916 1339 4957 auno
1358 4899 1508 4958 millesimo
1531 4900 1717 4980 octuagesimo

102 4977 283 5036 ilauuuorrra.
300 4976 331 5033 iu
342 4992 372 5033 se
390 4984 446 5032 tem
461 4973 593 5030 iratribus
605 4970 736 5029 nonnihil
747 4970 867 5043 interpo·
921 4915 1009 5038 λκιο,
1025 4970 1055 5026 in
1068 4970 1182 5029 basilica
1192 4972 1280 5029 mucii
1289 4971 1391 5028 Albani
1401 4971 1541 5054 martyris,
1552 4970 1679 5027 mambus
1687 4981 1716 5021 m

76 5045 136 5106 latus
160 5048 285 5108 mundo
299 4993 473 5105 iocossabet:
495 5046 587 5102 «item
602 5050 704 5101 sanctae
718 5041 868 5098 Theodora
923 5041 1035 5098 modum
1058 5042 1148 5099 crucis
1168 5042 1227 5099 solo
1248 5051 1329 5101 tenus
1349 5056 1584 5123 expansrsorans,
1601 5045 1717 5120 mortem

77 5092 170 5191 rhetia,
184 5120 221 5178 de
234 5118 318 5192 cujus
331 5117 494 5193 paenitentia
508 5116 617 5188 legitur.
637 5115 705 5170 item
729 5111 867 5170 Patiniani
923 5128 972 5184 pro
995 5111 1107 5170 Christo
1121 5129 1218 5239 gaesus
1241 5122 1312 5170 esta
1336 5129 1387 5169 suo
1404 5112 1547 5193 familiam.
1564 5110 1639 5188 Passa
1654 5114 1718 5164 sunt

46 5230 49 5239 .
80 5191 274 5250 mulctaris·
296 5191 329 5248 ln
350 5189 457 5263 reliquo
478 5195 558 5245 textu
580 5201 665 5261 purus
696 5184 791 5240 estin
815 5183 870 5240 fine
922 5199 986 5239 curn
1000 5196 1032 5237 eo
1046 5183 1119 5239 bene
1141 5191 1211 5240 totus
1227 5183 1310 5241 irater
1323 5192 1352 5239 et
1374 5182 1423 5263 ain
1437 5178 1641 5260 septemdecim.
1661 5179 1718 5262 ha·

75 5272 156 5321 autern
173 5279 280 5321 nornen
295 5267 478 5319 transmutat:
503 5261 557 5315 «in
572 5265 653 5329 portu
666 5255 869 5323 Gandavomo·
922 5253 970 5309 tiis
992 5269 1028 5308 ex
1044 5254 1176 5323 Fisciaco,
1199 5256 1290 5312 natale
1312 5260 1401 5312 sauctr
1423 5254 1533 5309 Ettoms
1556 5266 1676 5334 episcopt
1691 5258 1719 5307 st

76 5335 185 5392 usserio
207 5333 369 5402 blandinio,
394 5339 494 5390 sancta
518 5329 689 5402 Quieibergae
709 5326 862 5399 virginis.»
923 5324 1096 5382 confessoris.
1126 5327 1177 5382 ilie
1203 5325 1318 5389 decima,
1355 5330 1512 5404 sanctorum
1530 5321 1719 5404 ¹quadraginta

76 5402 142 5464 ittet
154 5407 200 5481 agi
213 5406 250 5463 do
264 5404 431 5477 Arneiberga.
923 5396 1045 5469 quinque
1060 5403 1225 5469 martyrum,
1240 5397 1268 5452 in
1283 5393 1408 5474 Nicopoli
1423 5396 1584 5450 Armemae.»
1601 5394 1719 5476 Domum

101 5479 267 5543 Auurcutcr.
280 5475 373 5535 textui
387 5475 499 5534 subdit:
521 5473 578 5530 «Et
589 5478 690 5530 sanctae
700 5467 870 5541 Ameibergae
925 5465 1079 5549 minoribus
1103 5468 1195 5549 typis:
1221 5491 1235 5550 .‘
1250 5469 1280 5548 ln
1295 5467 1404 5523 Artesra
1417 5464 1519 5595 oppido
1541 5466 1624 5548 Lens,
1650 5466 1720 5524 obut

18 5592 22 5597 .
91 5549 96 5559 “
130 5549 221 5608 ἠιμ
924 5538 1066 5606 Pacrsrcus,
1079 5554 1183 5611 primus
1191 5544 1316 5595 minister
1325 5536 1430 5609 frater(
1454 5537 1720 5618 ratrum)lfrnomm

147 5620 565 5682 rarc.·Canrus.·Uurnarncr.:
598 5615 729 5687 «Septem
753 5612 870 5668 fratrum
924 5610 953 5667 in
969 5609 1092 5692 Francia,
1107 5608 1187 5681 cujus
1201 5607 1328 5666 meminit
1338 5605 1565 5670 Beneventum.»
1595 5609 1721 5684 Aptiorr

75 5702 235 5768 martyrum,
262 5692 387 5751 filiorum
417 5699 517 5748 sancta
548 5685 719 5752 Felicitatis3
753 5682 870 5752 scilicet,
925 5698 1021 5758 pamm
1036 5680 1178 5740 differunt.

10 5754 16 5807 i
75 5763 203 5838 immrii,
218 5764 333 5838 Felicis,
344 5761 481 5837 Philippi,
503 5758 620 5829 Silvani,
636 5754 798 5825 Alexandri,
816 5753 872 5812 Vi-
