3834 6136
52 252 108 311 845

589 263 904 321 lllAliTl'llOLllGlllM.
925 297 960 307 -
978 268 1082 326 MENS.
1101 272 1180 329 DEC.

1657 285 1710 345 eto

51 378 166 450 receptio
188 378 312 445 Joorrnis,
338 378 366 434 in
392 380 507 437 bucensi
533 385 631 439 aetolis
654 387 774 450 loannis,
802 396 854 444 etc.
872 395 898 452 A
913 391 972 463 pria
987 400 1069 449 sunt:
1092 395 1170 466 plura
1186 395 1333 469 diligenter
1350 401 1494 457 annotavit
1509 402 1654 476 Batonius,
1670 429 1709 470 aa·

51 452 107 508 Sed
131 450 165 505 de
191 466 245 531 qaia
267 451 441 507 solemnitate
458 454 514 509 haec
530 471 605 528 eque
619 472 650 510 ac
665 459 756 538 priora
770 460 857 515 intel-

51 522 164 595 ligenda
185 528 252 587 sint,
275 537 356 576 nenio
372 531 421 583 est.
439 526 484 604 qui
505 528 571 581 satis
586 530 737 584 verosimili
759 531 857 603 conje-

51 604 133 652 ctura
152 600 326 664 assequatur.
346 594 451 649 Nullibi
468 597 569 652 clarius
585 599 736 670 loquuntur
755 603 857 657 Hiero-

51 665 192 748 nymiani,
219 681 301 735 quam
317 664 370 719 boc
385 665 438 733 die,
455 667 533 738 cujus
549 677 654 724 textum
673 679 760 728 totum
772 673 857 744 subji-

50 754 115 796 cto:
133 736 288 805 Assaunptio
305 737 390 790 soracti
401 738 512 793 Joonrtis
525 743 688 810 corriperem
697 747 771 813 opud
781 748 857 814 Effe-

51 827 122 877 sum,
143 814 167 863 rt
182 808 318 862 ordinatio
338 810 421 863 coacti
441 809 541 877 iacobi,
561 811 659 880 [ratris
677 815 794 882 Domini,
811 816 858 886 qni

51 883 86 938 ab
102 879 230 951 apostolis
243 877 348 949 primns
362 898 395 933 ec
410 881 510 935 iudicis
530 883 717 955 Hierosolymis
740 893 777 940 est
795 888 857 957 epi-

51 969 147 1024 scopus
166 950 317 1015 ordinatus,
337 953 459 1005 clarentio
478 953 580 1008 Pusclto
596 957 724 1025 martyrio
740 975 857 1012 corona-

53 1032 106 1080 tus.
123 1024 162 1079 De
179 1021 377 1092 Assumptione
393 1024 434 1076 vel
451 1022 628 1091 dormitione,
644 1027 701 1081 vita
716 1029 758 1083 vel
770 1038 857 1084 niente

54 1095 180 1159 loannis,
198 1093 315 1163 aliisque
331 1094 397 1148 satis
413 1094 531 1163 spinosis
547 1096 575 1152 in
592 1096 642 1153 hac
659 1100 772 1155 materia
785 1115 857 1155 con-

52 1165 209 1232 troversiis,
227 1165 273 1219 hic
282 1164 617 1235 pluribusdispntarenon
625 1179 703 1224 vacat
715 1189 720 1224 :
731 1171 857 1224 videatur

54 1237 227 1294 Exercitatio
248 1236 440 1290 Florentiniia
457 1254 516 1307 pag.
534 1238 594 1304 tta,
611 1240 654 1293 cui
670 1248 696 1295 et
717 1242 856 1310 prefatam

54 1308 149 1365 iacobi
167 1307 369 1363 ordinationem
392 1309 587 1379 explicandum
608 1310 748 1382 subjungit
763 1329 779 1367 a
794 1329 856 1384 pag.

58 1380 119 1445 lli,
150 1378 200 1434 ubi
226 1378 314 1434 multa
338 1379 405 1433 satis
429 1388 555 1435 accurate
584 1380 707 1437 discussa
733 1384 857 1439 inveniet

55 1452 182 1508 curiosus
206 1450 302 1518 lector,
322 1467 382 1522 quae
403 1451 532 1505 brevitati
548 1461 647 1508 nostre
666 1456 754 1525 aptari
774 1471 857 1526 pror-

56 1540 104 1578 sus
126 1529 274 1595 nequeunt.
299 1523 338 1577 De
361 1522 474 1577 loannis
500 1523 633 1595 martyrio
661 1526 767 1596 egimus
792 1542 855 1581 cum

57 1594 184 1650 Ecclesia
203 1593 337 1649 catholica
361 1611 389 1647 vr
414 1592 488 1660 blaii,
516 1593 562 1649 hic
585 1612 646 1650 curn
677 1596 782 1663 eadem,
811 1613 857 1652 na·

59 1666 145 1721 talem
160 1664 338 1736 Evangeliste
354 1665 406 1720 hoe
421 1681 501 1721 xxvn
517 1667 677 1721 Decembris
693 1668 787 1734 recoli,
800 1685 857 1723 cer·

912 464 980 518 rieni
1004 479 1068 520 vero
1088 467 1173 522 totius
1190 469 1253 524 vitae
1274 478 1300 525 et
1326 477 1456 540 ,estorum
1472 473 1608 545 disposuit
1628 481 1710 541 'lille-

913 534 1036 616 montius
1050 544 1125 592 tomo
1145 539 1166 605 l,
1182 556 1199 593 a
1214 556 1273 611 pag.
1290 487 1352 609 ath,
1369 559 1416 613 per
1435 544 1579 602 duodecim
1600 552 1709 611 articu-

912 605 963 685 los,
980 614 1053 662 nobs
1069 609 1257 665 novemdecim
1275 613 1467 669 illustratama
1487 633 1546 687 pag.
1567 618 1629 688 600,
1646 640 1709 680 cum

912 678 1012 747 quibus
1035 679 1154 734 conferri
1175 690 1313 751 poterunt,
1329 701 1389 755 quae
1404 703 1418 740 a
1435 687 1514 741 Surio
1538 688 1612 746 edita
1633 684 1709 765 sunt,

912 763 1027 819 quaeque
1042 750 1113 821 apud
1130 767 1179 806 nos
1193 762 1303 810 exstant
1318 755 1351 809 de
1365 756 1392 810 S.
1409 758 1512 812 loarme
1524 761 1600 816 varia
1615 780 1709 823 manu·

911 818 1013 898 scripta
1025 828 1052 874 et
1066 821 1147 876 etiam
1165 825 1238 894 typis
1251 824 1332 881 edita.
1345 826 1448 884 Locum
1460 829 1506 885 hic
1520 846 1600 887 suurn
1611 832 1711 895 haheat

912 898 1025 945 metrica
1040 893 1229 950 Wandalberti
1241 898 1329 953 oratio
1342 917 1347 954 :

974 979 1090 1028 Dilectus
1106 978 1218 1042 Domini,
1231 983 1311 1034 Verbi
1325 988 1505 1055 inspectorque
1518 995 1598 1046 divini

975 1041 1081 1092 Pectore
1092 1044 1124 1092 de
1137 1046 1231 1093 Christi
1246 1047 1340 1096 iontem
1374 1051 1398 1097 ui
1415 1054 1516 1104 haurire
1530 1037 1668 1115 perennem

980 1105 1132 1159 Promeruit,
1151 1117 1250 1155 sertum
1264 1112 1343 1157 sancti
1353 1064 1502 1176 hirtaeque
1519 1118 1644 1171 ioannes.

933 1175 997 1255 ‚Die
1012 1176 1173 1246 praecedenti
1191 1180 1349 1235 monuimus
1361 1183 1524 1255 Dionysium
1539 1206 1636 1269 papam
1657 1192 1710 1251 hoc

911 1246 957 1301 dre
971 1245 1005 1300 ab
1017 1246 1113 1302 Adone
1130 1251 1285 1317 memorari,
1302 1252 1415 1324 ejtrsque
1432 1257 1520 1313 lecum
1537 1278 1566 1314 m
1583 1263 1709 1333 pridiano

912 1316 1044 1397 laterculo
1068 1335 1199 1390 occupare
1226 1338 1321 1392 papam
1348 1326 1497 1387 Zosirnum.
1527 1333 1565 1386 De
1589 1335 1710 1390 Morino

912 1389 1067 1514 platnarcba
1089 1389 1288 1457 Alexandrino,
1314 1397 1426 1452 seorsim
1452 1400 1552 1456 nullibi
1582 1405 1710 1461 meminit

928 1460 1087 1538 Uiennensis,
1108 1477 1159 1542 nec
1177 1463 1249 1534 apud
1267 1465 1355 1519 ullum
1376 1469 1460 1523 alium
1481 1471 1709 1547 blartymlogium

912 1539 1048 1612 signatum
1072 1547 1170 1603 repert.
1192 1533 1291 1604 Agitur
1306 1536 1418 1607 quidem
1438 1541 1566 1614 aliqualis
1580 1545 1639 1617 ejus
1655 1563 1709 1602 me·

913 1618 1000 1656 morra
1011 1603 1083 1673 apud
1100 1603 1222 1659 Adonem
1240 1607 1269 1660 in
1282 1608 1371 1673 elogio
1382 1610 1562 1670 Alexandrini
1581 1617 1710 1690 Dyonisii

912 1688 961 1728 xvr
984 1673 1158 1740 Novembris,
1183 1676 1229 1730 ubi
1255 1693 1289 1730 ex
1314 1679 1412 1734 Rtrlmo
1437 1683 1484 1738 lib.
1510 1702 1559 1753 vn,
1579 1704 1639 1760 cap.
1666 1690 1709 1758 ll),

57 1744 87 1790 to
104 1735 303 1802 existimamus,
326 1736 518 1807 credinmsque
535 1736 712 1792 festivitatem
735 1740 810 1794 illam
827 1739 856 1821 in
871 1751 894 1810 Β
910 1743 1011 1815 egregii
1026 1743 1150 1824 ejuslpro
1165 1746 1218 1800 lide
1239 1748 1344 1803 labores
1361 1752 1530 1821 referentum
1548 1765 1628 1830 atque
1644 1759 1710 1815 hinc

56 1806 855 1878 KalendarioCarthaginensiipsometdieplanedesignan,

56 1879 123 1948 licet
136 1877 176 1932 ibi
191 1876 333 1943 habeatur,
350 1895 376 1931 vt
394 1879 459 1932 A'at.
474 1880 537 1932 iun.
552 1881 635 1931 soracti
646 1882 857 1950 recitataeque·-

55 1957 111 2016 sve,
136 1955 161 2004 ct
185 1949 276 2004 iacobi
298 1951 412 2020 aposloli
449 1967 504 2003 ueni
524 1951 640 2004 Herodes
659 1952 760 2007 occidit.
779 1952 858 2008 ilatio

56 2021 124 2076 satis
139 2019 290 2092 probabilis
304 2028 354 2087 est,
366 1967 444 2092 quoii
454 2038 517 2076 ctrvn
530 2021 558 2075 in
570 2037 601 2075 eo
613 2022 779 2078 Kalendario
797 2040 857 2078 san·

55 2101 166 2149 ctorum
188 2092 302 2147 norisius
320 2092 405 2163 repeti
423 2108 478 2147 uon
494 2093 608 2159 soleant,
625 2093 746 2163 baptista
765 2103 856 2150 autem

56 2163 172 2236 proprio
187 2164 246 2220 loco
262 2181 312 2219 vm
327 2165 387 2219 lial.
403 2164 470 2219 lulii
486 2163 586 2219 diserte
601 2173 729 2234 ponatur,
747 2166 857 2221 verosi-

57 2237 126 2291 mile
147 2252 200 2291 non
224 2234 270 2303 sit,
296 2235 475 2290 Prodromum
491 2252 554 2290 cum
569 2235 680 2301 laccho,
698 2236 745 2291 sed
765 2238 858 2307 potins

56 2307 256 2379 evangelistam
272 2307 403 2362 loannem
421 2305 600 2376 cony'trnctum
617 2307 710 2375 luisse,
749 2308 857 2363 uemad·

56 2379 172 2434 modum
187 2395 222 2434 ex
238 2378 461 2451 llieronymianis
471 2377 528 2447 jam
544 2378 724 2434 ostendimus.
763 2397 793 2434 ro
809 2380 857 2434 bo·

56 2451 156 2508 dierrm
170 2450 255 2506 natali
270 2450 393 2505 militant
406 2449 505 2520 reliqui
518 2451 697 2521 martyrologi
709 2467 815 2517 onustes,
828 2451 857 2505 in

56 2522 160 2595 quibus
173 2522 290 2578 lacobus
304 2521 415 2593 propriu
431 2521 514 2575 etiam
529 2521 598 2576 leste
613 2530 731 2577 assertus
744 2530 793 2578 est.

94 2592 174 2650 Clara
194 2601 260 2649 sunt
284 2593 363 2648 Dede
387 2591 487 2647 verba:
510 2593 615 2646 Natalis
637 2593 720 2646 soracti
746 2593 859 2649 Joorinis

55 2665 174 2736 apostoli
197 2672 220 2720 et
241 2666 415 2735 centipolistoe,
435 2664 522 2717 dilecti
541 2665 659 2718 Domini.
680 2664 755 2720 b'ihil
777 2664 859 2720 babel

56 2736 134 2791 Flcri
150 2736 281 2807 elogium,
298 2735 371 2809 quod
388 2751 550 2806 magnopere
561 2735 699 2791 observari
711 2744 858 2791 mereatur.

57 2807 188 2864 Rabanus
204 2814 291 2863 totum
307 2824 388 2862 suum
400 2814 508 2862 testum
523 2823 558 2860 ex
574 2807 798 2877 llieronymiauis
814 2808 859 2863 de·

56 2877 181 2935 scribere
207 2879 313 2944 maluit,
338 2895 418 2952 qnam
442 2895 476 2932 ex
503 2878 585 2933 Deda.
617 2880 770 2934 bertranum
800 2895 859 2949 par·

57 2967 138 3016 vurrr,
157 2966 232 3005 virore
247 2966 296 3005 suo
317 2949 428 3020 paucis:
445 2950 557 3003 ionariis
573 2952 687 3019 apostoli
706 2956 730 3004 et
745 2967 859 3020 coorigi-

58 3021 139 3086 iistee,
154 3022 228 3090 opud
244 3021 382 3090 Ephesum.
394 3021 558 3092 Panegyrim
572 3021 692 3092 aliquam
704 3021 860 3093 corrrposuit
883 3067 889 3077 .

912 1815 980 1868 mihi
996 1831 1042 1870 sus
1064 1817 1116 1869 icio
1129 1815 1266 1884 oboritur,
1283 1835 1316 1872 ex
1337 1837 1368 1874 eo
1384 1821 1444 1877 loco
1459 1825 1588 1882 eductum
1604 1847 1661 1885 esse
1675 1831 1710 1885 ab

911 1832 1209 1953 Usuardchlaximum,
1220 1890 1267 1960 qui
1278 1889 1313 1943 ibi
1326 1891 1436 1961 quidem
1453 1902 1557 1952 tantum
1569 1903 1711 1971 etpresby-

913 1961 951 2008 ter
971 1956 1143 2036 celebratur:
1158 1957 1205 2012 sed
1224 1975 1288 2014 cnm
1310 1959 1412 2016 iontem
1428 1965 1517 2034 ipsum
1535 1969 1613 2024 iacils
1628 1987 1712 2027 acoe-

911 2025 976 2081 dere
996 2034 1116 2096 potuerit
1137 2044 1205 2098 ipse,
1231 2029 1388 2102 ibidemque
1411 2035 1501 2090 Rattini
1526 2054 1574 2094 seu
1598 2041 1710 2096 Eusebii

912 2098 995 2152 verba
1016 2099 1121 2167 legem3
1138 2099 1239 2170 quibus
1254 2103 1351 2156 asserit
1369 2105 1529 2176 slineirnnm,
1551 2127 1628 2179 qoem
1645 2130 1713 2183 pre-

912 2169 1043 2237 sbyterum
1064 2170 1258 2238 trontinoeerot‚
1279 2173 1331 2242 ipsi
1347 2175 1475 2246 Dionysio
1496 2183 1568 2250 opud
1587 2185 1713 2238 Alecon-

913 2240 1001 2293 driom
1016 2241 1166 2294 serocesaisso
1181 2242 1206 2294 in
1223 2243 1384 2313 episcopatu,
1400 2248 1439 2302 sic
1454 2249 1536 2305 etiam
1553 2251 1632 2308 facile
1646 2256 1713 2310 tilu-

913 2310 1136 2389 loseomhinare,
1157 2313 1276 2382 elogium
1297 2323 1400 2384 aptare,
1421 2335 1452 2372 ac
1471 2319 1543 2375 diem
1564 2323 1638 2379 hunc
1662 2341 1712 2395 pro

913 2382 1028 2460 arbrtrio
1049 2383 1186 2452 assignare
1201 2385 1300 2453 potuit.
1317 2386 1346 2440 Si
1361 2397 1489 2456 preterea
1502 2407 1598 2447 verum
1620 2394 1712 2450 obitus

913 2450 986 2532 diem
1010 2468 1125 2524 queres,
1146 2470 1179 2507 ex
1204 2454 1388 2526 Chronologia
1408 2467 1501 2514 nostra
1524 2463 1714 2520 Alexandrina

913 2530 978 2577 satis
999 2531 1118 2590 constat,
1143 2540 1198 2578 non
1213 2542 1282 2581 xxvr
1302 2528 1470 2597 Decembris,
1491 2533 1538 2588 sed
1558 2551 1586 2589 ns
1610 2536 1713 2606 Aprilis

914 2593 1007 2648 vivere
1026 2594 1148 2650 desiisse.
1166 2596 1236 2651 Vide
1255 2599 1381 2667 paucula,
1417 2617 1456 2656 irae
1478 2602 1514 2657 ibi
1537 2603 1564 2658 in
1581 2604 1639 2676 ey'us
1656 2607 1714 2661 lau·

913 2664 974 2719 dem
994 2667 1156 2735 collegimus
1171 2683 1230 2747 pag.
1247 2669 1291 2735 32,
1309 2685 1385 2725 niani.
1397 2616 1464 2727 hrt.
1482 2675 1541 2729 Non
1558 2677 1646 2745 placet
1664 2677 1713 2733 Ca·

914 2737 1022 2791 stellani
1039 2737 1291 2806 ohservatruncula,
1308 2756 1362 2812 qua
1376 2742 1526 2799 Maximum
1543 2748 1642 2802 seculo
1657 2748 1713 2820 pri·

914 2824 989 2862 rtrum
1015 2825 1045 2862 rx
1060 2809 1113 2864 hoc
1126 2810 1180 2888 die.
1191 2811 1279 2865 nomri
1299 2813 1411 2882 crepisse
1427 2814 1475 2881 ait,
1493 2817 1528 2870 oh
1549 2819 1714 2875 successoris

914 2879 1031 2934 Theonae
1056 2881 1242 2950 pervigilium,
1259 2883 1335 2953 quasi
1353 2885 1480 2940 nescierit
1498 2888 1542 2942 vir
1560 2890 1714 2946 eruditissi-

915 2966 986 3016 mus,
1011 2951 1150 3005 Tbeonam
1170 2952 1204 3006 ab
1227 2953 1350 3008 Usuardo
1369 2954 1481 3027 ejusque
1497 2958 1613 3015 ducibus
1631 2961 1715 3017 recoli

914 3037 985 3076 xxm
1007 3023 1144 3093 Augusti:
1166 3039 1229 3077 curn
1244 3023 1277 3078 de
1290 3032 1388 3079 cetero
1407 3037 1513 3082 certum
1530 3030 1622 3086 obitus
1640 3031 1715 3088 diem

56 3092 233 3146 Viennensis
244 3092 315 3171 inter
327 3091 497 3147 Festivitates
511 3093 709 3163 apostolorum,
726 3110 760 3148 ex
774 3098 861 3164 quaet
876 3113 898 3171 C
915 3101 1051 3162 putemus,
1077 3109 1132 3148 non
1156 3111 1246 3148 xxvm
1272 3096 1431 3151 Decembris
1456 3101 1498 3166 (ut
1516 3099 1560 3154 hic
1585 3104 1717 3171 supponit

56 3180 96 3217 ex
115 3163 305 3234 blartyrologn
325 3163 455 3231 indicula,
481 3163 592 3218 brevius
608 3182 687 3219 suum
704 3166 861 3219 eticoruium
917 3165 1111 3231 Castellanus),
1129 3164 1175 3219 sed
1191 3166 1378 3222 verosimilius
1392 3184 1424 3224 111
1438 3168 1574 3238 ianuarii,
1597 3179 1628 3227 ut
1648 3173 1716 3230 alibi

57 3234 164 3288 Noster
186 3233 337 3290 adornavit.
360 3235 423 3290 llaec
447 3234 568 3292 instituti
590 3235 673 3308 hujus
692 3236 779 3292 nostri
800 3252 861 3307 pro·

917 3234 1105 3290 demonstrare
1119 3236 1211 3291 conati
1228 3252 1334 3292 sumus.

791 3367 981 3425 AiTCTAlllA.

95 3489 268 3555 Toasacnx,
283 3488 312 3544 in
329 3487 417 3560 prima
433 3505 527 3560 purus,
547 3486 641 3543 delicit
655 3487 701 3544 hic
717 3488 817 3543 iterum
834 3489 863 3542 in

59 3561 175 3618 alterius
190 3560 289 3632 elogio.

96 3635 251 3689 Puusaxnu.
269 3629 386 3701 incipit:
411 3655 419 3674 ‹
434 3630 528 3685 >letale
542 3628 628 3685 sancti
643 3629 777 3687 lobannis
791 3647 863 3702 apo-

60 3706 126 3762 stoli
134 3714 160 3760 et
171 3705 355 3774 evangelistae,
368 3701 463 3757 dilecti
472 3701 607 3757 Domini.»
616 3700 681 3768 Oetae
692 3704 776 3760 ferme
784 3702 862 3758 Bedae

60 3775 146 3832 verba
161 3782 234 3830 sunt.
245 3775 356 3842 Pergit:
381 3773 453 3829 ‹lbc
462 3782 536 3846 post,
552 3800 560 3820 ·
578 3781 628 3829 etc.
644 3776 696 3832 Sed
710 3781 860 3833 contracte.

59 3851 101 3906 De
118 3847 250 3914 Mariano,
272 3845 353 3900 nibil.

97 3918 332 3975 Assuras-trax.
358 3932 420 3970 cum
445 3916 527 3972 sociis
545 3916 635 3970 textui
658 3915 770 3986 adjicit:
797 3940 805 3963 ι
830 3917 862 3972 In

61 3991 189 4065 partibus
202 3989 363 4062 Aquilegiee‚
379 3988 466 4042 salicti
482 3987 552 4042 Zoili
569 3985 631 4058 [ol.,
647 3985 736 4057 Zoeli]
751 3986 861 4059 presby·

61 4064 114 4119 teri
138 4070 166 4116 et
189 4059 362 4117 contessoris.
380 4058 430 4112 llic
445 4075 508 4112 cum
524 4058 633 4112 beatum
650 4055 861 4127 Chrysogonum

61 4133 216 4206 sepelisset,
232 4132 326 4186 eodem
342 4129 393 4183 sibi
408 4137 564 4201 apparente,
581 4129 722 4199 trigesimo
737 4127 781 4183 die
796 4145 863 4199 pas-

61 4206 150 4260 sionis
165 4221 221 4259 sue
239 4202 359 4275 perrexit
374 4202 408 4256 ad
423 4202 582 4256 Durninum.
599 4224 608 4247 ›

98 4276 270 4340 Cesrt'unn,
289 4274 316 4326 in
330 4280 408 4326 textu
444 4273 597 4339 urissimus,
614 4269 726 4327 subdit:
751 4295 759 4318 ι
777 4271 862 4346 Aqui·

63 4348 87 4402 le
107 4347 151 4414 iae,
165 4346 252 4401 sancti
265 4345 343 4416 Zoyli
360 4288 510 4429 presbyteri
527 4351 553 4399 et
568 4343 741 4399 contessoris.
758 4368 766 4388 ·

122 4433 278 4473 sumansu.
293 4434 298 4470 :
322 4416 438 4470 ‹batale
453 4416 540 4470 sancti
556 4414 690 4469 lobannis
703 4414 819 4484 apostoli
835 4420 862 4470 el

59 4489 248 4560 evangeliste,
264 4486 357 4542 dilecti
373 4486 484 4541 Domini
501 4486 587 4541 nostri
603 4486 665 4540 lesu
681 4485 794 4540 Christi.
809 4485 861 4551 Qui

59 4568 123 4633 post
139 4559 229 4626 exilii,
246 4583 254 4605 ·
276 4566 340 4626 etc,
357 4557 489 4629 usquead
512 4583 520 4604 ι
535 4557 699 4635 ecclesias.)
720 4555 790 4610 'lum
803 4572 861 4627 per-

80 4633 110 4699 it,
135 4637 186 4685 «et
205 4631 347 4687 coniectus
366 4630 452 4697 senio,
470 4630 527 4699 ipse
544 4628 654 4684 Christo
671 4627 767 4698 Junior
781 4627 861 4683 arinis

60 4650 219 4769 hendecrm,
244 4701 331 4757 aetatis
351 4718 405 4756 suae
425 4716 498 4755 anno
522 4701 699 4770 nonagesimo
725 4715 807 4765 nono,
834 4704 860 4754 et

918 3486 989 3543 beati
1005 3488 1140 3544 lobannis
1154 3487 1271 3618 syrostoli
1284 3498 1311 3545 et
1322 3488 1506 3560 evangelistae,
1537 3492 1563 3546 ui
1575 3491 1650 3550 filius
1662 3496 1717 3553 tuit

918 3568 1070 3616 rriaterterau
1083 3561 1147 3616 lesu
1185 3560 1278 3626 bristi,
1292 3568 1318 3615 et
1329 3560 1413 3616 irater
1425 3562 1517 3617 iacobi
1557 3563 1650 3634 ajonis.
1662 3567 1717 3634 Qui

918 3631 983 3687 dum
999 3632 1101 3687 nubere
1113 3632 1205 3700 vellet,
1222 3649 1237 3687 a
1248 3632 1366 3688 Domino
1380 3632 1413 3688 de
1423 3635 1529 3704 nuptiis
1541 3644 1654 3692 vocatus
1663 3648 1715 3707 est,

917 3711 944 3758 et
959 3702 1021 3758 ideo
1042 3719 1058 3758 a
1082 3704 1200 3760 Domino
1220 3703 1254 3759 ad
1273 3703 1367 3760 omnia
1386 3713 1489 3761 secreta
1507 3722 1556 3761 sua
1576 3707 1716 3768 admissus
1735 3760 1737 3765 .

917 3784 967 3839 est,
988 3798 997 3821 ι
1026 3782 1078 3831 etc.
1095 3774 1126 3831 ln
1141 3775 1262 3831 Maximo
1276 3776 1359 3831 etiam
1375 3792 1459 3847 purus
1478 3784 1528 3846 est,
1545 3779 1620 3835 etde
1638 3782 1718 3840 Zoilo

917 3846 1213 3918 habetutpraeoedens.
1601 3899 1603 3903 ,

952 3918 1423 3976 utine.-uanms.-Ummsmr.:
1455 3945 1464 3968 ι
1492 3922 1606 3980 loannis
1630 3939 1715 3982 evan-

917 3990 1030 4059 gelistae.
1048 3989 1160 4045 Maximi
1177 3991 1299 4062 episcopi
1314 4000 1340 4047 et
1353 3993 1528 4050 contessoris.
1545 4021 1554 4042 ι

952 4060 1099 4126 Vesicae,
1116 4061 1238 4131 signatus
1259 4078 1334 4115 ntem.
1354 4062 1433 4118 5949.
1444 4064 1652 4122 llocdiecodert
1667 4067 1717 4125 iste

918 4131 996 4202 plane
1008 4130 1168 4184 Adonianus
1178 4138 1229 4195 est,
1241 4147 1304 4184 nam
1316 4132 1436 4186 blaximo
1448 4139 1640 4204 praetermiss0,
1652 4139 1715 4194 Dio·

917 4203 1028 4273 nysium
1044 4216 1139 4272 papam
1156 4201 1287 4256 restituit.

952 4274 1074 4327 Reusss.
1097 4272 1143 4330 SS.
1172 4271 1243 4326 Tim.
1271 4277 1298 4325 et
1321 4272 1412 4342 Apoll.
1442 4271 1561 4341 Zoilum,
1590 4278 1716 4347 superius

917 4343 1118 4415 presbyterum,
1135 4343 1164 4397 in
1178 4343 1336 4415 episcopum
1352 4342 1529 4399 transformat
1545 4345 1591 4401 hic
1606 4347 1713 4403 codex:

916 4416 975 4541 f«ln
991 4413 1115 4494 partibus
1128 4412 1273 4486 Aquileiae,
1290 4414 1382 4468 sancti«
1392 4414 1466 4468 Zoeli
1482 4414 1602 4488 episcopi
1613 4425 1640 4472 et
1650 4434 1715 4474 ceu-

928 4502 1058 4541 essoris·

951 4557 1046 4611 Editio
1062 4555 1256 4611 busson-Con.
1274 4563 1334 4626 post
1353 4555 1530 4622 ecclesiaste
1546 4557 1649 4615 loanne
1674 4559 1715 4617 sic

916 4627 1071 4683 interserit:
1097 4652 1105 4672 ι
1118 4627 1153 4681 m
1168 4625 1307 4682 coniectus
1322 4627 1409 4693 senio,
1425 4628 1514 4684 sciens
1524 4630 1715 4702 supervenisse

916 4700 989 4754 diem
1013 4715 1133 4755 recessus
1155 4699 1208 4765 sui,
1228 4699 1386 4754 convocatis
1409 4699 1552 4771 discipulis
1574 4703 1640 4770 suis,
1667 4718 1715 4773 per

60 4783 122 4847 post
143 4773 298 4846 passionem
319 4771 433 4839 Christi,
450 4787 522 4826 atino
536 4770 735 4842 septuagesimo
751 4780 860 4838 octavo,
875 4771 899 4831 D
917 4772 1003 4826 multa
1026 4771 1166 4842 signorum
1195 4771 1382 4842 experimenta
1409 4786 1534 4842 premens
1560 4772 1712 4843 Christum,

60 4846 139 4901 nullo
155 4846 250 4900 dolore
264 4845 415 4925 gravatutis
435 4843 463 4898 in
479 4843 586 4914 Epheso
599 4842 747 4914 requievit,
763 4852 861 4897 octavo

58 4916 200 4973 Kalendas
213 4916 289 4983 lulir,
306 4916 335 4970 in
351 4915 472 4970 navitate
487 4913 557 4969 beati
573 4913 707 4970 lobannis
721 4914 859 4984 Baptistae,

57 4989 105 5046 sed
126 4988 211 5044 cessit
229 4986 265 5054 ei,
286 5003 340 5058 quo
360 4987 433 5041 inter
450 4996 528 5042 natos
542 4986 689 5040 mulierum
706 4985 792 5056 rriajor
807 5002 861 5040 non

56 5060 192 5127 surrexit,
210 5065 237 5113 et
252 5060 414 5113 translatum
426 5064 466 5112 est
480 5057 579 5112 testum
588 5055 647 5126 ejus
659 5055 692 5110 ad
706 5056 776 5110 hanc
788 5056 861 5111 diem

54 5133 174 5190 terciam
198 5128 352 5185 nativitatis
376 5128 490 5196 Christi,
510 5136 540 5183 ut
561 5143 656 5182 omnes
671 5127 784 5182 comites
799 5142 862 5182 suess

54 5203 175 5260 haberet
187 5217 315 5272 sponsus,
331 5200 378 5272 qni
393 5199 527 5255 candidus
546 5207 627 5255 estet
644 5198 824 5276 rubicundus.
846 5222 855 5245 ι

52 5276 118 5332 Non
150 5288 249 5344 magna
274 5272 438 5327 auctoritate
464 5271 522 5326 bec
544 5271 681 5327 nituntur.
711 5269 858 5339 Sequitur:

60 5373 70 5396 ‹
92 5344 205 5402 Eodem
226 5343 281 5410 die,
306 5341 444 5399 ordinatio
468 5342 640 5414 episcopatus
661 5342 747 5396 savioli
768 5338 861 5394 iacobi

52 5417 157 5475 fratris
175 5412 298 5472 Domini.
321 5414 374 5482 Qui
389 5413 423 5469 ab
437 5414 569 5486 apostolis
581 5411 685 5484 primus
704 5427 739 5464 ex
758 5409 862 5466 ludaeis

50 5485 242 5569 ierosolymis
250 5492 292 5541 est
302 5484 393 5557 episco
414 5501 446 5543 us
456 5485 609 5552 ordinatus,
623 5490 650 5537 et
662 5481 752 5537 medio
758 5481 862 5537 Pascha

50 5566 197 5633 martyrio
208 5562 391 5616 ooromms.·
412 5556 563 5615 nMaximo
572 5554 659 5611 codex
670 5568 755 5625 purus
765 5560 815 5608 est.
831 5554 861 5608 ln

50 5632 230 5693 mimum
294 5627 425 5705 mrim·
552 5625 653 5685 ihneA
674 5623 863 5696 uilegie,na-

10 5696 22 5717 ⁸
48 5698 269 5765 &metito
302 5722 337 5771 ‚²
353 5704 422 5771 ete,
440 5706 473 5761 ul
489 5634 746 5765 mutue-hart,
766 5711 861 5778 supra.

16 5790 21 5801 “
88 5766 280 5839 wlff·
300 5776 432 5847 ulmum
451 5766 536 5831 hahet
551 5770 587 5829 tle
605 5769 710 5826 loanne
729 5766 861 5839 elogium,

48 5844 141 5923 emitte
150 5840 204 5905 lllt'
214 5840 324 5919 lutiam
334 5838 472 5917 tubiltlo:
495 5866 506 5895 ι
518 5839 601 5916 Apud
610 5840 761 5914 Ephesum,
773 5837 861 5894 natale

915 4842 1082 4898 descendens
1097 4843 1126 4897 in
1141 4842 1278 4897 defossum
1295 4843 1441 4914 sepulture
1454 4862 1509 4899 suae
1525 4846 1627 4913 locum,
1643 4846 1715 4900 lacta

916 4915 1039 4969 oratione
1053 4914 1132 4980 obiit,
1145 4921 1200 4968 tam
1215 4922 1363 4969 extraneus
1378 4930 1393 4969 a
1408 4915 1502 4970 dolore
1513 4917 1619 4984 mortis,
1631 4931 1713 4986 quam

915 5002 930 5040 a
945 4987 1120 5056 corruptione
1134 4985 1225 5040 caratis
1241 4985 1382 5041 invenitur
1397 4986 1518 5051 alienus;
1537 4995 1598 5056 post
1610 4985 1712 5065 passio·

917 5073 981 5112 nem
997 5056 1108 5112 Domini
1128 5057 1297 5126 sexagesimo
1315 5065 1422 5121 octavo,
1446 5082 1454 5103 ι
1476 5066 1528 5112 etc.
1544 5056 1664 5111 Maxrrno
1685 5063 1714 5111 et

915 5129 1004 5191 Zoile,
1020 5128 1113 5183 eadem
1127 5126 1208 5182 babet
1223 5143 1283 5198 qua
1301 5143 1390 5198 supra.

952 5199 1089 5252 Cassan:
1115 5221 1124 5244 ι
1138 5197 1239 5251 Eodem
1255 5196 1309 5263 die,
1321 5196 1458 5253 ordinatio
1471 5197 1642 5268 episcopatus
1654 5213 1713 5252 san·

917 5269 953 5325 cti
969 5269 1061 5325 iacobi
1077 5267 1171 5322 fratris
1183 5268 1305 5323 Domini.
1320 5267 1390 5322 Zoili
1402 5266 1553 5339 presbyteri
1568 5277 1595 5323 et
1609 5268 1714 5324 curiles·

917 5340 997 5407 soris,
1014 5339 1061 5410 qui
1080 5354 1144 5394 curn
1164 5345 1289 5393 sanctum
1306 5338 1485 5409 Crisogonum
1502 5339 1652 5408 sepelisset,
1670 5356 1713 5396 eo·

917 5411 979 5466 dem
991 5411 1043 5467 sibi
1058 5416 1216 5481 apparente,
1233 5409 1372 5463 tricesimo
1387 5409 1432 5462 die
1446 5409 1581 5489 passionis
1595 5408 1664 5482 ejus,
1679 5409 1714 5467 ad

917 5483 1066 5538 Dorriinum
1091 5479 1221 5551 perrexit.
1245 5480 1399 5550 Aspalianae
1426 5480 1551 5552 virginis.
1581 5481 1713 5551 Claudiae,

918 5554 1014 5610 matris
1028 5560 1128 5610 sanctae
1143 5549 1282 5622 Eugeniee.
1299 5552 1433 5619 Patrone,
1455 5559 1555 5608 sanctae
1570 5560 1713 5609 matrone.

916 5623 1047 5750 (li'abiote
1064 5629 1194 5679 matrone
1208 5631 1319 5692 encta,
1335 5621 1444 5679 abesto
1459 5622 1629 5698 Hieronymo
1650 5623 1715 5680 lau-

935 5702 1021 5752 ate.»

951 5766 1086 5825 blotan:
1116 5766 1180 5824 ·1n
1243 5764 1331 5824 stibus
1352 5765 1497 5850 Aquileia,
1526 5768 1614 5827 tancti
1640 5765 1715 5827 zoeli

917 5838 1070 5912 presbyteri
1097 5845 1125 5896 et
1151 5854 1203 5896 con
1216 5837 1326 5907 essoris,
1352 5853 1400 5910 qut
1427 5839 1457 5896 in
1485 5838 1614 5913 passione
1642 5837 1728 5892 sest
