<?xml version="1.0" encoding="UTF-8"?>
<!DOCTYPE html PUBLIC "-//W3C//DTD XHTML 1.0 Transitional//EN"
    "http://www.w3.org/TR/xhtml1/DTD/xhtml1-transitional.dtd">
<html xmlns="http://www.w3.org/1999/xhtml" xml:lang="en" lang="en">
 <head>
  <title>
</title>
<meta http-equiv="Content-Type" content="text/html;charset=utf-8" />
  <meta name='ocr-system' content='tesseract 3.04.00' />
  <meta name='ocr-capabilities' content='ocr_page ocr_carea ocr_par ocr_line ocrx_word'/>
</head>
<body>
  <div class='ocr_page' id='page_1' title='image "./patrologiaecurs76unkngoog_0452.png"; bbox 0 0 3834 6136; ppageno 0'>
   <div class='ocr_carea' id='block_1_1' title="bbox 57 244 1737 2997">
    <p class='ocr_par' dir='ltr' id='par_1_1' title="bbox 57 244 1737 2997">
     <span class='ocr_line' id='line_1_1' title="bbox 61 244 1721 315; baseline 0.005 -12"><span class='ocrx_word' id='word_1_1' title='bbox 61 244 118 304; x_wconf 82' lang='grc'>893</span> <span class='ocrx_word' id='word_1_2' title='bbox 797 249 990 310; x_wconf 77' lang='lat' dir='ltr'>EPISTOLAE.</span> <span class='ocrx_word' id='word_1_3' title='bbox 1040 282 1045 289; x_wconf 90' lang='lat'>·</span> <span class='ocrx_word' id='word_1_4' title='bbox 1667 254 1721 315; x_wconf 73' lang='lat' dir='ltr'>tit</span> 
     </span>
     <span class='ocr_line' id='line_1_2' title="bbox 61 401 1720 484; baseline 0.008 -22"><span class='ocrx_word' id='word_1_5' title='bbox 61 409 237 472; x_wconf 84' lang='lat' dir='ltr'>statuuntur,</span> <span class='ocrx_word' id='word_1_6' title='bbox 249 403 284 459; x_wconf 88' lang='lat' dir='ltr'>de</span> <span class='ocrx_word' id='word_1_7' title='bbox 294 401 394 475; x_wconf 92' lang='lat' dir='ltr'>quibus</span> <span class='ocrx_word' id='word_1_8' title='bbox 404 419 452 477; x_wconf 91' lang='lat' dir='ltr'>per</span> <span class='ocrx_word' id='word_1_9' title='bbox 462 403 623 477; x_wconf 88' lang='lat' dir='ltr'>prophetam</span> <span class='ocrx_word' id='word_1_10' title='bbox 633 403 744 478; x_wconf 88' lang='lat' dir='ltr'>dicitur,</span> <span class='ocrx_word' id='word_1_11' title='bbox 775 409 818 467; x_wconf 80' lang='lat' dir='ltr'>Vre</span> <span class='ocrx_word' id='word_1_12' title='bbox 831 409 871 466; x_wconf 87' lang='lat' dir='ltr'>bis</span> <span class='ocrx_word' id='word_1_13' title='bbox 884 412 910 472; x_wconf 81' lang='grc' dir='ltr'><strong>Α</strong></span> <span class='ocrx_word' id='word_1_14' title='bbox 924 409 1085 466; x_wconf 74' lang='lat' dir='ltr'><strong><em>exercituum</em></strong></span> <span class='ocrx_word' id='word_1_15' title='bbox 1097 414 1135 466; x_wconf 87' lang='lat' dir='ltr'>est</span> <span class='ocrx_word' id='word_1_16' title='bbox 1151 410 1279 484; x_wconf 79' lang='lat' dir='ltr'>(ttamen</span> <span class='ocrx_word' id='word_1_17' title='bbox 1295 411 1340 482; x_wconf 89' lang='lat' dir='ltr'>u),</span> <span class='ocrx_word' id='word_1_18' title='bbox 1356 411 1443 468; x_wconf 88' lang='lat' dir='ltr'>nolite</span> <span class='ocrx_word' id='word_1_19' title='bbox 1466 412 1623 484; x_wconf 69' lang='lat' dir='ltr'>permittere</span> <span class='ocrx_word' id='word_1_20' title='bbox 1638 417 1720 478; x_wconf 86' lang='lat' dir='ltr'>uobis</span> 
     </span>
     <span class='ocr_line' id='line_1_3' title="bbox 60 493 1720 578; baseline 0.007 -26"><span class='ocrx_word' id='word_1_21' title='bbox 60 496 111 569; x_wconf 85' lang='lat' dir='ltr'>qui</span> <span class='ocrx_word' id='word_1_22' title='bbox 125 493 244 550; x_wconf 79' lang='lat' dir='ltr'>madunt</span> <span class='ocrx_word' id='word_1_23' title='bbox 272 494 338 564; x_wconf 75' lang='lat' dir='ltr'>lepra</span> <span class='ocrx_word' id='word_1_24' title='bbox 363 493 480 564; x_wconf 85' lang='lat' dir='ltr'>iniquas,</span> <span class='ocrx_word' id='word_1_25' title='bbox 496 501 521 551; x_wconf 87' lang='lat' dir='ltr'>ct</span> <span class='ocrx_word' id='word_1_26' title='bbox 545 494 684 551; x_wconf 70' lang='lat' dir='ltr'>scribentes</span> <span class='ocrx_word' id='word_1_27' title='bbox 706 493 867 564; x_wconf 78' lang='lat' dir='ltr'>iniustitiam</span> <span class='ocrx_word' id='word_1_28' title='bbox 921 499 1003 556; x_wconf 89' lang='lat' dir='ltr'>scribi</span> <span class='ocrx_word' id='word_1_29' title='bbox 1015 513 1050 555; x_wconf 89' lang='lat' dir='ltr'>ax</span> <span class='ocrx_word' id='word_1_30' title='bbox 1061 507 1158 557; x_wconf 88' lang='lat' dir='ltr'>vestrae</span> <span class='ocrx_word' id='word_1_31' title='bbox 1171 499 1346 558; x_wconf 86' lang='lat' dir='ltr'>auctoritatis</span> <span class='ocrx_word' id='word_1_32' title='bbox 1355 500 1480 569; x_wconf 88' lang='lat' dir='ltr'>nomine,</span> <span class='ocrx_word' id='word_1_33' title='bbox 1503 502 1720 578; x_wconf 83' lang='lat' dir='ltr'>quasiulcgibus</span> 
     </span>
     <span class='ocr_line' id='line_1_4' title="bbox 60 580 1720 665; baseline 0 -15"><span class='ocrx_word' id='word_1_34' title='bbox 60 586 230 658; x_wconf 67' lang='lat' dir='ltr'>scripttrlml</span> <span class='ocrx_word' id='word_1_35' title='bbox 246 581 314 653; x_wconf 65' lang='lat'>(1³1¹-</span> <span class='ocrx_word' id='word_1_36' title='bbox 331 580 374 652; x_wconf 77' lang='lat'>¹)-</span> <span class='ocrx_word' id='word_1_37' title='bbox 390 580 429 637; x_wconf 65' lang='lat' dir='ltr'>Ea</span> <span class='ocrx_word' id='word_1_38' title='bbox 444 580 636 650; x_wconf 89' lang='lat' dir='ltr'>nibilominus,</span> <span class='ocrx_word' id='word_1_39' title='bbox 653 598 713 655; x_wconf 79' lang='lat' dir='ltr'>qum</span> <span class='ocrx_word' id='word_1_40' title='bbox 727 598 742 638; x_wconf 87' lang='lat' dir='ltr'>u</span> <span class='ocrx_word' id='word_1_41' title='bbox 755 583 867 640; x_wconf 82' lang='lat' dir='ltr'>vicariis</span> <span class='ocrx_word' id='word_1_42' title='bbox 920 588 1015 657; x_wconf 90' lang='lat' dir='ltr'>sacris,</span> <span class='ocrx_word' id='word_1_43' title='bbox 1043 588 1093 645; x_wconf 92' lang='lat' dir='ltr'>Dei</span> <span class='ocrx_word' id='word_1_44' title='bbox 1109 588 1243 662; x_wconf 87' lang='lat' dir='ltr'>sapientia</span> <span class='ocrx_word' id='word_1_45' title='bbox 1257 589 1387 658; x_wconf 90' lang='lat' dir='ltr'>conditis,</span> <span class='ocrx_word' id='word_1_46' title='bbox 1415 597 1442 646; x_wconf 89' lang='lat' dir='ltr'>et</span> <span class='ocrx_word' id='word_1_47' title='bbox 1457 589 1486 646; x_wconf 93' lang='lat' dir='ltr'>in</span> <span class='ocrx_word' id='word_1_48' title='bbox 1500 591 1604 647; x_wconf 86' lang='lat' dir='ltr'>sanctis</span> <span class='ocrx_word' id='word_1_49' title='bbox 1619 594 1720 665; x_wconf 88' lang='lat' dir='ltr'>regulis</span> 
     </span>
     <span class='ocr_line' id='line_1_5' title="bbox 60 671 1719 751; baseline 0.005 -19"><span class='ocrx_word' id='word_1_50' title='bbox 60 675 137 733; x_wconf 88' lang='lat' dir='ltr'>beati</span> <span class='ocrx_word' id='word_1_51' title='bbox 151 672 228 732; x_wconf 88' lang='lat' dir='ltr'>Petri</span> <span class='ocrx_word' id='word_1_52' title='bbox 238 671 458 740; x_wconf 89' lang='lat' dir='ltr'>constituuntur,</span> <span class='ocrx_word' id='word_1_53' title='bbox 470 677 597 728; x_wconf 86' lang='lat' dir='ltr'>maneant</span> <span class='ocrx_word' id='word_1_54' title='bbox 608 671 780 742; x_wconf 88' lang='lat' dir='ltr'>inconvulsa,</span> <span class='ocrx_word' id='word_1_55' title='bbox 792 674 865 746; x_wconf 88' lang='lat' dir='ltr'>quia,</span> <span class='ocrx_word' id='word_1_56' title='bbox 921 677 1043 749; x_wconf 84' lang='lat' dir='ltr'>ejusdcm</span> <span class='ocrx_word' id='word_1_57' title='bbox 1053 676 1401 751; x_wconf 74' lang='lat' dir='ltr'>spiritupromubratisnon</span> <span class='ocrx_word' id='word_1_58' title='bbox 1411 680 1599 751; x_wconf 89' lang='lat' dir='ltr'>continentur,</span> <span class='ocrx_word' id='word_1_59' title='bbox 1608 681 1719 741; x_wconf 84' lang='lat' dir='ltr'>dicente</span> 
     </span>
     <span class='ocr_line' id='line_1_6' title="bbox 60 759 1720 841; baseline 0.003 -18"><span class='ocrx_word' id='word_1_60' title='bbox 60 772 94 823; x_wconf 91' lang='lat' dir='ltr'>ot</span> <span class='ocrx_word' id='word_1_61' title='bbox 109 765 165 822; x_wconf 85' lang='lat' dir='ltr'>Leo</span> <span class='ocrx_word' id='word_1_62' title='bbox 194 761 264 819; x_wconf 89' lang='lat' dir='ltr'>dicit</span> <span class='ocrx_word' id='word_1_63' title='bbox 280 762 371 831; x_wconf 85' lang='lat' dir='ltr'>(serm.</span> <span class='ocrx_word' id='word_1_64' title='bbox 401 759 418 817; x_wconf 84' lang='lat'><strong>3</strong></span> <span class='ocrx_word' id='word_1_65' title='bbox 432 761 460 815; x_wconf 86' lang='lat' dir='ltr'>in</span> <span class='ocrx_word' id='word_1_66' title='bbox 472 759 577 832; x_wconf 81' lang='lat' dir='ltr'><strong><em>anniv.)</em></strong></span> <span class='ocrx_word' id='word_1_67' title='bbox 593 777 600 815; x_wconf 76' lang='grc' dir='ltr'><strong><em>ι</em></strong></span> <span class='ocrx_word' id='word_1_68' title='bbox 624 760 703 817; x_wconf 76' lang='lat' dir='ltr'>«Neo</span> <span class='ocrx_word' id='word_1_69' title='bbox 727 761 814 817; x_wconf 90' lang='lat' dir='ltr'>nimia</span> <span class='ocrx_word' id='word_1_70' title='bbox 827 769 867 818; x_wconf 87' lang='lat' dir='ltr'>est</span> <span class='ocrx_word' id='word_1_71' title='bbox 922 766 987 824; x_wconf 87' lang='lat' dir='ltr'>item</span> <span class='ocrx_word' id='word_1_72' title='bbox 999 766 1140 840; x_wconf 87' lang='lat' dir='ltr'>propheta,</span> <span class='ocrx_word' id='word_1_73' title='bbox 1154 767 1183 824; x_wconf 93' lang='lat' dir='ltr'>id</span> <span class='ocrx_word' id='word_1_74' title='bbox 1195 774 1235 823; x_wconf 91' lang='lat' dir='ltr'>est</span> <span class='ocrx_word' id='word_1_75' title='bbox 1245 768 1380 825; x_wconf 86' lang='lat' dir='ltr'>sacerdoti</span> <span class='ocrx_word' id='word_1_76' title='bbox 1391 768 1583 841; x_wconf 75' lang='lat' dir='ltr'>precipiente:</span> <span class='ocrx_word' id='word_1_77' title='bbox 1597 769 1720 828; x_wconf 76' lang='lat' dir='ltr'>Audmns</span> 
     </span>
     <span class='ocr_line' id='line_1_7' title="bbox 60 848 1721 934; baseline 0.004 -22"><span class='ocrx_word' id='word_1_78' title='bbox 60 849 253 913; x_wconf 85' lang='lat' dir='ltr'>seueritasvel</span> <span class='ocrx_word' id='word_1_79' title='bbox 267 848 402 917; x_wconf 83' lang='lat' dir='ltr'>remissio,</span> <span class='ocrx_word' id='word_1_80' title='bbox 433 849 480 904; x_wconf 90' lang='lat' dir='ltr'>uhi</span> <span class='ocrx_word' id='word_1_81' title='bbox 495 849 567 905; x_wconf 90' lang='lat' dir='ltr'>nibil</span> <span class='ocrx_word' id='word_1_82' title='bbox 595 849 783 920; x_wconf 83' lang='lat' dir='ltr'>constituitur,</span> <span class='ocrx_word' id='word_1_83' title='bbox 813 852 866 909; x_wconf 91' lang='lat' dir='ltr'>nisi</span> <span class='ocrx_word' id='word_1_84' title='bbox 922 857 1106 914; x_wconf 75' lang='lat' dir='ltr'>enuntiabiseir</span> <span class='ocrx_word' id='word_1_85' title='bbox 1127 876 1159 914; x_wconf 79' lang='lat' dir='ltr'>ea</span> <span class='ocrx_word' id='word_1_86' title='bbox 1174 875 1212 913; x_wconf 88' lang='lat' dir='ltr'>me</span> <span class='ocrx_word' id='word_1_87' title='bbox 1227 859 1336 930; x_wconf 83' lang='lat' dir='ltr'>(Eaecli.</span> <span class='ocrx_word' id='word_1_88' title='bbox 1353 861 1419 930; x_wconf 89' lang='lat'>111);</span> <span class='ocrx_word' id='word_1_89' title='bbox 1451 875 1546 928; x_wconf 83' lang='lat' dir='ltr'>eume,</span> <span class='ocrx_word' id='word_1_90' title='bbox 1562 859 1662 934; x_wconf 89' lang='lat' dir='ltr'>inquit,</span> <span class='ocrx_word' id='word_1_91' title='bbox 1692 868 1721 918; x_wconf 88' lang='lat' dir='ltr'>et</span> 
     </span>
     <span class='ocr_line' id='line_1_8' title="bbox 59 936 1721 1021; baseline 0.002 -22"><span class='ocrx_word' id='word_1_92' title='bbox 59 942 137 1019; x_wconf 92' lang='lat' dir='ltr'>quod</span> <span class='ocrx_word' id='word_1_93' title='bbox 152 957 188 999; x_wconf 85' lang='lat' dir='ltr'>cx</span> <span class='ocrx_word' id='word_1_94' title='bbox 199 939 273 996; x_wconf 88' lang='lat' dir='ltr'>beati</span> <span class='ocrx_word' id='word_1_95' title='bbox 283 937 357 994; x_wconf 86' lang='lat' dir='ltr'>Petri</span> <span class='ocrx_word' id='word_1_96' title='bbox 377 938 506 1011; x_wconf 86' lang='lat' dir='ltr'>aequitate</span> <span class='ocrx_word' id='word_1_97' title='bbox 519 936 692 1010; x_wconf 81' lang='lat' dir='ltr'>profertur.»</span> <span class='ocrx_word' id='word_1_98' title='bbox 715 938 778 993; x_wconf 78' lang='lat' dir='ltr'>ilaec</span> <span class='ocrx_word' id='word_1_99' title='bbox 793 938 867 993; x_wconf 88' lang='lat' dir='ltr'>enim</span> <span class='ocrx_word' id='word_1_100' title='bbox 921 960 977 1000; x_wconf 79' lang='lat' dir='ltr'>non</span> <span class='ocrx_word' id='word_1_101' title='bbox 1002 961 1036 1000; x_wconf 67' lang='lat' dir='ltr'>aa</span> <span class='ocrx_word' id='word_1_102' title='bbox 1050 951 1082 1002; x_wconf 71' lang='lat' dir='ltr'>ir,</span> <span class='ocrx_word' id='word_1_103' title='bbox 1097 945 1132 1002; x_wconf 84' lang='lat' dir='ltr'>Et</span> <span class='ocrx_word' id='word_1_104' title='bbox 1163 945 1375 1020; x_wconf 89' lang='lat' dir='ltr'>redarguuntur,</span> <span class='ocrx_word' id='word_1_105' title='bbox 1391 946 1438 1021; x_wconf 92' lang='lat' dir='ltr'>qui</span> <span class='ocrx_word' id='word_1_106' title='bbox 1453 946 1487 1004; x_wconf 92' lang='lat' dir='ltr'>de</span> <span class='ocrx_word' id='word_1_107' title='bbox 1514 947 1596 1004; x_wconf 89' lang='lat' dir='ltr'>corda</span> <span class='ocrx_word' id='word_1_108' title='bbox 1610 948 1721 1005; x_wconf 88' lang='lat' dir='ltr'>suolo-</span> 
     </span>
     <span class='ocr_line' id='line_1_9' title="bbox 60 1025 1721 1109; baseline 0.002 -19"><span class='ocrx_word' id='word_1_109' title='bbox 60 1030 167 1091; x_wconf 87' lang='lat' dir='ltr'>scimus</span> <span class='ocrx_word' id='word_1_110' title='bbox 176 1043 235 1086; x_wconf 84' lang='lat' dir='ltr'>esee</span> <span class='ocrx_word' id='word_1_111' title='bbox 249 1025 393 1094; x_wconf 90' lang='lat' dir='ltr'>canonice,</span> <span class='ocrx_word' id='word_1_112' title='bbox 418 1025 521 1082; x_wconf 88' lang='lat' dir='ltr'>scimus</span> <span class='ocrx_word' id='word_1_113' title='bbox 535 1042 593 1083; x_wconf 88' lang='lat' dir='ltr'>esse</span> <span class='ocrx_word' id='word_1_114' title='bbox 606 1026 756 1099; x_wconf 84' lang='lat' dir='ltr'>apostolica</span> <span class='ocrx_word' id='word_1_115' title='bbox 767 1035 868 1085; x_wconf 89' lang='lat' dir='ltr'>aucto·</span> <span class='ocrx_word' id='word_1_116' title='bbox 922 1041 1054 1104; x_wconf 88' lang='lat' dir='ltr'>quuntur,</span> <span class='ocrx_word' id='word_1_117' title='bbox 1071 1035 1201 1107; x_wconf 90' lang='lat' dir='ltr'>quoniam</span> <span class='ocrx_word' id='word_1_118' title='bbox 1214 1035 1261 1104; x_wconf 85' lang='lat' dir='ltr'>qui</span> <span class='ocrx_word' id='word_1_119' title='bbox 1275 1053 1292 1090; x_wconf 90' lang='lat' dir='ltr'>c</span> <span class='ocrx_word' id='word_1_120' title='bbox 1306 1036 1440 1106; x_wconf 83' lang='lat' dir='ltr'>semetipso</span> <span class='ocrx_word' id='word_1_121' title='bbox 1463 1037 1592 1106; x_wconf 85' lang='lat' dir='ltr'>loquitur,</span> <span class='ocrx_word' id='word_1_122' title='bbox 1606 1038 1721 1109; x_wconf 85' lang='lat' dir='ltr'>plurium</span> 
     </span>
     <span class='ocr_line' id='line_1_10' title="bbox 60 1115 1720 1195; baseline 0.001 -15"><span class='ocrx_word' id='word_1_123' title='bbox 60 1122 146 1181; x_wconf 81' lang='lat' dir='ltr'>ritate</span> <span class='ocrx_word' id='word_1_124' title='bbox 159 1118 298 1185; x_wconf 88' lang='lat' dir='ltr'>roborata,</span> <span class='ocrx_word' id='word_1_125' title='bbox 315 1123 342 1173; x_wconf 90' lang='lat' dir='ltr'>et</span> <span class='ocrx_word' id='word_1_126' title='bbox 356 1115 522 1189; x_wconf 82' lang='lat' dir='ltr'>Apostolicae</span> <span class='ocrx_word' id='word_1_127' title='bbox 533 1115 734 1186; x_wconf 85' lang='lat' dir='ltr'>sedisdecrete,</span> <span class='ocrx_word' id='word_1_128' title='bbox 753 1133 822 1190; x_wconf 81' lang='lat' dir='ltr'>qum,</span> <span class='ocrx_word' id='word_1_129' title='bbox 837 1126 868 1175; x_wconf 89' lang='lat' dir='ltr'>ut</span> <span class='ocrx_word' id='word_1_130' title='bbox 920 1122 1060 1194; x_wconf 77' lang='lat' dir='ltr'><strong><em>propriam</em></strong></span> <span class='ocrx_word' id='word_1_131' title='bbox 1070 1121 1166 1194; x_wconf 79' lang='lat' dir='ltr'>quaerit</span> <span class='ocrx_word' id='word_1_132' title='bbox 1181 1121 1273 1193; x_wconf 79' lang='lat' dir='ltr'>(ioca.</span> <span class='ocrx_word' id='word_1_133' title='bbox 1291 1124 1354 1194; x_wconf 88' lang='lat' dir='ltr'>vu).</span> <span class='ocrx_word' id='word_1_134' title='bbox 1366 1123 1560 1194; x_wconf 88' lang='lat' dir='ltr'>Noliteigitur,</span> <span class='ocrx_word' id='word_1_135' title='bbox 1571 1125 1720 1195; x_wconf 79' lang='lat' dir='ltr'>utpraemi·</span> 
     </span>
     <span class='ocr_line' id='line_1_11' title="bbox 60 1205 1720 1283; baseline 0.002 -15"><span class='ocrx_word' id='word_1_136' title='bbox 60 1208 189 1269; x_wconf 74' lang='lat' dir='ltr'>Gelenius</span> <span class='ocrx_word' id='word_1_137' title='bbox 200 1206 271 1264; x_wconf 89' lang='lat' dir='ltr'>dicit</span> <span class='ocrx_word' id='word_1_138' title='bbox 281 1205 368 1279; x_wconf 85' lang='lat' dir='ltr'>(epist.</span> <span class='ocrx_word' id='word_1_139' title='bbox 383 1206 415 1262; x_wconf 81' lang='lat'>10</span> <span class='ocrx_word' id='word_1_140' title='bbox 427 1206 463 1260; x_wconf 86' lang='lat' dir='ltr'>cd</span> <span class='ocrx_word' id='word_1_141' title='bbox 472 1206 560 1263; x_wconf 87' lang='lat' dir='ltr'>Dord.</span> <span class='ocrx_word' id='word_1_142' title='bbox 576 1207 606 1261; x_wconf 89' lang='lat' dir='ltr'>in</span> <span class='ocrx_word' id='word_1_143' title='bbox 618 1205 732 1278; x_wconf 84' lang='lat' dir='ltr'>princ),</span> <span class='ocrx_word' id='word_1_144' title='bbox 747 1231 755 1254; x_wconf 87' lang='lat'><strong>·</strong></span> <span class='ocrx_word' id='word_1_145' title='bbox 768 1207 867 1263; x_wconf 86' lang='lat' dir='ltr'>Unam·</span> <span class='ocrx_word' id='word_1_146' title='bbox 922 1211 1019 1279; x_wconf 85' lang='lat' dir='ltr'>simus,</span> <span class='ocrx_word' id='word_1_147' title='bbox 1034 1228 1069 1268; x_wconf 87' lang='lat' dir='ltr'>ex</span> <span class='ocrx_word' id='word_1_148' title='bbox 1083 1218 1174 1267; x_wconf 81' lang='lat' dir='ltr'>vestro</span> <span class='ocrx_word' id='word_1_149' title='bbox 1190 1210 1313 1280; x_wconf 90' lang='lat' dir='ltr'>nomine,</span> <span class='ocrx_word' id='word_1_150' title='bbox 1341 1212 1385 1267; x_wconf 85' lang='lat' dir='ltr'>uel</span> <span class='ocrx_word' id='word_1_151' title='bbox 1398 1212 1555 1283; x_wconf 75' lang='lat' dir='ltr'>apostolica</span> <span class='ocrx_word' id='word_1_152' title='bbox 1569 1211 1643 1270; x_wconf 88' lang='lat' dir='ltr'>sedis</span> <span class='ocrx_word' id='word_1_153' title='bbox 1665 1230 1720 1271; x_wconf 87' lang='lat' dir='ltr'>au·</span> 
     </span>
     <span class='ocr_line' id='line_1_12' title="bbox 61 1296 1719 1378; baseline 0.002 -22"><span class='ocrx_word' id='word_1_154' title='bbox 61 1315 202 1378; x_wconf 82' lang='lat' dir='ltr'>quamque</span> <span class='ocrx_word' id='word_1_155' title='bbox 214 1297 352 1374; x_wconf 83' lang='lat' dir='ltr'><strong>synodum</strong></span> <span class='ocrx_word' id='word_1_156' title='bbox 381 1303 408 1352; x_wconf 89' lang='lat' dir='ltr'>et</span> <span class='ocrx_word' id='word_1_157' title='bbox 422 1312 472 1353; x_wconf 85' lang='lat' dir='ltr'>sua</span> <span class='ocrx_word' id='word_1_158' title='bbox 484 1296 649 1354; x_wconf 87' lang='lat' dir='ltr'>auctoritate</span> <span class='ocrx_word' id='word_1_159' title='bbox 669 1297 824 1365; x_wconf 86' lang='lat' dir='ltr'>confirmat,</span> <span class='ocrx_word' id='word_1_160' title='bbox 841 1304 868 1356; x_wconf 87' lang='lat' dir='ltr'>et</span> <span class='ocrx_word' id='word_1_161' title='bbox 922 1301 1058 1370; x_wconf 89' lang='lat' dir='ltr'>ctoritate,</span> <span class='ocrx_word' id='word_1_162' title='bbox 1066 1300 1204 1374; x_wconf 88' lang='lat' dir='ltr'>jussiones</span> <span class='ocrx_word' id='word_1_163' title='bbox 1216 1303 1258 1359; x_wconf 79' lang='lat' dir='ltr'>sel</span> <span class='ocrx_word' id='word_1_164' title='bbox 1270 1302 1589 1359; x_wconf 78' lang='lat' dir='ltr'>excommunicationum</span> <span class='ocrx_word' id='word_1_165' title='bbox 1600 1301 1719 1360; x_wconf 84' lang='lat' dir='ltr'>inteuta-</span> 
     </span>
     <span class='ocr_line' id='line_1_13' title="bbox 61 1386 1718 1464; baseline -0.002 -13"><span class='ocrx_word' id='word_1_166' title='bbox 61 1392 229 1451; x_wconf 84' lang='lat' dir='ltr'>continuata</span> <span class='ocrx_word' id='word_1_167' title='bbox 253 1386 443 1445; x_wconf 84' lang='lat' dir='ltr'>moderatione</span> <span class='ocrx_word' id='word_1_168' title='bbox 462 1387 592 1455; x_wconf 87' lang='lat' dir='ltr'>custodit,</span> <span class='ocrx_word' id='word_1_169' title='bbox 620 1404 669 1460; x_wconf 87' lang='lat' dir='ltr'>pro</span> <span class='ocrx_word' id='word_1_170' title='bbox 698 1387 867 1444; x_wconf 89' lang='lat' dir='ltr'>suosciiicct</span> <span class='ocrx_word' id='word_1_171' title='bbox 921 1389 1021 1459; x_wconf 88' lang='lat' dir='ltr'>tiones,</span> <span class='ocrx_word' id='word_1_172' title='bbox 1055 1399 1151 1447; x_wconf 90' lang='lat' dir='ltr'>contra</span> <span class='ocrx_word' id='word_1_173' title='bbox 1170 1407 1309 1448; x_wconf 87' lang='lat' dir='ltr'>sacrarum</span> <span class='ocrx_word' id='word_1_174' title='bbox 1329 1391 1535 1464; x_wconf 82' lang='lat' dir='ltr'>scripturarum</span> <span class='ocrx_word' id='word_1_175' title='bbox 1566 1398 1718 1462; x_wconf 82' lang='lat' dir='ltr'>tramitem,</span> 
     </span>
     <span class='ocr_line' id='line_1_14' title="bbox 60 1474 1719 1555; baseline 0.002 -20"><span class='ocrx_word' id='word_1_176' title='bbox 60 1479 232 1555; x_wconf 86' lang='lat' dir='ltr'>principatu,</span> <span class='ocrx_word' id='word_1_177' title='bbox 262 1492 344 1549; x_wconf 90' lang='lat' dir='ltr'>quem</span> <span class='ocrx_word' id='word_1_178' title='bbox 358 1475 454 1532; x_wconf 87' lang='lat' dir='ltr'>beatus</span> <span class='ocrx_word' id='word_1_179' title='bbox 480 1477 577 1532; x_wconf 87' lang='lat' dir='ltr'>Petrus</span> <span class='ocrx_word' id='word_1_180' title='bbox 590 1476 729 1550; x_wconf 88' lang='lat' dir='ltr'>apostolus</span> <span class='ocrx_word' id='word_1_181' title='bbox 754 1474 866 1532; x_wconf 89' lang='lat' dir='ltr'>Domini</span> <span class='ocrx_word' id='word_1_182' title='bbox 921 1478 1199 1552; x_wconf 87' lang='lat' dir='ltr'>prmdicatioucmque</span> <span class='ocrx_word' id='word_1_183' title='bbox 1231 1479 1377 1551; x_wconf 90' lang='lat' dir='ltr'>majorum,</span> <span class='ocrx_word' id='word_1_184' title='bbox 1397 1496 1429 1537; x_wconf 87' lang='lat' dir='ltr'>ac</span> <span class='ocrx_word' id='word_1_185' title='bbox 1462 1496 1599 1537; x_wconf 87' lang='lat' dir='ltr'>sacrarum</span> <span class='ocrx_word' id='word_1_186' title='bbox 1627 1482 1719 1554; x_wconf 84' lang='lat' dir='ltr'>legum</span> 
     </span>
     <span class='ocr_line' id='line_1_15' title="bbox 61 1564 1719 1643; baseline 0.001 -17"><span class='ocrx_word' id='word_1_187' title='bbox 61 1585 134 1628; x_wconf 77' lang='lat' dir='ltr'>uoce</span> <span class='ocrx_word' id='word_1_188' title='bbox 147 1573 317 1643; x_wconf 83' lang='lat' dir='ltr'>perceptum,</span> <span class='ocrx_word' id='word_1_189' title='bbox 331 1565 456 1623; x_wconf 82' lang='lat' dir='ltr'>Ecclesia</span> <span class='ocrx_word' id='word_1_190' title='bbox 470 1564 654 1628; x_wconf 85' lang='lat' dir='ltr'>nihilomiuus</span> <span class='ocrx_word' id='word_1_191' title='bbox 673 1565 865 1639; x_wconf 86' lang='lat' dir='ltr'>subsequente,</span> <span class='ocrx_word' id='word_1_192' title='bbox 921 1575 1133 1642; x_wconf 84' lang='lat' dir='ltr'>sanctorumque</span> <span class='ocrx_word' id='word_1_193' title='bbox 1164 1584 1302 1626; x_wconf 86' lang='lat' dir='ltr'>canonum</span> <span class='ocrx_word' id='word_1_194' title='bbox 1330 1569 1553 1638; x_wconf 88' lang='lat' dir='ltr'>constitutiones,</span> <span class='ocrx_word' id='word_1_195' title='bbox 1586 1570 1667 1628; x_wconf 91' lang='lat' dir='ltr'>uobis</span> <span class='ocrx_word' id='word_1_196' title='bbox 1685 1570 1719 1627; x_wconf 88' lang='lat' dir='ltr'>ds</span> 
     </span>
     <span class='ocr_line' id='line_1_16' title="bbox 60 1655 1718 1736; baseline 0.002 -19"><span class='ocrx_word' id='word_1_197' title='bbox 60 1668 91 1719; x_wconf 88' lang='lat' dir='ltr'>et</span> <span class='ocrx_word' id='word_1_198' title='bbox 106 1658 199 1716; x_wconf 87' lang='lat' dir='ltr'>tenuit</span> <span class='ocrx_word' id='word_1_199' title='bbox 213 1672 318 1731; x_wconf 87' lang='lat' dir='ltr'>semper</span> <span class='ocrx_word' id='word_1_200' title='bbox 332 1663 359 1712; x_wconf 91' lang='lat' dir='ltr'>et</span> <span class='ocrx_word' id='word_1_201' title='bbox 386 1656 498 1712; x_wconf 86' lang='lat' dir='ltr'>retinet.</span> <span class='ocrx_word' id='word_1_202' title='bbox 516 1680 526 1705; x_wconf 74' lang='grc' dir='ltr'><strong>ι</strong></span> <span class='ocrx_word' id='word_1_203' title='bbox 547 1655 584 1711; x_wconf 85' lang='lat' dir='ltr'>Et</span> <span class='ocrx_word' id='word_1_204' title='bbox 611 1655 692 1729; x_wconf 91' lang='lat' dir='ltr'>paulo</span> <span class='ocrx_word' id='word_1_205' title='bbox 719 1657 864 1729; x_wconf 88' lang='lat' dir='ltr'>superius:</span> <span class='ocrx_word' id='word_1_206' title='bbox 921 1666 1019 1715; x_wconf 78' lang='lat' dir='ltr'>eutero</span> <span class='ocrx_word' id='word_1_207' title='bbox 1035 1659 1118 1716; x_wconf 88' lang='lat' dir='ltr'>scribi</span> <span class='ocrx_word' id='word_1_208' title='bbox 1133 1658 1323 1733; x_wconf 86' lang='lat' dir='ltr'>cujuscunque</span> <span class='ocrx_word' id='word_1_209' title='bbox 1336 1660 1468 1717; x_wconf 86' lang='lat' dir='ltr'>instinctu</span> <span class='ocrx_word' id='word_1_210' title='bbox 1479 1663 1648 1733; x_wconf 89' lang='lat' dir='ltr'>permittere,</span> <span class='ocrx_word' id='word_1_211' title='bbox 1659 1678 1718 1736; x_wconf 89' lang='lat' dir='ltr'>pre·</span> 
     </span>
     <span class='ocr_line' id='line_1_17' title="bbox 66 1745 1716 1829; baseline 0 -22"><span class='ocrx_word' id='word_1_212' title='bbox 66 1774 76 1797; x_wconf 88' lang='lat'><strong>·</strong></span> <span class='ocrx_word' id='word_1_213' title='bbox 94 1746 354 1820; x_wconf 78' lang='lat' dir='ltr'>confidimusquod</span> <span class='ocrx_word' id='word_1_214' title='bbox 364 1745 457 1804; x_wconf 88' lang='lat' dir='ltr'>nullus</span> <span class='ocrx_word' id='word_1_215' title='bbox 469 1745 526 1818; x_wconf 88' lang='lat' dir='ltr'>jam</span> <span class='ocrx_word' id='word_1_216' title='bbox 541 1746 676 1803; x_wconf 85' lang='lat' dir='ltr'>veraciter</span> <span class='ocrx_word' id='word_1_217' title='bbox 691 1746 904 1829; x_wconf 73' lang='lat' dir='ltr'>Christianusss</span> <span class='ocrx_word' id='word_1_218' title='bbox 921 1764 1027 1817; x_wconf 87' lang='lat' dir='ltr'>camur,</span> <span class='ocrx_word' id='word_1_219' title='bbox 1043 1748 1209 1821; x_wconf 81' lang='lat' dir='ltr'>quiescitis,</span> <span class='ocrx_word' id='word_1_220' title='bbox 1225 1756 1252 1805; x_wconf 89' lang='lat' dir='ltr'>et</span> <span class='ocrx_word' id='word_1_221' title='bbox 1278 1749 1390 1818; x_wconf 88' lang='lat' dir='ltr'>scimus,</span> <span class='ocrx_word' id='word_1_222' title='bbox 1407 1757 1496 1806; x_wconf 89' lang='lat' dir='ltr'>totum</span> <span class='ocrx_word' id='word_1_223' title='bbox 1522 1767 1579 1808; x_wconf 86' lang='lat' dir='ltr'>csse</span> <span class='ocrx_word' id='word_1_224' title='bbox 1594 1751 1716 1820; x_wconf 90' lang='lat' dir='ltr'>irritum,</span> 
     </span>
     <span class='ocr_line' id='line_1_18' title="bbox 57 1834 1716 1918; baseline 0.009 -27"><span class='ocrx_word' id='word_1_225' title='bbox 57 1841 183 1912; x_wconf 85' lang='lat' dir='ltr'>ignorat,</span> <span class='ocrx_word' id='word_1_226' title='bbox 198 1835 416 1910; x_wconf 87' lang='lat' dir='ltr'>uniuscujusque</span> <span class='ocrx_word' id='word_1_227' title='bbox 440 1834 540 1909; x_wconf 84' lang='lat' dir='ltr'>synodi</span> <span class='ocrx_word' id='word_1_228' title='bbox 568 1835 761 1905; x_wconf 91' lang='lat' dir='ltr'>constitutum,</span> <span class='ocrx_word' id='word_1_229' title='bbox 792 1836 865 1909; x_wconf 93' lang='lat' dir='ltr'>quod</span> <span class='ocrx_word' id='word_1_230' title='bbox 920 1845 1056 1918; x_wconf 89' lang='lat' dir='ltr'>quidquid</span> <span class='ocrx_word' id='word_1_231' title='bbox 1070 1845 1104 1902; x_wconf 90' lang='lat' dir='ltr'>ab</span> <span class='ocrx_word' id='word_1_232' title='bbox 1131 1861 1225 1901; x_wconf 89' lang='lat' dir='ltr'>eorum</span> <span class='ocrx_word' id='word_1_233' title='bbox 1240 1845 1324 1902; x_wconf 84' lang='lat' dir='ltr'>luerit</span> <span class='ocrx_word' id='word_1_234' title='bbox 1351 1848 1550 1906; x_wconf 89' lang='lat' dir='ltr'>constitutione</span> <span class='ocrx_word' id='word_1_235' title='bbox 1564 1849 1716 1906; x_wconf 89' lang='lat' dir='ltr'>diversum.</span> 
     </span>
     <span class='ocr_line' id='line_1_19' title="bbox 58 1930 1717 2010; baseline 0 -17"><span class='ocrx_word' id='word_1_236' title='bbox 58 1933 231 1993; x_wconf 81' lang='lat' dir='ltr'>universalis</span> <span class='ocrx_word' id='word_1_237' title='bbox 244 1931 374 1989; x_wconf 85' lang='lat' dir='ltr'>Ecclesiae</span> <span class='ocrx_word' id='word_1_238' title='bbox 390 1931 518 2005; x_wconf 78' lang='lat' dir='ltr'>probarit</span> <span class='ocrx_word' id='word_1_239' title='bbox 532 1947 666 2000; x_wconf 90' lang='lat' dir='ltr'>assensus,</span> <span class='ocrx_word' id='word_1_240' title='bbox 681 1930 786 1987; x_wconf 88' lang='lat' dir='ltr'>nullam</span> <span class='ocrx_word' id='word_1_241' title='bbox 802 1948 865 1987; x_wconf 91' lang='lat' dir='ltr'>ma·</span> <span class='ocrx_word' id='word_1_242' title='bbox 927 1933 1068 2002; x_wconf 79' lang='lat' dir='ltr'>«Dicitur,</span> <span class='ocrx_word' id='word_1_243' title='bbox 1087 1934 1179 2007; x_wconf 92' lang='lat' dir='ltr'>iuquit</span> <span class='ocrx_word' id='word_1_244' title='bbox 1198 1942 1309 1992; x_wconf 87' lang='lat' dir='ltr'>sanctus</span> <span class='ocrx_word' id='word_1_245' title='bbox 1329 1935 1383 1990; x_wconf 83' lang='lat' dir='ltr'>Leo</span> <span class='ocrx_word' id='word_1_246' title='bbox 1406 1936 1497 2006; x_wconf 78' lang='lat' dir='ltr'>(serm.</span> <span class='ocrx_word' id='word_1_247' title='bbox 1514 1937 1531 1994; x_wconf 83' lang='lat'><strong>3</strong></span> <span class='ocrx_word' id='word_1_248' title='bbox 1556 1939 1584 1993; x_wconf 87' lang='lat' dir='ltr'>in</span> <span class='ocrx_word' id='word_1_249' title='bbox 1600 1939 1717 2010; x_wconf 84' lang='lat' dir='ltr'>nonin.),</span> 
     </span>
     <span class='ocr_line' id='line_1_20' title="bbox 60 2020 1719 2098; baseline 0.001 -17"><span class='ocrx_word' id='word_1_250' title='bbox 60 2023 102 2096; x_wconf 85' lang='lat' dir='ltr'>gis</span> <span class='ocrx_word' id='word_1_251' title='bbox 116 2021 232 2095; x_wconf 84' lang='lat' dir='ltr'>exsequi</span> <span class='ocrx_word' id='word_1_252' title='bbox 248 2021 339 2078; x_wconf 89' lang='lat' dir='ltr'>sedem</span> <span class='ocrx_word' id='word_1_253' title='bbox 354 2037 410 2095; x_wconf 80' lang='lat' dir='ltr'>pras</span> <span class='ocrx_word' id='word_1_254' title='bbox 424 2020 530 2077; x_wconf 76' lang='lat' dir='ltr'>ceteris</span> <span class='ocrx_word' id='word_1_255' title='bbox 545 2027 681 2092; x_wconf 86' lang='lat' dir='ltr'>oportere,</span> <span class='ocrx_word' id='word_1_256' title='bbox 698 2035 780 2094; x_wconf 90' lang='lat' dir='ltr'>quam</span> <span class='ocrx_word' id='word_1_257' title='bbox 803 2020 866 2093; x_wconf 88' lang='lat' dir='ltr'>pri·</span> <span class='ocrx_word' id='word_1_258' title='bbox 919 2039 935 2078; x_wconf 91' lang='lat' dir='ltr'>a</span> <span class='ocrx_word' id='word_1_259' title='bbox 953 2023 1072 2079; x_wconf 92' lang='lat' dir='ltr'>Domino</span> <span class='ocrx_word' id='word_1_260' title='bbox 1091 2021 1250 2080; x_wconf 89' lang='lat' dir='ltr'>beatissimo</span> <span class='ocrx_word' id='word_1_261' title='bbox 1264 2024 1357 2089; x_wconf 89' lang='lat' dir='ltr'>Petro,</span> <span class='ocrx_word' id='word_1_262' title='bbox 1376 2024 1433 2081; x_wconf 79' lang='lat' dir='ltr'>Tibi</span> <span class='ocrx_word' id='word_1_263' title='bbox 1460 2026 1527 2081; x_wconf 85' lang='lat' dir='ltr'>dabo</span> <span class='ocrx_word' id='word_1_264' title='bbox 1547 2027 1631 2082; x_wconf 84' lang='lat' dir='ltr'>claues</span> <span class='ocrx_word' id='word_1_265' title='bbox 1644 2027 1719 2098; x_wconf 78' lang='lat' dir='ltr'>repsi</span> 
     </span>
     <span class='ocr_line' id='line_1_21' title="bbox 59 2109 1722 2187; baseline 0.001 -17"><span class='ocrx_word' id='word_1_266' title='bbox 59 2128 173 2170; x_wconf 80' lang='lat' dir='ltr'>mam.»</span> <span class='ocrx_word' id='word_1_267' title='bbox 194 2111 230 2168; x_wconf 85' lang='lat' dir='ltr'>Et</span> <span class='ocrx_word' id='word_1_268' title='bbox 259 2111 326 2168; x_wconf 87' lang='lat' dir='ltr'>item</span> <span class='ocrx_word' id='word_1_269' title='bbox 352 2109 425 2166; x_wconf 90' lang='lat' dir='ltr'>idem</span> <span class='ocrx_word' id='word_1_270' title='bbox 455 2109 541 2181; x_wconf 84' lang='lat' dir='ltr'>(epist.</span> <span class='ocrx_word' id='word_1_271' title='bbox 568 2109 635 2165; x_wconf 84' lang='lat' dir='ltr'>bad</span> <span class='ocrx_word' id='word_1_272' title='bbox 662 2109 738 2181; x_wconf 81' lang='lat' dir='ltr'>episc.</span> <span class='ocrx_word' id='word_1_273' title='bbox 755 2109 862 2180; x_wconf 76' lang='lat' dir='ltr'>tertiol:</span> <span class='ocrx_word' id='word_1_274' title='bbox 919 2115 1054 2181; x_wconf 84' lang='lat' dir='ltr'>colorum,</span> <span class='ocrx_word' id='word_1_275' title='bbox 1069 2120 1262 2185; x_wconf 81' lang='lat' dir='ltr'>etqaoecnuquc</span> <span class='ocrx_word' id='word_1_276' title='bbox 1278 2114 1401 2185; x_wconf 79' lang='lat' dir='ltr'>ligaveris</span> <span class='ocrx_word' id='word_1_277' title='bbox 1418 2121 1621 2187; x_wconf 80' lang='lat' dir='ltr'>superterram,</span> <span class='ocrx_word' id='word_1_278' title='bbox 1643 2121 1722 2171; x_wconf 86' lang='lat' dir='ltr'>crunt</span> 
     </span>
     <span class='ocr_line' id='line_1_22' title="bbox 65 2201 1718 2279; baseline -0.001 -14"><span class='ocrx_word' id='word_1_279' title='bbox 65 2228 76 2253; x_wconf 75' lang='grc' dir='ltr'>ι</span> <span class='ocrx_word' id='word_1_280' title='bbox 91 2204 218 2279; x_wconf 85' lang='lat' dir='ltr'>Cumque</span> <span class='ocrx_word' id='word_1_281' title='bbox 232 2203 312 2261; x_wconf 89' lang='lat' dir='ltr'>nobis</span> <span class='ocrx_word' id='word_1_282' title='bbox 326 2210 422 2261; x_wconf 88' lang='lat' dir='ltr'>contra</span> <span class='ocrx_word' id='word_1_283' title='bbox 436 2201 600 2259; x_wconf 84' lang='lat' dir='ltr'>salutarium</span> <span class='ocrx_word' id='word_1_284' title='bbox 615 2201 800 2258; x_wconf 82' lang='lat' dir='ltr'>reverentiam</span> <span class='ocrx_word' id='word_1_285' title='bbox 816 2216 865 2257; x_wconf 88' lang='lat' dir='ltr'>re·</span> <span class='ocrx_word' id='word_1_286' title='bbox 920 2205 1160 2276; x_wconf 80' lang='lat' dir='ltr'>lipometincoelis,</span> <span class='ocrx_word' id='word_1_287' title='bbox 1178 2213 1202 2261; x_wconf 85' lang='lat' dir='ltr'>et</span> <span class='ocrx_word' id='word_1_288' title='bbox 1212 2221 1371 2276; x_wconf 82' lang='lat' dir='ltr'>quocunqne</span> <span class='ocrx_word' id='word_1_289' title='bbox 1388 2207 1499 2263; x_wconf 80' lang='lat' dir='ltr'>sciveris</span> <span class='ocrx_word' id='word_1_290' title='bbox 1519 2213 1718 2278; x_wconf 84' lang='lat' dir='ltr'>superterram,</span> 
     </span>
     <span class='ocr_line' id='line_1_23' title="bbox 60 2290 1718 2369; baseline -0.005 -15"><span class='ocrx_word' id='word_1_291' title='bbox 60 2295 343 2369; x_wconf 83' lang='lat' dir='ltr'>gularumoupiamus</span> <span class='ocrx_word' id='word_1_292' title='bbox 358 2293 429 2350; x_wconf 85' lang='lat' dir='ltr'>nihil</span> <span class='ocrx_word' id='word_1_293' title='bbox 445 2300 547 2349; x_wconf 86' lang='lat' dir='ltr'>temere</span> <span class='ocrx_word' id='word_1_294' title='bbox 557 2293 649 2361; x_wconf 88' lang='lat' dir='ltr'>licere,</span> <span class='ocrx_word' id='word_1_295' title='bbox 661 2302 688 2349; x_wconf 91' lang='lat' dir='ltr'>et</span> <span class='ocrx_word' id='word_1_296' title='bbox 704 2310 767 2351; x_wconf 93' lang='lat' dir='ltr'>oum</span> <span class='ocrx_word' id='word_1_297' title='bbox 788 2293 865 2349; x_wconf 88' lang='lat' dir='ltr'>sedes</span> <span class='ocrx_word' id='word_1_298' title='bbox 919 2301 996 2350; x_wconf 85' lang='lat' dir='ltr'>erunt</span> <span class='ocrx_word' id='word_1_299' title='bbox 1010 2295 1097 2349; x_wconf 83' lang='lat' dir='ltr'>solato</span> <span class='ocrx_word' id='word_1_300' title='bbox 1111 2300 1134 2348; x_wconf 88' lang='lat' dir='ltr'>ct</span> <span class='ocrx_word' id='word_1_301' title='bbox 1151 2293 1179 2348; x_wconf 85' lang='lat' dir='ltr'>io</span> <span class='ocrx_word' id='word_1_302' title='bbox 1193 2292 1263 2348; x_wconf 84' lang='lat' dir='ltr'>colis</span> <span class='ocrx_word' id='word_1_303' title='bbox 1278 2293 1385 2363; x_wconf 82' lang='lat' dir='ltr'>(blatii.</span> <span class='ocrx_word' id='word_1_304' title='bbox 1402 2294 1475 2364; x_wconf 82' lang='lat' dir='ltr'>xvi).</span> <span class='ocrx_word' id='word_1_305' title='bbox 1497 2291 1636 2348; x_wconf 84' lang='lat' dir='ltr'>Transivit</span> <span class='ocrx_word' id='word_1_306' title='bbox 1651 2290 1718 2362; x_wconf 91' lang='lat' dir='ltr'>qui-</span> 
     </span>
     <span class='ocr_line' id='line_1_24' title="bbox 59 2378 1718 2458; baseline -0.007 -15"><span class='ocrx_word' id='word_1_307' title='bbox 59 2384 213 2458; x_wconf 86' lang='lat' dir='ltr'>apostolioa</span> <span class='ocrx_word' id='word_1_308' title='bbox 241 2384 366 2457; x_wconf 87' lang='lat' dir='ltr'>superior</span> <span class='ocrx_word' id='word_1_309' title='bbox 380 2383 424 2439; x_wconf 90' lang='lat' dir='ltr'>his</span> <span class='ocrx_word' id='word_1_310' title='bbox 447 2383 587 2451; x_wconf 79' lang='lat' dir='ltr'>ominibus,</span> <span class='ocrx_word' id='word_1_311' title='bbox 610 2383 719 2438; x_wconf 82' lang='lat' dir='ltr'>iouente</span> <span class='ocrx_word' id='word_1_312' title='bbox 734 2382 863 2450; x_wconf 88' lang='lat' dir='ltr'>Domino,</span> <span class='ocrx_word' id='word_1_313' title='bbox 918 2385 980 2440; x_wconf 84' lang='lat' dir='ltr'>clem</span> <span class='ocrx_word' id='word_1_314' title='bbox 998 2383 1080 2439; x_wconf 89' lang='lat' dir='ltr'>etiam</span> <span class='ocrx_word' id='word_1_315' title='bbox 1096 2383 1125 2438; x_wconf 92' lang='lat' dir='ltr'>in</span> <span class='ocrx_word' id='word_1_316' title='bbox 1139 2381 1209 2437; x_wconf 93' lang='lat' dir='ltr'>alios</span> <span class='ocrx_word' id='word_1_317' title='bbox 1225 2381 1365 2454; x_wconf 89' lang='lat' dir='ltr'>apostolos</span> <span class='ocrx_word' id='word_1_318' title='bbox 1375 2379 1421 2452; x_wconf 89' lang='lat' dir='ltr'>jus</span> <span class='ocrx_word' id='word_1_319' title='bbox 1434 2382 1515 2437; x_wconf 90' lang='lat' dir='ltr'>istius</span> <span class='ocrx_word' id='word_1_320' title='bbox 1529 2378 1681 2452; x_wconf 89' lang='lat' dir='ltr'>potestatis,</span> <span class='ocrx_word' id='word_1_321' title='bbox 1691 2383 1718 2433; x_wconf 87' lang='lat' dir='ltr'>et</span> 
     </span>
     <span class='ocr_line' id='line_1_25' title="bbox 59 2469 1718 2549; baseline -0.004 -17"><span class='ocrx_word' id='word_1_322' title='bbox 59 2490 122 2549; x_wconf 83' lang='lat' dir='ltr'>quae</span> <span class='ocrx_word' id='word_1_323' title='bbox 137 2474 260 2548; x_wconf 90' lang='lat' dir='ltr'>paternis</span> <span class='ocrx_word' id='word_1_324' title='bbox 273 2472 427 2530; x_wconf 89' lang='lat' dir='ltr'>canonibus</span> <span class='ocrx_word' id='word_1_325' title='bbox 437 2479 502 2529; x_wconf 88' lang='lat' dir='ltr'>sunt</span> <span class='ocrx_word' id='word_1_326' title='bbox 512 2471 634 2545; x_wconf 83' lang='lat' dir='ltr'>praeirxa,</span> <span class='ocrx_word' id='word_1_327' title='bbox 650 2472 696 2545; x_wconf 91' lang='lat' dir='ltr'>pio</span> <span class='ocrx_word' id='word_1_328' title='bbox 710 2473 864 2545; x_wconf 88' lang='lat' dir='ltr'>devotoque</span> <span class='ocrx_word' id='word_1_329' title='bbox 918 2475 952 2532; x_wconf 85' lang='lat' dir='ltr'>ad</span> <span class='ocrx_word' id='word_1_330' title='bbox 965 2490 1061 2532; x_wconf 91' lang='lat' dir='ltr'>omnes</span> <span class='ocrx_word' id='word_1_331' title='bbox 1084 2474 1214 2531; x_wconf 78' lang='lat' dir='ltr'>Ecclesiae</span> <span class='ocrx_word' id='word_1_332' title='bbox 1229 2472 1368 2545; x_wconf 88' lang='lat' dir='ltr'>principes</span> <span class='ocrx_word' id='word_1_333' title='bbox 1383 2472 1485 2529; x_wconf 89' lang='lat' dir='ltr'>decreti</span> <span class='ocrx_word' id='word_1_334' title='bbox 1508 2470 1591 2543; x_wconf 88' lang='lat' dir='ltr'>hujus</span> <span class='ocrx_word' id='word_1_335' title='bbox 1608 2469 1718 2527; x_wconf 89' lang='lat' dir='ltr'>consti-</span> 
     </span>
     <span class='ocr_line' id='line_1_26' title="bbox 59 2557 1717 2634; baseline -0.01 -6"><span class='ocrx_word' id='word_1_336' title='bbox 59 2559 171 2618; x_wconf 87' lang='lat' dir='ltr'>studeat</span> <span class='ocrx_word' id='word_1_337' title='bbox 185 2566 278 2616; x_wconf 60' lang='lat' dir='ltr'>benere</span> <span class='ocrx_word' id='word_1_338' title='bbox 293 2560 523 2634; x_wconf 62' lang='lat' dir='ltr'>D10P0851⁰rsali³</span> <span class='ocrx_word' id='word_1_339' title='bbox 543 2559 688 2632; x_wconf 68' lang='lat' dir='ltr'>indignum</span> <span class='ocrx_word' id='word_1_340' title='bbox 704 2567 755 2628; x_wconf 73' lang='lat'>0⁸¹,</span> <span class='ocrx_word' id='word_1_341' title='bbox 773 2574 865 2632; x_wconf 69' lang='lat' dir='ltr'>quem·</span> <span class='ocrx_word' id='word_1_342' title='bbox 919 2565 990 2622; x_wconf 91' lang='lat' dir='ltr'>tutio</span> <span class='ocrx_word' id='word_1_343' title='bbox 1000 2563 1181 2621; x_wconf 85' lang='lat' dir='ltr'>commeavit:</span> <span class='ocrx_word' id='word_1_344' title='bbox 1194 2562 1240 2619; x_wconf 89' lang='lat' dir='ltr'>sed</span> <span class='ocrx_word' id='word_1_345' title='bbox 1250 2578 1305 2618; x_wconf 91' lang='lat' dir='ltr'>non</span> <span class='ocrx_word' id='word_1_346' title='bbox 1316 2561 1419 2617; x_wconf 86' lang='lat' dir='ltr'>frustra</span> <span class='ocrx_word' id='word_1_347' title='bbox 1432 2557 1480 2616; x_wconf 89' lang='lat' dir='ltr'>uni</span> <span class='ocrx_word' id='word_1_348' title='bbox 1496 2558 1717 2625; x_wconf 87' lang='lat' dir='ltr'>commendatur,</span> 
     </span>
     <span class='ocr_line' id='line_1_27' title="bbox 58 2645 1737 2727; baseline -0.003 -21"><span class='ocrx_word' id='word_1_349' title='bbox 58 2665 153 2724; x_wconf 91' lang='lat' dir='ltr'>quam,</span> <span class='ocrx_word' id='word_1_350' title='bbox 169 2649 213 2704; x_wconf 82' lang='lat' dir='ltr'>vel</span> <span class='ocrx_word' id='word_1_351' title='bbox 230 2648 405 2722; x_wconf 86' lang='lat' dir='ltr'>pontificum,</span> <span class='ocrx_word' id='word_1_352' title='bbox 422 2649 466 2704; x_wconf 87' lang='lat' dir='ltr'>uel</span> <span class='ocrx_word' id='word_1_353' title='bbox 481 2649 610 2705; x_wconf 89' lang='lat' dir='ltr'>ordinum</span> <span class='ocrx_word' id='word_1_354' title='bbox 626 2648 862 2720; x_wconf 89' lang='lat' dir='ltr'>subsequentium,</span> <span class='ocrx_word' id='word_1_355' title='bbox 918 2655 992 2727; x_wconf 93' lang='lat' dir='ltr'>quod</span> <span class='ocrx_word' id='word_1_356' title='bbox 1007 2653 1136 2709; x_wconf 81' lang='lat' dir='ltr'>ominibus</span> <span class='ocrx_word' id='word_1_357' title='bbox 1149 2651 1304 2709; x_wconf 85' lang='lat' dir='ltr'>intimatur.</span> <span class='ocrx_word' id='word_1_358' title='bbox 1319 2650 1400 2706; x_wconf 87' lang='lat' dir='ltr'>Petro</span> <span class='ocrx_word' id='word_1_359' title='bbox 1421 2649 1496 2705; x_wconf 87' lang='lat' dir='ltr'>anim</span> <span class='ocrx_word' id='word_1_360' title='bbox 1512 2648 1573 2704; x_wconf 92' lang='lat' dir='ltr'>ideo</span> <span class='ocrx_word' id='word_1_361' title='bbox 1588 2645 1641 2703; x_wconf 88' lang='lat' dir='ltr'>hoo</span> <span class='ocrx_word' id='word_1_362' title='bbox 1655 2645 1718 2702; x_wconf 87' lang='lat' dir='ltr'>sin-</span> <span class='ocrx_word' id='word_1_363' title='bbox 1732 2705 1737 2721; x_wconf 35' lang='grc' dir='ltr'>ι</span> 
     </span>
     <span class='ocr_line' id='line_1_28' title="bbox 59 2734 1718 2817; baseline -0.006 -17"><span class='ocrx_word' id='word_1_364' title='bbox 59 2739 133 2796; x_wconf 83' lang='lat' dir='ltr'>hanc</span> <span class='ocrx_word' id='word_1_365' title='bbox 145 2737 349 2796; x_wconf 78' lang='lat' dir='ltr'>observantiam</span> <span class='ocrx_word' id='word_1_366' title='bbox 359 2738 489 2807; x_wconf 83' lang='lat' dir='ltr'>refutare,</span> <span class='ocrx_word' id='word_1_367' title='bbox 502 2753 584 2810; x_wconf 84' lang='lat' dir='ltr'>quem</span> <span class='ocrx_word' id='word_1_368' title='bbox 593 2737 664 2793; x_wconf 84' lang='lat' dir='ltr'>boati</span> <span class='ocrx_word' id='word_1_369' title='bbox 683 2738 757 2793; x_wconf 83' lang='lat' dir='ltr'>Petri</span> <span class='ocrx_word' id='word_1_370' title='bbox 772 2737 864 2793; x_wconf 85' lang='lat' dir='ltr'>sedem</span> <span class='ocrx_word' id='word_1_371' title='bbox 919 2745 1051 2817; x_wconf 83' lang='lat' dir='ltr'>golaritcr</span> <span class='ocrx_word' id='word_1_372' title='bbox 1068 2743 1201 2811; x_wconf 84' lang='lat' dir='ltr'>creditur,</span> <span class='ocrx_word' id='word_1_373' title='bbox 1218 2742 1283 2815; x_wconf 82' lang='lat' dir='ltr'>quia</span> <span class='ocrx_word' id='word_1_374' title='bbox 1298 2740 1406 2798; x_wconf 85' lang='lat' dir='ltr'>cunctis</span> <span class='ocrx_word' id='word_1_375' title='bbox 1419 2737 1550 2795; x_wconf 77' lang='lat' dir='ltr'>Ecclesia</span> <span class='ocrx_word' id='word_1_376' title='bbox 1564 2734 1718 2794; x_wconf 83' lang='lat' dir='ltr'>rectoribus</span> 
     </span>
     <span class='ocr_line' id='line_1_29' title="bbox 60 2823 1719 2905; baseline -0.011 -20"><span class='ocrx_word' id='word_1_377' title='bbox 60 2836 87 2886; x_wconf 70' lang='grc' dir='ltr'>θῑ</span> <span class='ocrx_word' id='word_1_378' title='bbox 111 2828 467 2903; x_wconf 70' lang='lat' dir='ltr'>SDquVldealeldODel&#39;el</span> <span class='ocrx_word' id='word_1_379' title='bbox 498 2827 800 2899; x_wconf 71' lang='lat' dir='ltr'>salisqlldcolllleilleils</span> <span class='ocrx_word' id='word_1_380' title='bbox 815 2826 861 2895; x_wconf 74' lang='lat' dir='ltr'>Sil,</span> <span class='ocrx_word' id='word_1_381' title='bbox 918 2834 1093 2893; x_wconf 71' lang='lat' dir='ltr'>Petrifopma</span> <span class='ocrx_word' id='word_1_382' title='bbox 1107 2831 1286 2905; x_wconf 63' lang='lat' dir='ltr'>ppaeponjtup,</span> <span class='ocrx_word' id='word_1_383' title='bbox 1315 2831 1484 2899; x_wconf 68' lang='lat' dir='ltr'>Manetergo</span> <span class='ocrx_word' id='word_1_384' title='bbox 1498 2827 1572 2883; x_wconf 75' lang='lat' dir='ltr'>Petri</span> <span class='ocrx_word' id='word_1_385' title='bbox 1599 2823 1719 2898; x_wconf 73' lang='lat' dir='ltr'>pl&#39;iVssB·</span> 
     </span>
     <span class='ocr_line' id='line_1_30' title="bbox 60 2912 1720 2997; baseline -0.003 -24"><span class='ocrx_word' id='word_1_386' title='bbox 60 2925 90 2973; x_wconf 93' lang='lat' dir='ltr'>ut</span> <span class='ocrx_word' id='word_1_387' title='bbox 100 2925 192 2974; x_wconf 90' lang='lat' dir='ltr'>totum</span> <span class='ocrx_word' id='word_1_388' title='bbox 203 2934 303 2991; x_wconf 88' lang='lat' dir='ltr'>corpus</span> <span class='ocrx_word' id='word_1_389' title='bbox 315 2918 444 2975; x_wconf 79' lang='lat' dir='ltr'>Ecclesiae</span> <span class='ocrx_word' id='word_1_390' title='bbox 454 2917 483 2973; x_wconf 93' lang='lat' dir='ltr'>in</span> <span class='ocrx_word' id='word_1_391' title='bbox 495 2915 863 2973; x_wconf 88' lang='lat' dir='ltr'>hacsibimetobservatione</span> <span class='ocrx_word' id='word_1_392' title='bbox 918 2925 1004 2997; x_wconf 79' lang='lat' dir='ltr'>giam,</span> <span class='ocrx_word' id='word_1_393' title='bbox 1029 2923 1187 2996; x_wconf 89' lang='lat' dir='ltr'>ubicunque</span> <span class='ocrx_word' id='word_1_394' title='bbox 1201 2937 1236 2977; x_wconf 87' lang='lat' dir='ltr'>ex</span> <span class='ocrx_word' id='word_1_395' title='bbox 1264 2920 1351 2994; x_wconf 88' lang='lat' dir='ltr'>ipsius</span> <span class='ocrx_word' id='word_1_396' title='bbox 1377 2920 1465 2976; x_wconf 89' lang='lat' dir='ltr'>iertor</span> <span class='ocrx_word' id='word_1_397' title='bbox 1487 2916 1616 2990; x_wconf 74' lang='lat' dir='ltr'>aequitate</span> <span class='ocrx_word' id='word_1_398' title='bbox 1636 2912 1720 2987; x_wconf 82' lang='lat' dir='ltr'>judi·</span> 
     </span>
    </p>
   </div>
   <div class='ocr_carea' id='block_1_2' title="bbox 58 3008 1028 3081">
    <p class='ocr_par' dir='ltr' id='par_1_2' title="bbox 58 3008 1028 3081">
     <span class='ocr_line' id='line_1_31' title="bbox 58 3008 1028 3081; baseline -0.006 -14"><span class='ocrx_word' id='word_1_399' title='bbox 58 3008 221 3077; x_wconf 86' lang='lat' dir='ltr'>concordet,</span> <span class='ocrx_word' id='word_1_400' title='bbox 233 3024 314 3080; x_wconf 85' lang='lat' dir='ltr'>quam</span> <span class='ocrx_word' id='word_1_401' title='bbox 328 3009 387 3065; x_wconf 91' lang='lat' dir='ltr'>illic</span> <span class='ocrx_word' id='word_1_402' title='bbox 397 3008 488 3081; x_wconf 81' lang='lat' dir='ltr'>uigere</span> <span class='ocrx_word' id='word_1_403' title='bbox 498 3008 660 3081; x_wconf 88' lang='lat' dir='ltr'>conspiciat,</span> <span class='ocrx_word' id='word_1_404' title='bbox 671 3008 718 3064; x_wconf 91' lang='lat' dir='ltr'>ubi</span> <span class='ocrx_word' id='word_1_405' title='bbox 729 3008 864 3064; x_wconf 86' lang='lat' dir='ltr'>Dominus</span> <span class='ocrx_word' id='word_1_406' title='bbox 917 3013 1002 3072; x_wconf 81' lang='lat' dir='ltr'>cium.</span> <span class='ocrx_word' id='word_1_407' title='bbox 1018 3037 1028 3061; x_wconf 80' lang='grc'><strong>»</strong></span> 
     </span>
    </p>
   </div>
   <div class='ocr_carea' id='block_1_3' title="bbox 58 3080 1717 3266">
    <p class='ocr_par' dir='ltr' id='par_1_3' title="bbox 58 3080 1717 3266">
     <span class='ocr_line' id='line_1_32' title="bbox 58 3080 1717 3196; baseline -0.002 -42"><span class='ocrx_word' id='word_1_408' title='bbox 58 3096 296 3156; x_wconf 85' lang='lat' dir='ltr'>Ecclesimtotius</span> <span class='ocrx_word' id='word_1_409' title='bbox 323 3098 411 3170; x_wconf 90' lang='lat' dir='ltr'>posuit</span> <span class='ocrx_word' id='word_1_410' title='bbox 427 3098 650 3171; x_wconf 81' lang='lat' dir='ltr'>principatum.»</span> <span class='ocrx_word' id='word_1_411' title='bbox 672 3098 708 3153; x_wconf 90' lang='lat' dir='ltr'>Et</span> <span class='ocrx_word' id='word_1_412' title='bbox 731 3099 765 3155; x_wconf 89' lang='lat' dir='ltr'>de</span> <span class='ocrx_word' id='word_1_413' title='bbox 780 3080 900 3196; x_wconf 70' lang='lat' dir='ltr'>sac‘risC</span> <span class='ocrx_word' id='word_1_414' title='bbox 953 3104 1012 3172; x_wconf 88' lang='lat' dir='ltr'>Qua</span> <span class='ocrx_word' id='word_1_415' title='bbox 1039 3102 1175 3159; x_wconf 87' lang='lat' dir='ltr'>sententia</span> <span class='ocrx_word' id='word_1_416' title='bbox 1200 3106 1316 3168; x_wconf 86' lang='lat' dir='ltr'>constat,</span> <span class='ocrx_word' id='word_1_417' title='bbox 1351 3097 1415 3172; x_wconf 90' lang='lat' dir='ltr'>quia</span> <span class='ocrx_word' id='word_1_418' title='bbox 1445 3112 1501 3153; x_wconf 91' lang='lat' dir='ltr'>non</span> <span class='ocrx_word' id='word_1_419' title='bbox 1522 3105 1613 3153; x_wconf 89' lang='lat' dir='ltr'>manet</span> <span class='ocrx_word' id='word_1_420' title='bbox 1643 3095 1717 3152; x_wconf 87' lang='lat' dir='ltr'>Petri</span> 
     </span>
     <span class='ocr_line' id='line_1_33' title="bbox 60 3183 1717 3266; baseline -0.002 -24"><span class='ocrx_word' id='word_1_421' title='bbox 60 3185 184 3257; x_wconf 86' lang='lat' dir='ltr'>legibus,</span> <span class='ocrx_word' id='word_1_422' title='bbox 198 3202 264 3258; x_wconf 86' lang='lat' dir='ltr'>quas</span> <span class='ocrx_word' id='word_1_423' title='bbox 277 3201 405 3243; x_wconf 90' lang='lat' dir='ltr'>unacum</span> <span class='ocrx_word' id='word_1_424' title='bbox 430 3187 532 3244; x_wconf 90' lang='lat' dir='ltr'>sanctis</span> <span class='ocrx_word' id='word_1_425' title='bbox 548 3186 702 3244; x_wconf 81' lang='lat' dir='ltr'>canottibus</span> <span class='ocrx_word' id='word_1_426' title='bbox 727 3187 865 3244; x_wconf 83' lang='lat' dir='ltr'>catholica</span> <span class='ocrx_word' id='word_1_427' title='bbox 918 3192 1107 3266; x_wconf 86' lang='lat' dir='ltr'>privilegium,</span> <span class='ocrx_word' id='word_1_428' title='bbox 1123 3190 1171 3247; x_wconf 92' lang='lat' dir='ltr'>ubi</span> <span class='ocrx_word' id='word_1_429' title='bbox 1186 3207 1220 3246; x_wconf 88' lang='lat' dir='ltr'>ex</span> <span class='ocrx_word' id='word_1_430' title='bbox 1235 3190 1322 3261; x_wconf 91' lang='lat' dir='ltr'>ipsius</span> <span class='ocrx_word' id='word_1_431' title='bbox 1332 3188 1460 3261; x_wconf 83' lang='lat' dir='ltr'>aequitate</span> <span class='ocrx_word' id='word_1_432' title='bbox 1473 3202 1528 3243; x_wconf 91' lang='lat' dir='ltr'>non</span> <span class='ocrx_word' id='word_1_433' title='bbox 1543 3186 1632 3241; x_wconf 86' lang='lat' dir='ltr'>fertur</span> <span class='ocrx_word' id='word_1_434' title='bbox 1642 3183 1717 3257; x_wconf 88' lang='lat' dir='ltr'>judi·</span> 
     </span>
    </p>
   </div>
   <div class='ocr_carea' id='block_1_4' title="bbox 56 3274 864 3988">
    <p class='ocr_par' dir='ltr' id='par_1_4' title="bbox 56 3274 864 3879">
     <span class='ocr_line' id='line_1_34' title="bbox 56 3274 862 3349; baseline 0.004 -19"><span class='ocrx_word' id='word_1_435' title='bbox 56 3275 191 3331; x_wconf 88' lang='lat' dir='ltr'>observat</span> <span class='ocrx_word' id='word_1_436' title='bbox 205 3274 336 3343; x_wconf 82' lang='lat' dir='ltr'>Ecclesia,</span> <span class='ocrx_word' id='word_1_437' title='bbox 357 3274 431 3331; x_wconf 89' lang='lat' dir='ltr'>idem</span> <span class='ocrx_word' id='word_1_438' title='bbox 460 3277 594 3341; x_wconf 87' lang='lat' dir='ltr'>Gelasius,</span> <span class='ocrx_word' id='word_1_439' title='bbox 609 3283 640 3331; x_wconf 89' lang='lat' dir='ltr'>ut</span> <span class='ocrx_word' id='word_1_440' title='bbox 667 3276 862 3349; x_wconf 86' lang='lat' dir='ltr'>proemisimus,</span> 
     </span>
     <span class='ocr_line' id='line_1_35' title="bbox 56 3367 862 3441; baseline -0.005 -15"><span class='ocrx_word' id='word_1_441' title='bbox 56 3368 130 3427; x_wconf 89' lang='lat' dir='ltr'>dicit</span> <span class='ocrx_word' id='word_1_442' title='bbox 144 3368 175 3423; x_wconf 91' lang='lat' dir='ltr'>in</span> <span class='ocrx_word' id='word_1_443' title='bbox 190 3367 305 3441; x_wconf 85' lang='lat' dir='ltr'>epistola</span> <span class='ocrx_word' id='word_1_444' title='bbox 320 3369 354 3425; x_wconf 90' lang='lat' dir='ltr'>ad</span> <span class='ocrx_word' id='word_1_445' title='bbox 369 3368 546 3424; x_wconf 81' lang='lat' dir='ltr'>Aruastasium</span> <span class='ocrx_word' id='word_1_446' title='bbox 566 3368 759 3438; x_wconf 88' lang='lat' dir='ltr'>imperatorem</span> <span class='ocrx_word' id='word_1_447' title='bbox 775 3367 862 3439; x_wconf 83' lang='lat' dir='ltr'>(epist.</span> 
     </span>
     <span class='ocr_line' id='line_1_36' title="bbox 58 3454 864 3530; baseline -0.005 -17"><span class='ocrx_word' id='word_1_448' title='bbox 58 3456 106 3530; x_wconf 86' lang='lat' dir='ltr'>ln)</span> <span class='ocrx_word' id='word_1_449' title='bbox 121 3475 127 3514; x_wconf 93' lang='lat'>:</span> <span class='ocrx_word' id='word_1_450' title='bbox 139 3456 305 3526; x_wconf 82' lang='lat' dir='ltr'>·Quautum,</span> <span class='ocrx_word' id='word_1_451' title='bbox 318 3456 457 3529; x_wconf 89' lang='lat' dir='ltr'>inquiens,</span> <span class='ocrx_word' id='word_1_452' title='bbox 469 3455 502 3512; x_wconf 91' lang='lat' dir='ltr'>ad</span> <span class='ocrx_word' id='word_1_453' title='bbox 513 3455 637 3511; x_wconf 89' lang='lat' dir='ltr'>ordinem</span> <span class='ocrx_word' id='word_1_454' title='bbox 649 3454 766 3527; x_wconf 78' lang='lat' dir='ltr'>publicae</span> <span class='ocrx_word' id='word_1_455' title='bbox 781 3455 864 3527; x_wconf 89' lang='lat' dir='ltr'>perti-</span> 
     </span>
     <span class='ocr_line' id='line_1_37' title="bbox 60 3545 864 3620; baseline -0.002 -15"><span class='ocrx_word' id='word_1_456' title='bbox 60 3554 112 3605; x_wconf 87' lang='lat' dir='ltr'>net</span> <span class='ocrx_word' id='word_1_457' title='bbox 126 3546 292 3620; x_wconf 85' lang='lat' dir='ltr'>disciplinae,</span> <span class='ocrx_word' id='word_1_458' title='bbox 309 3554 504 3617; x_wconf 80' lang='lat' dir='ltr'>cognoscentes</span> <span class='ocrx_word' id='word_1_459' title='bbox 519 3546 666 3618; x_wconf 87' lang='lat' dir='ltr'>imperium</span> <span class='ocrx_word' id='word_1_460' title='bbox 679 3545 732 3601; x_wconf 89' lang='lat' dir='ltr'>tibi</span> <span class='ocrx_word' id='word_1_461' title='bbox 747 3562 864 3620; x_wconf 89' lang='lat' dir='ltr'>superna</span> 
     </span>
     <span class='ocr_line' id='line_1_38' title="bbox 56 3633 864 3711; baseline -0.005 -15"><span class='ocrx_word' id='word_1_462' title='bbox 56 3637 239 3711; x_wconf 86' lang='lat' dir='ltr'>dispositione</span> <span class='ocrx_word' id='word_1_463' title='bbox 248 3637 393 3703; x_wconf 89' lang='lat' dir='ltr'>collatum,</span> <span class='ocrx_word' id='word_1_464' title='bbox 410 3634 514 3706; x_wconf 87' lang='lat' dir='ltr'>legibus</span> <span class='ocrx_word' id='word_1_465' title='bbox 524 3633 579 3690; x_wconf 90' lang='lat' dir='ltr'>tuis</span> <span class='ocrx_word' id='word_1_466' title='bbox 589 3635 640 3708; x_wconf 91' lang='lat' dir='ltr'>ipsi</span> <span class='ocrx_word' id='word_1_467' title='bbox 649 3651 757 3709; x_wconf 91' lang='lat' dir='ltr'>quoque</span> <span class='ocrx_word' id='word_1_468' title='bbox 767 3643 864 3709; x_wconf 88' lang='lat' dir='ltr'>parcnt</span> 
     </span>
     <span class='ocr_line' id='line_1_39' title="bbox 56 3718 863 3802; baseline -0.005 -16"><span class='ocrx_word' id='word_1_469' title='bbox 56 3728 202 3802; x_wconf 83' lang='lat' dir='ltr'>religionis</span> <span class='ocrx_word' id='word_1_470' title='bbox 210 3726 360 3794; x_wconf 76' lang='lat' dir='ltr'>antistites,</span> <span class='ocrx_word' id='word_1_471' title='bbox 379 3740 412 3780; x_wconf 89' lang='lat' dir='ltr'>ne</span> <span class='ocrx_word' id='word_1_472' title='bbox 424 3718 467 3781; x_wconf 72' lang='lat' dir='ltr'>nel</span> <span class='ocrx_word' id='word_1_473' title='bbox 480 3725 508 3780; x_wconf 89' lang='lat' dir='ltr'>in</span> <span class='ocrx_word' id='word_1_474' title='bbox 518 3724 600 3782; x_wconf 89' lang='lat' dir='ltr'>rebus</span> <span class='ocrx_word' id='word_1_475' title='bbox 612 3727 760 3784; x_wconf 90' lang='lat' dir='ltr'>mundanis</span> <span class='ocrx_word' id='word_1_476' title='bbox 771 3728 863 3784; x_wconf 87' lang='lat' dir='ltr'>exclu-</span> 
     </span>
     <span class='ocr_line' id='line_1_40' title="bbox 56 3817 584 3879; baseline -0.015 0"><span class='ocrx_word' id='word_1_477' title='bbox 56 3838 94 3879; x_wconf 79' lang='lat' dir='ltr'>sae</span> <span class='ocrx_word' id='word_1_478' title='bbox 109 3818 258 3876; x_wconf 89' lang='lat' dir='ltr'>videantur</span> <span class='ocrx_word' id='word_1_479' title='bbox 272 3817 385 3873; x_wconf 76' lang='lat' dir='ltr'>obviare</span> <span class='ocrx_word' id='word_1_480' title='bbox 400 3817 554 3874; x_wconf 82' lang='lat' dir='ltr'>sententias.</span> <span class='ocrx_word' id='word_1_481' title='bbox 575 3842 584 3865; x_wconf 71' lang='grc' dir='ltr'><strong><em>ι</em></strong></span> 
     </span>
    </p>

    <p class='ocr_par' dir='ltr' id='par_1_5' title="bbox 91 3914 862 3988">
     <span class='ocr_line' id='line_1_41' title="bbox 91 3914 862 3988; baseline -0.008 -12"><span class='ocrx_word' id='word_1_482' title='bbox 91 3918 209 3975; x_wconf 86' lang='lat' dir='ltr'>Etcum</span> <span class='ocrx_word' id='word_1_483' title='bbox 225 3915 265 3971; x_wconf 89' lang='lat' dir='ltr'>ita</span> <span class='ocrx_word' id='word_1_484' title='bbox 279 3932 361 3972; x_wconf 76' lang='lat' dir='ltr'>sacrae</span> <span class='ocrx_word' id='word_1_485' title='bbox 376 3915 459 3987; x_wconf 87' lang='lat' dir='ltr'>leges,</span> <span class='ocrx_word' id='word_1_486' title='bbox 475 3924 531 3972; x_wconf 82' lang='lat' dir='ltr'>mm</span> <span class='ocrx_word' id='word_1_487' title='bbox 552 3914 754 3983; x_wconf 86' lang='lat' dir='ltr'>ecclesiasticae,</span> <span class='ocrx_word' id='word_1_488' title='bbox 781 3931 862 3988; x_wconf 87' lang='lat' dir='ltr'>quarn</span> 
     </span>
    </p>
   </div>
   <div class='ocr_carea' id='block_1_5' title="bbox 55 4001 863 4165">
    <p class='ocr_par' dir='ltr' id='par_1_6' title="bbox 55 4001 863 4165">
     <span class='ocr_line' id='line_1_42' title="bbox 55 4001 862 4076; baseline -0.006 -14"><span class='ocrx_word' id='word_1_489' title='bbox 55 4003 217 4073; x_wconf 78' lang='lat' dir='ltr'>mundanae,</span> <span class='ocrx_word' id='word_1_490' title='bbox 231 4005 265 4061; x_wconf 91' lang='lat' dir='ltr'>dc</span> <span class='ocrx_word' id='word_1_491' title='bbox 279 4004 411 4060; x_wconf 89' lang='lat' dir='ltr'>damnato</span> <span class='ocrx_word' id='word_1_492' title='bbox 423 4002 571 4076; x_wconf 90' lang='lat' dir='ltr'>episcopali</span> <span class='ocrx_word' id='word_1_493' title='bbox 588 4010 615 4059; x_wconf 90' lang='lat' dir='ltr'>et</span> <span class='ocrx_word' id='word_1_494' title='bbox 630 4001 757 4074; x_wconf 82' lang='lat' dir='ltr'>synodali</span> <span class='ocrx_word' id='word_1_495' title='bbox 769 4003 862 4060; x_wconf 89' lang='lat' dir='ltr'>conoi-</span> 
     </span>
     <span class='ocr_line' id='line_1_43' title="bbox 55 4091 863 4165; baseline -0.007 -12"><span class='ocrx_word' id='word_1_496' title='bbox 55 4095 97 4155; x_wconf 92' lang='lat' dir='ltr'>lio</span> <span class='ocrx_word' id='word_1_497' title='bbox 112 4093 274 4162; x_wconf 83' lang='lat' dir='ltr'>decernant,</span> <span class='ocrx_word' id='word_1_498' title='bbox 290 4108 346 4148; x_wconf 91' lang='lat' dir='ltr'>nou</span> <span class='ocrx_word' id='word_1_499' title='bbox 361 4100 401 4148; x_wconf 90' lang='lat' dir='ltr'>est</span> <span class='ocrx_word' id='word_1_500' title='bbox 415 4092 502 4149; x_wconf 88' lang='lat' dir='ltr'>nostri</span> <span class='ocrx_word' id='word_1_501' title='bbox 525 4092 593 4165; x_wconf 87' lang='lat' dir='ltr'>regii</span> <span class='ocrx_word' id='word_1_502' title='bbox 609 4091 768 4162; x_wconf 87' lang='lat' dir='ltr'>ministerii,</span> <span class='ocrx_word' id='word_1_503' title='bbox 785 4109 863 4148; x_wconf 76' lang='lat' dir='ltr'>return</span> 
     </span>
    </p>
   </div>
   <div class='ocr_carea' id='block_1_6' title="bbox 918 3273 1718 3440">
    <p class='ocr_par' dir='ltr' id='par_1_7' title="bbox 918 3273 1718 3440">
     <span class='ocr_line' id='line_1_44' title="bbox 918 3273 1718 3350; baseline -0.01 -12"><span class='ocrx_word' id='word_1_504' title='bbox 918 3282 1004 3340; x_wconf 90' lang='lat' dir='ltr'>oium.</span> <span class='ocrx_word' id='word_1_505' title='bbox 1033 3280 1102 3338; x_wconf 91' lang='lat' dir='ltr'>Cum</span> <span class='ocrx_word' id='word_1_506' title='bbox 1130 3279 1204 3336; x_wconf 89' lang='lat' dir='ltr'>enim</span> <span class='ocrx_word' id='word_1_507' title='bbox 1220 3277 1378 3350; x_wconf 88' lang='lat' dir='ltr'>ubicunque</span> <span class='ocrx_word' id='word_1_508' title='bbox 1395 3275 1508 3343; x_wconf 91' lang='lat' dir='ltr'>dicitur,</span> <span class='ocrx_word' id='word_1_509' title='bbox 1523 3273 1606 3331; x_wconf 91' lang='lat' dir='ltr'>sicuti</span> <span class='ocrx_word' id='word_1_510' title='bbox 1623 3273 1718 3330; x_wconf 87' lang='lat' dir='ltr'>nullus</span> 
     </span>
     <span class='ocr_line' id='line_1_45' title="bbox 919 3361 1716 3440; baseline -0.014 -11"><span class='ocrx_word' id='word_1_511' title='bbox 919 3375 1005 3440; x_wconf 91' lang='lat' dir='ltr'>locus,</span> <span class='ocrx_word' id='word_1_512' title='bbox 1022 3371 1061 3426; x_wconf 83' lang='lat' dir='ltr'>ita</span> <span class='ocrx_word' id='word_1_513' title='bbox 1083 3385 1164 3426; x_wconf 90' lang='lat' dir='ltr'>nemo</span> <span class='ocrx_word' id='word_1_514' title='bbox 1178 3375 1268 3424; x_wconf 88' lang='lat' dir='ltr'>rector</span> <span class='ocrx_word' id='word_1_515' title='bbox 1294 3365 1423 3423; x_wconf 88' lang='lat' dir='ltr'>Ecclesiae</span> <span class='ocrx_word' id='word_1_516' title='bbox 1450 3381 1485 3420; x_wconf 88' lang='lat' dir='ltr'>ex</span> <span class='ocrx_word' id='word_1_517' title='bbox 1499 3363 1573 3420; x_wconf 87' lang='lat' dir='ltr'>Petri</span> <span class='ocrx_word' id='word_1_518' title='bbox 1588 3361 1716 3436; x_wconf 82' lang='lat' dir='ltr'>aequitato</span> 
     </span>
    </p>
   </div>
   <div class='ocr_carea' id='block_1_7' title="bbox 916 3449 1874 3532">
    <p class='ocr_par' dir='ltr' id='par_1_8' title="bbox 916 3449 1874 3532">
     <span class='ocr_line' id='line_1_46' title="bbox 916 3449 1874 3532; baseline -0.013 -16"><span class='ocrx_word' id='word_1_519' title='bbox 916 3459 1052 3532; x_wconf 91' lang='lat' dir='ltr'>judicium</span> <span class='ocrx_word' id='word_1_520' title='bbox 1067 3461 1158 3516; x_wconf 85' lang='lat' dir='ltr'>ferens</span> <span class='ocrx_word' id='word_1_521' title='bbox 1171 3457 1321 3529; x_wconf 81' lang='lat' dir='ltr'>excipitur,</span> <span class='ocrx_word' id='word_1_522' title='bbox 1336 3454 1378 3510; x_wconf 89' lang='lat' dir='ltr'>vel</span> <span class='ocrx_word' id='word_1_523' title='bbox 1395 3459 1492 3511; x_wconf 86' lang='lat' dir='ltr'>contra</span> <span class='ocrx_word' id='word_1_524' title='bbox 1504 3452 1582 3508; x_wconf 90' lang='lat' dir='ltr'>illius</span> <span class='ocrx_word' id='word_1_525' title='bbox 1595 3449 1717 3525; x_wconf 76' lang='lat' dir='ltr'>equita·</span> <span class='ocrx_word' id='word_1_526' title='bbox 1817 3469 1820 3473; x_wconf 94' lang='lat'>·</span> <span class='ocrx_word' id='word_1_527' title='bbox 1868 3504 1874 3515; x_wconf 60' lang='grc'>,</span> 
     </span>
    </p>
   </div>
   <div class='ocr_carea' id='block_1_8' title="bbox 917 3538 1718 4169">
    <p class='ocr_par' dir='ltr' id='par_1_9' title="bbox 917 3538 1718 4169">
     <span class='ocr_line' id='line_1_47' title="bbox 918 3538 1716 3620; baseline -0.013 -15"><span class='ocrx_word' id='word_1_528' title='bbox 918 3557 972 3605; x_wconf 88' lang='lat' dir='ltr'>tem</span> <span class='ocrx_word' id='word_1_529' title='bbox 986 3547 1124 3619; x_wconf 88' lang='lat' dir='ltr'>judicium</span> <span class='ocrx_word' id='word_1_530' title='bbox 1138 3547 1279 3620; x_wconf 80' lang='lat' dir='ltr'>protereus</span> <span class='ocrx_word' id='word_1_531' title='bbox 1293 3543 1514 3602; x_wconf 90' lang='lat' dir='ltr'>commendatur.</span> <span class='ocrx_word' id='word_1_532' title='bbox 1529 3541 1565 3597; x_wconf 91' lang='lat' dir='ltr'>Et</span> <span class='ocrx_word' id='word_1_533' title='bbox 1578 3541 1642 3615; x_wconf 87' lang='lat' dir='ltr'>quia</span> <span class='ocrx_word' id='word_1_534' title='bbox 1657 3538 1716 3595; x_wconf 93' lang='lat' dir='ltr'>ubi·</span> 
     </span>
     <span class='ocr_line' id='line_1_48' title="bbox 917 3629 1717 3712; baseline -0.015 -15"><span class='ocrx_word' id='word_1_535' title='bbox 917 3654 1024 3712; x_wconf 91' lang='lat' dir='ltr'>cunque</span> <span class='ocrx_word' id='word_1_536' title='bbox 1038 3639 1097 3694; x_wconf 91' lang='lat' dir='ltr'>sine</span> <span class='ocrx_word' id='word_1_537' title='bbox 1112 3638 1170 3695; x_wconf 90' lang='lat' dir='ltr'>ulla</span> <span class='ocrx_word' id='word_1_538' title='bbox 1184 3638 1346 3710; x_wconf 86' lang='lat' dir='ltr'>exceptione</span> <span class='ocrx_word' id='word_1_539' title='bbox 1360 3651 1418 3692; x_wconf 93' lang='lat' dir='ltr'>non</span> <span class='ocrx_word' id='word_1_540' title='bbox 1432 3640 1524 3690; x_wconf 88' lang='lat' dir='ltr'>manet</span> <span class='ocrx_word' id='word_1_541' title='bbox 1538 3632 1612 3689; x_wconf 87' lang='lat' dir='ltr'>Petri</span> <span class='ocrx_word' id='word_1_542' title='bbox 1624 3629 1717 3704; x_wconf 86' lang='lat' dir='ltr'>priui-</span> 
     </span>
     <span class='ocr_line' id='line_1_49' title="bbox 917 3719 1716 3801; baseline -0.01 -17"><span class='ocrx_word' id='word_1_543' title='bbox 917 3728 1030 3801; x_wconf 82' lang='lat' dir='ltr'>legium,</span> <span class='ocrx_word' id='word_1_544' title='bbox 1048 3727 1087 3784; x_wconf 90' lang='lat' dir='ltr'>ibi</span> <span class='ocrx_word' id='word_1_545' title='bbox 1100 3744 1135 3784; x_wconf 90' lang='lat' dir='ltr'>ex</span> <span class='ocrx_word' id='word_1_546' title='bbox 1149 3726 1236 3801; x_wconf 91' lang='lat' dir='ltr'>ipsius</span> <span class='ocrx_word' id='word_1_547' title='bbox 1251 3725 1378 3800; x_wconf 80' lang='lat' dir='ltr'>equitate</span> <span class='ocrx_word' id='word_1_548' title='bbox 1397 3740 1453 3780; x_wconf 92' lang='lat' dir='ltr'>non</span> <span class='ocrx_word' id='word_1_549' title='bbox 1479 3723 1568 3779; x_wconf 89' lang='lat' dir='ltr'>iertor</span> <span class='ocrx_word' id='word_1_550' title='bbox 1578 3719 1716 3794; x_wconf 89' lang='lat' dir='ltr'>judicium</span> 
     </span>
     <span class='ocr_line' id='line_1_50' title="bbox 917 3816 1718 3899; baseline -0.012 -16"><span class='ocrx_word' id='word_1_551' title='bbox 917 3827 1054 3899; x_wconf 90' lang='lat' dir='ltr'>prolatum</span> <span class='ocrx_word' id='word_1_552' title='bbox 1069 3825 1249 3883; x_wconf 85' lang='lat' dir='ltr'>obaudiemus</span> <span class='ocrx_word' id='word_1_553' title='bbox 1261 3823 1380 3896; x_wconf 87' lang='lat' dir='ltr'>jussum,</span> <span class='ocrx_word' id='word_1_554' title='bbox 1397 3821 1443 3877; x_wconf 79' lang='lat' dir='ltr'>rel</span> <span class='ocrx_word' id='word_1_555' title='bbox 1458 3818 1623 3891; x_wconf 88' lang='lat' dir='ltr'>recipiemus</span> <span class='ocrx_word' id='word_1_556' title='bbox 1636 3816 1718 3891; x_wconf 77' lang='lat' dir='ltr'>iudi-</span> 
     </span>
     <span class='ocr_line' id='line_1_51' title="bbox 917 3907 1715 3989; baseline -0.016 -16"><span class='ocrx_word' id='word_1_557' title='bbox 917 3917 1001 3986; x_wconf 90' lang='lat' dir='ltr'>cium,</span> <span class='ocrx_word' id='word_1_558' title='bbox 1018 3915 1091 3989; x_wconf 91' lang='lat' dir='ltr'>quod</span> <span class='ocrx_word' id='word_1_559' title='bbox 1107 3931 1161 3972; x_wconf 90' lang='lat' dir='ltr'>non</span> <span class='ocrx_word' id='word_1_560' title='bbox 1177 3931 1211 3971; x_wconf 83' lang='lat' dir='ltr'>ex</span> <span class='ocrx_word' id='word_1_561' title='bbox 1225 3913 1298 3969; x_wconf 87' lang='lat' dir='ltr'>Petri</span> <span class='ocrx_word' id='word_1_562' title='bbox 1321 3911 1450 3984; x_wconf 81' lang='lat' dir='ltr'>aequitate</span> <span class='ocrx_word' id='word_1_563' title='bbox 1466 3908 1551 3966; x_wconf 83' lang='lat' dir='ltr'>luerit</span> <span class='ocrx_word' id='word_1_564' title='bbox 1565 3907 1715 3980; x_wconf 89' lang='lat' dir='ltr'>prolatum,</span> 
     </span>
     <span class='ocr_line' id='line_1_52' title="bbox 917 3995 1718 4078; baseline -0.016 -15"><span class='ocrx_word' id='word_1_565' title='bbox 917 4023 948 4064; x_wconf 90' lang='lat' dir='ltr'>ac</span> <span class='ocrx_word' id='word_1_566' title='bbox 962 4020 1011 4078; x_wconf 88' lang='lat' dir='ltr'>per</span> <span class='ocrx_word' id='word_1_567' title='bbox 1025 4005 1079 4062; x_wconf 92' lang='lat' dir='ltr'>hoc</span> <span class='ocrx_word' id='word_1_568' title='bbox 1093 4005 1180 4077; x_wconf 90' lang='lat' dir='ltr'>ipsius</span> <span class='ocrx_word' id='word_1_569' title='bbox 1193 4002 1341 4077; x_wconf 82' lang='lat' dir='ltr'>priuilegio</span> <span class='ocrx_word' id='word_1_570' title='bbox 1359 4001 1444 4058; x_wconf 83' lang='lat' dir='ltr'>fuerit</span> <span class='ocrx_word' id='word_1_571' title='bbox 1471 3995 1660 4057; x_wconf 74' lang='lat' dir='ltr'>destitutum?</span> <span class='ocrx_word' id='word_1_572' title='bbox 1677 3996 1718 4051; x_wconf 86' lang='lat' dir='ltr'>De</span> 
     </span>
     <span class='ocr_line' id='line_1_53' title="bbox 918 4086 1718 4169; baseline -0.016 -17"><span class='ocrx_word' id='word_1_573' title='bbox 918 4112 972 4169; x_wconf 94' lang='lat' dir='ltr'>quo</span> <span class='ocrx_word' id='word_1_574' title='bbox 987 4095 1133 4168; x_wconf 88' lang='lat' dir='ltr'>episcopali</span> <span class='ocrx_word' id='word_1_575' title='bbox 1151 4092 1269 4165; x_wconf 90' lang='lat' dir='ltr'>judicio,</span> <span class='ocrx_word' id='word_1_576' title='bbox 1298 4089 1365 4163; x_wconf 91' lang='lat' dir='ltr'>quid</span> <span class='ocrx_word' id='word_1_577' title='bbox 1388 4089 1497 4147; x_wconf 87' lang='lat' dir='ltr'>cunctis</span> <span class='ocrx_word' id='word_1_578' title='bbox 1520 4086 1655 4160; x_wconf 85' lang='lat' dir='ltr'>episcopis</span> <span class='ocrx_word' id='word_1_579' title='bbox 1670 4100 1718 4141; x_wconf 90' lang='lat' dir='ltr'>se-</span> 
     </span>
    </p>
   </div>
   <div class='ocr_carea' id='block_1_9' title="bbox 52 4175 1717 5692">
    <p class='ocr_par' dir='ltr' id='par_1_10' title="bbox 52 4175 1717 5420">
     <span class='ocr_line' id='line_1_54' title="bbox 54 4175 1717 4256; baseline -0.01 -13"><span class='ocrx_word' id='word_1_580' title='bbox 54 4194 84 4243; x_wconf 87' lang='lat' dir='ltr'>et</span> <span class='ocrx_word' id='word_1_581' title='bbox 98 4199 242 4243; x_wconf 84' lang='lat' dir='ltr'>sacrorum</span> <span class='ocrx_word' id='word_1_582' title='bbox 256 4199 393 4240; x_wconf 86' lang='lat' dir='ltr'>canonum</span> <span class='ocrx_word' id='word_1_583' title='bbox 406 4183 514 4256; x_wconf 84' lang='lat' dir='ltr'>judicio</span> <span class='ocrx_word' id='word_1_584' title='bbox 528 4183 756 4252; x_wconf 88' lang='lat' dir='ltr'>condemnatum,</span> <span class='ocrx_word' id='word_1_585' title='bbox 782 4191 864 4255; x_wconf 91' lang='lat' dir='ltr'>atque</span> <span class='ocrx_word' id='word_1_586' title='bbox 918 4183 1068 4256; x_wconf 88' lang='lat' dir='ltr'>quendum,</span> <span class='ocrx_word' id='word_1_587' title='bbox 1084 4180 1192 4255; x_wconf 87' lang='lat' dir='ltr'>etquid</span> <span class='ocrx_word' id='word_1_588' title='bbox 1207 4180 1337 4237; x_wconf 78' lang='lat' dir='ltr'>Ecclesiae</span> <span class='ocrx_word' id='word_1_589' title='bbox 1347 4178 1414 4233; x_wconf 86' lang='lat' dir='ltr'>filiis</span> <span class='ocrx_word' id='word_1_590' title='bbox 1428 4179 1463 4233; x_wconf 90' lang='lat' dir='ltr'>sit</span> <span class='ocrx_word' id='word_1_591' title='bbox 1478 4175 1717 4246; x_wconf 87' lang='lat' dir='ltr'>tenendumatque</span> 
     </span>
     <span class='ocr_line' id='line_1_55' title="bbox 54 4262 1711 4349; baseline -0.021 3"><span class='ocrx_word' id='word_1_592' title='bbox 54 4272 217 4349; x_wconf 55' lang='lat' dir='ltr'>¹⁸1¹&lt;l³t⁰¹i⁰³e</span> <span class='ocrx_word' id='word_1_593' title='bbox 231 4272 304 4330; x_wconf 66' lang='lat' dir='ltr'>⁸⁰di³</span> <span class='ocrx_word' id='word_1_594' title='bbox 321 4271 492 4342; x_wconf 82' lang='lat' dir='ltr'>definitione,</span> <span class='ocrx_word' id='word_1_595' title='bbox 520 4273 591 4330; x_wconf 78' lang='lat' dir='ltr'>Sicut</span> <span class='ocrx_word' id='word_1_596' title='bbox 615 4272 743 4345; x_wconf 82' lang='lat' dir='ltr'>ingestis</span> <span class='ocrx_word' id='word_1_597' title='bbox 763 4270 862 4346; x_wconf 86' lang='lat' dir='ltr'>synodi</span> <span class='ocrx_word' id='word_1_598' title='bbox 918 4272 1094 4341; x_wconf 86' lang='lat' dir='ltr'>servandum,</span> <span class='ocrx_word' id='word_1_599' title='bbox 1119 4271 1215 4328; x_wconf 87' lang='lat' dir='ltr'>beatus</span> <span class='ocrx_word' id='word_1_600' title='bbox 1229 4266 1377 4340; x_wconf 82' lang='lat' dir='ltr'>Gregorius</span> <span class='ocrx_word' id='word_1_601' title='bbox 1397 4265 1565 4321; x_wconf 88' lang='lat' dir='ltr'>sufficienter</span> <span class='ocrx_word' id='word_1_602' title='bbox 1578 4262 1711 4318; x_wconf 88' lang='lat' dir='ltr'>inculcat.</span> 
     </span>
     <span class='ocr_line' id='line_1_56' title="bbox 55 4348 1716 4437; baseline -0.011 -15"><span class='ocrx_word' id='word_1_603' title='bbox 55 4363 188 4422; x_wconf 81' lang='lat' dir='ltr'>iuvenire</span> <span class='ocrx_word' id='word_1_604' title='bbox 203 4361 328 4434; x_wconf 89' lang='lat' dir='ltr'>potestis,</span> <span class='ocrx_word' id='word_1_605' title='bbox 343 4361 618 4430; x_wconf 89' lang='lat' dir='ltr'>anathematizatum,</span> <span class='ocrx_word' id='word_1_606' title='bbox 634 4371 729 4419; x_wconf 87' lang='lat' dir='ltr'>nostra</span> <span class='ocrx_word' id='word_1_607' title='bbox 742 4361 864 4433; x_wconf 90' lang='lat' dir='ltr'>potentia</span> <span class='ocrx_word' id='word_1_608' title='bbox 918 4366 990 4437; x_wconf 89' lang='lat' dir='ltr'>Ergo</span> <span class='ocrx_word' id='word_1_609' title='bbox 998 4362 1092 4436; x_wconf 90' lang='lat' dir='ltr'>jubeto</span> <span class='ocrx_word' id='word_1_610' title='bbox 1106 4371 1133 4418; x_wconf 89' lang='lat' dir='ltr'>et</span> <span class='ocrx_word' id='word_1_611' title='bbox 1142 4359 1264 4432; x_wconf 88' lang='lat' dir='ltr'>judicate</span> <span class='ocrx_word' id='word_1_612' title='bbox 1279 4354 1425 4430; x_wconf 87' lang='lat' dir='ltr'>privilegio</span> <span class='ocrx_word' id='word_1_613' title='bbox 1436 4350 1526 4424; x_wconf 87' lang='lat' dir='ltr'>magni</span> <span class='ocrx_word' id='word_1_614' title='bbox 1541 4350 1626 4417; x_wconf 87' lang='lat' dir='ltr'>Petri,</span> <span class='ocrx_word' id='word_1_615' title='bbox 1634 4348 1716 4422; x_wconf 85' lang='lat' dir='ltr'>juxta</span> 
     </span>
     <span class='ocr_line' id='line_1_57' title="bbox 55 4434 1717 4550; baseline -0.012 -39"><span class='ocrx_word' id='word_1_616' title='bbox 55 4453 162 4511; x_wconf 75' lang='lat' dir='ltr'>iratum</span> <span class='ocrx_word' id='word_1_617' title='bbox 190 4467 328 4526; x_wconf 87' lang='lat' dir='ltr'>quoquam</span> <span class='ocrx_word' id='word_1_618' title='bbox 354 4451 481 4525; x_wconf 88' lang='lat' dir='ltr'>dirigere,</span> <span class='ocrx_word' id='word_1_619' title='bbox 505 4469 568 4509; x_wconf 90' lang='lat' dir='ltr'>oum</span> <span class='ocrx_word' id='word_1_620' title='bbox 592 4451 763 4524; x_wconf 87' lang='lat' dir='ltr'>apertissime</span> <span class='ocrx_word' id='word_1_621' title='bbox 792 4454 861 4509; x_wconf 86' lang='lat' dir='ltr'>sacri</span> <span class='ocrx_word' id='word_1_622' title='bbox 878 4492 901 4550; x_wconf 73' lang='lat' dir='ltr'><strong>D</strong></span> <span class='ocrx_word' id='word_1_623' title='bbox 918 4451 1055 4525; x_wconf 80' lang='lat' dir='ltr'>aequitatis</span> <span class='ocrx_word' id='word_1_624' title='bbox 1069 4449 1127 4521; x_wconf 89' lang='lat' dir='ltr'>ejus</span> <span class='ocrx_word' id='word_1_625' title='bbox 1140 4446 1287 4519; x_wconf 88' lang='lat' dir='ltr'>judicium,</span> <span class='ocrx_word' id='word_1_626' title='bbox 1303 4460 1362 4517; x_wconf 83' lang='lat' dir='ltr'>qum</span> <span class='ocrx_word' id='word_1_627' title='bbox 1376 4439 1498 4514; x_wconf 89' lang='lat' dir='ltr'>jubenda</span> <span class='ocrx_word' id='word_1_628' title='bbox 1521 4445 1548 4495; x_wconf 92' lang='lat' dir='ltr'>et</span> <span class='ocrx_word' id='word_1_629' title='bbox 1566 4434 1717 4510; x_wconf 83' lang='lat' dir='ltr'>judicanda</span> 
     </span>
     <span class='ocr_line' id='line_1_58' title="bbox 54 4523 1716 4615; baseline -0.014 -13"><span class='ocrx_word' id='word_1_630' title='bbox 54 4556 178 4602; x_wconf 71' lang='lat' dir='ltr'>mnoues</span> <span class='ocrx_word' id='word_1_631' title='bbox 190 4540 334 4611; x_wconf 84' lang='lat' dir='ltr'>deliniant,</span> <span class='ocrx_word' id='word_1_632' title='bbox 350 4550 377 4597; x_wconf 90' lang='lat' dir='ltr'>et</span> <span class='ocrx_word' id='word_1_633' title='bbox 392 4543 464 4615; x_wconf 87' lang='lat' dir='ltr'>leges</span> <span class='ocrx_word' id='word_1_634' title='bbox 477 4541 638 4610; x_wconf 81' lang='lat' dir='ltr'>iustiniani,</span> <span class='ocrx_word' id='word_1_635' title='bbox 653 4557 685 4598; x_wconf 91' lang='lat' dir='ltr'>ac</span> <span class='ocrx_word' id='word_1_636' title='bbox 699 4548 861 4598; x_wconf 73' lang='lat' dir='ltr'>ceterorum</span> <span class='ocrx_word' id='word_1_637' title='bbox 917 4550 991 4610; x_wconf 88' lang='lat' dir='ltr'>suut,</span> <span class='ocrx_word' id='word_1_638' title='bbox 1007 4558 1048 4610; x_wconf 87' lang='lat' dir='ltr'>ne,</span> <span class='ocrx_word' id='word_1_639' title='bbox 1064 4549 1095 4597; x_wconf 92' lang='lat' dir='ltr'>ut</span> <span class='ocrx_word' id='word_1_640' title='bbox 1111 4536 1178 4594; x_wconf 89' lang='lat' dir='ltr'>dicit</span> <span class='ocrx_word' id='word_1_641' title='bbox 1201 4535 1260 4609; x_wconf 87' lang='lat' dir='ltr'>ejus</span> <span class='ocrx_word' id='word_1_642' title='bbox 1278 4531 1460 4605; x_wconf 89' lang='lat' dir='ltr'>coapostolus,</span> <span class='ocrx_word' id='word_1_643' title='bbox 1486 4527 1647 4599; x_wconf 79' lang='lat' dir='ltr'>vituperetur</span> <span class='ocrx_word' id='word_1_644' title='bbox 1660 4523 1716 4579; x_wconf 85' lang='lat' dir='ltr'>mi-</span> 
     </span>
     <span class='ocr_line' id='line_1_59' title="bbox 56 4617 1715 4708; baseline -0.011 -17"><span class='ocrx_word' id='word_1_645' title='bbox 56 4634 257 4708; x_wconf 78' lang='lat' dir='ltr'>imperatorum</span> <span class='ocrx_word' id='word_1_646' title='bbox 280 4631 482 4690; x_wconf 85' lang='lat' dir='ltr'>catholicorum</span> <span class='ocrx_word' id='word_1_647' title='bbox 496 4632 596 4701; x_wconf 90' lang='lat' dir='ltr'>edicta,</span> <span class='ocrx_word' id='word_1_648' title='bbox 621 4631 748 4704; x_wconf 90' lang='lat' dir='ltr'>qualiter,</span> <span class='ocrx_word' id='word_1_649' title='bbox 766 4639 792 4687; x_wconf 93' lang='lat' dir='ltr'>et</span> <span class='ocrx_word' id='word_1_650' title='bbox 814 4647 863 4703; x_wconf 83' lang='lat' dir='ltr'>pro</span> <span class='ocrx_word' id='word_1_651' title='bbox 917 4632 1177 4688; x_wconf 68' lang='lat' dir='ltr'>rinononvertram</span> <span class='ocrx_word' id='word_1_652' title='bbox 1188 4628 1233 4699; x_wconf 89' lang='lat' dir='ltr'>(ii</span> <span class='ocrx_word' id='word_1_653' title='bbox 1247 4627 1310 4685; x_wconf 84' lang='lat' dir='ltr'>Cor.</span> <span class='ocrx_word' id='word_1_654' title='bbox 1324 4625 1376 4697; x_wconf 81' lang='lat' dir='ltr'>vr).</span> <span class='ocrx_word' id='word_1_655' title='bbox 1389 4622 1495 4691; x_wconf 85' lang='lat' dir='ltr'>Quiaet</span> <span class='ocrx_word' id='word_1_656' title='bbox 1506 4617 1715 4677; x_wconf 85' lang='lat' dir='ltr'>nossecundmn</span> 
     </span>
     <span class='ocr_line' id='line_1_60' title="bbox 55 4707 1716 4799; baseline -0.012 -17"><span class='ocrx_word' id='word_1_657' title='bbox 55 4724 170 4799; x_wconf 64' lang='lat' dir='ltr'>quibus</span> <span class='ocrx_word' id='word_1_658' title='bbox 200 4730 258 4780; x_wconf 88' lang='lat' dir='ltr'>eta</span> <span class='ocrx_word' id='word_1_659' title='bbox 277 4723 377 4795; x_wconf 90' lang='lat' dir='ltr'>quibus</span> <span class='ocrx_word' id='word_1_660' title='bbox 403 4723 500 4780; x_wconf 89' lang='lat' dir='ltr'>debeat</span> <span class='ocrx_word' id='word_1_661' title='bbox 516 4723 661 4796; x_wconf 87' lang='lat' dir='ltr'>episcopus</span> <span class='ocrx_word' id='word_1_662' title='bbox 682 4721 812 4795; x_wconf 89' lang='lat' dir='ltr'>judicari,</span> <span class='ocrx_word' id='word_1_663' title='bbox 836 4729 863 4778; x_wconf 87' lang='lat' dir='ltr'>et</span> <span class='ocrx_word' id='word_1_664' title='bbox 917 4721 1023 4794; x_wconf 85' lang='lat' dir='ltr'>regium</span> <span class='ocrx_word' id='word_1_665' title='bbox 1034 4717 1219 4775; x_wconf 88' lang='lat' dir='ltr'>ministerium</span> <span class='ocrx_word' id='word_1_666' title='bbox 1230 4724 1367 4783; x_wconf 89' lang='lat' dir='ltr'>nostrum,</span> <span class='ocrx_word' id='word_1_667' title='bbox 1378 4719 1512 4788; x_wconf 91' lang='lat' dir='ltr'>quantum</span> <span class='ocrx_word' id='word_1_668' title='bbox 1526 4727 1561 4768; x_wconf 89' lang='lat' dir='ltr'>ex</span> <span class='ocrx_word' id='word_1_669' title='bbox 1571 4707 1651 4766; x_wconf 90' lang='lat' dir='ltr'>uobis</span> <span class='ocrx_word' id='word_1_670' title='bbox 1664 4714 1716 4776; x_wconf 87' lang='lat' dir='ltr'>cst,</span> 
     </span>
     <span class='ocr_line' id='line_1_61' title="bbox 55 4796 1716 4887; baseline -0.013 -17"><span class='ocrx_word' id='word_1_671' title='bbox 55 4819 120 4887; x_wconf 87' lang='lat' dir='ltr'>post</span> <span class='ocrx_word' id='word_1_672' title='bbox 129 4809 279 4885; x_wconf 86' lang='lat' dir='ltr'>judicium,</span> <span class='ocrx_word' id='word_1_673' title='bbox 290 4811 357 4884; x_wconf 90' lang='lat' dir='ltr'>quid</span> <span class='ocrx_word' id='word_1_674' title='bbox 372 4819 399 4868; x_wconf 88' lang='lat' dir='ltr'>et</span> <span class='ocrx_word' id='word_1_675' title='bbox 410 4812 538 4885; x_wconf 87' lang='lat' dir='ltr'>qualiter,</span> <span class='ocrx_word' id='word_1_676' title='bbox 556 4819 583 4867; x_wconf 91' lang='lat' dir='ltr'>et</span> <span class='ocrx_word' id='word_1_677' title='bbox 595 4827 643 4884; x_wconf 89' lang='lat' dir='ltr'>per</span> <span class='ocrx_word' id='word_1_678' title='bbox 656 4827 726 4886; x_wconf 93' lang='lat' dir='ltr'>quos</span> <span class='ocrx_word' id='word_1_679' title='bbox 740 4812 777 4866; x_wconf 88' lang='lat' dir='ltr'>sit</span> <span class='ocrx_word' id='word_1_680' title='bbox 798 4810 862 4867; x_wconf 90' lang='lat' dir='ltr'>inde</span> <span class='ocrx_word' id='word_1_681' title='bbox 916 4810 1043 4883; x_wconf 89' lang='lat' dir='ltr'>cupimus</span> <span class='ocrx_word' id='word_1_682' title='bbox 1071 4822 1179 4865; x_wconf 87' lang='lat' dir='ltr'>servare</span> <span class='ocrx_word' id='word_1_683' title='bbox 1194 4804 1267 4879; x_wconf 90' lang='lat' dir='ltr'>quod</span> <span class='ocrx_word' id='word_1_684' title='bbox 1281 4804 1415 4876; x_wconf 88' lang='lat' dir='ltr'>scriptum</span> <span class='ocrx_word' id='word_1_685' title='bbox 1443 4809 1495 4870; x_wconf 90' lang='lat' dir='ltr'>est,</span> <span class='ocrx_word' id='word_1_686' title='bbox 1524 4799 1600 4868; x_wconf 82' lang='lat' dir='ltr'>Filii,</span> <span class='ocrx_word' id='word_1_687' title='bbox 1616 4796 1716 4854; x_wconf 83' lang='lat' dir='ltr'>obedite</span> 
     </span>
     <span class='ocr_line' id='line_1_62' title="bbox 54 4886 1716 4977; baseline -0.012 -18"><span class='ocrx_word' id='word_1_688' title='bbox 54 4901 218 4976; x_wconf 72' lang='lat' dir='ltr'>apostolica</span> <span class='ocrx_word' id='word_1_689' title='bbox 231 4901 295 4959; x_wconf 85' lang='lat' dir='ltr'>Sodi</span> <span class='ocrx_word' id='word_1_690' title='bbox 308 4902 456 4975; x_wconf 86' lang='lat' dir='ltr'>agendum,</span> <span class='ocrx_word' id='word_1_691' title='bbox 471 4919 532 4977; x_wconf 87' lang='lat' dir='ltr'>qum</span> <span class='ocrx_word' id='word_1_692' title='bbox 547 4920 603 4959; x_wconf 91' lang='lat' dir='ltr'>non</span> <span class='ocrx_word' id='word_1_693' title='bbox 625 4903 784 4972; x_wconf 89' lang='lat' dir='ltr'>abnuimus,</span> <span class='ocrx_word' id='word_1_694' title='bbox 815 4901 862 4958; x_wconf 88' lang='lat' dir='ltr'>sed</span> <span class='ocrx_word' id='word_1_695' title='bbox 914 4899 1070 4972; x_wconf 79' lang='lat' dir='ltr'>ponentibus</span> <span class='ocrx_word' id='word_1_696' title='bbox 1083 4897 1177 4954; x_wconf 85' lang='lat' dir='ltr'>uestris</span> <span class='ocrx_word' id='word_1_697' title='bbox 1190 4896 1220 4951; x_wconf 87' lang='lat' dir='ltr'>iu</span> <span class='ocrx_word' id='word_1_698' title='bbox 1238 4894 1352 4952; x_wconf 85' lang='lat' dir='ltr'>Domino</span> <span class='ocrx_word' id='word_1_699' title='bbox 1368 4893 1478 4966; x_wconf 78' lang='lat' dir='ltr'>(Epirus.</span> <span class='ocrx_word' id='word_1_700' title='bbox 1504 4889 1558 4962; x_wconf 83' lang='lat' dir='ltr'>vu),</span> <span class='ocrx_word' id='word_1_701' title='bbox 1585 4886 1716 4944; x_wconf 85' lang='lat' dir='ltr'>videlicet</span> 
     </span>
     <span class='ocr_line' id='line_1_63' title="bbox 54 4975 1716 5066; baseline -0.013 -17"><span class='ocrx_word' id='word_1_702' title='bbox 54 4993 254 5051; x_wconf 87' lang='lat' dir='ltr'>incunctanter</span> <span class='ocrx_word' id='word_1_703' title='bbox 279 5008 311 5048; x_wconf 92' lang='lat' dir='ltr'>ac</span> <span class='ocrx_word' id='word_1_704' title='bbox 324 5001 515 5065; x_wconf 89' lang='lat' dir='ltr'>competenter</span> <span class='ocrx_word' id='word_1_705' title='bbox 531 4993 688 5048; x_wconf 82' lang='lat' dir='ltr'>corruimus.</span> <span class='ocrx_word' id='word_1_706' title='bbox 710 4992 734 5048; x_wconf 80' lang='grc' dir='ltr'><strong>Α</strong></span> <span class='ocrx_word' id='word_1_707' title='bbox 763 4992 863 5066; x_wconf 88' lang='lat' dir='ltr'>quibus</span> <span class='ocrx_word' id='word_1_708' title='bbox 916 4989 989 5063; x_wconf 93' lang='lat' dir='ltr'>quod</span> <span class='ocrx_word' id='word_1_709' title='bbox 1001 4989 1085 5045; x_wconf 89' lang='lat' dir='ltr'>luerit</span> <span class='ocrx_word' id='word_1_710' title='bbox 1096 4987 1205 5061; x_wconf 85' lang='lat' dir='ltr'>jussum</span> <span class='ocrx_word' id='word_1_711' title='bbox 1221 4986 1264 5042; x_wconf 87' lang='lat' dir='ltr'>vel</span> <span class='ocrx_word' id='word_1_712' title='bbox 1273 4983 1454 5057; x_wconf 88' lang='lat' dir='ltr'>judicatoma</span> <span class='ocrx_word' id='word_1_713' title='bbox 1467 4978 1596 5045; x_wconf 90' lang='lat' dir='ltr'>Domino,</span> <span class='ocrx_word' id='word_1_714' title='bbox 1608 4975 1716 5032; x_wconf 91' lang='lat' dir='ltr'>dicente</span> 
     </span>
     <span class='ocr_line' id='line_1_64' title="bbox 53 5063 1714 5153; baseline -0.016 -10"><span class='ocrx_word' id='word_1_715' title='bbox 53 5079 271 5143; x_wconf 82' lang='lat' dir='ltr'>definitionibus</span> <span class='ocrx_word' id='word_1_716' title='bbox 297 5081 367 5137; x_wconf 91' lang='lat' dir='ltr'>nulli</span> <span class='ocrx_word' id='word_1_717' title='bbox 383 5091 423 5138; x_wconf 87' lang='lat' dir='ltr'>cst</span> <span class='ocrx_word' id='word_1_718' title='bbox 451 5082 559 5140; x_wconf 92' lang='lat' dir='ltr'>licitum</span> <span class='ocrx_word' id='word_1_719' title='bbox 580 5081 710 5137; x_wconf 89' lang='lat' dir='ltr'>deviare:</span> <span class='ocrx_word' id='word_1_720' title='bbox 741 5081 815 5153; x_wconf 92' lang='lat' dir='ltr'>quia,</span> <span class='ocrx_word' id='word_1_721' title='bbox 832 5090 862 5138; x_wconf 92' lang='lat' dir='ltr'>ut</span> <span class='ocrx_word' id='word_1_722' title='bbox 916 5079 966 5134; x_wconf 89' lang='lat' dir='ltr'>illo</span> <span class='ocrx_word' id='word_1_723' title='bbox 981 5078 1107 5150; x_wconf 90' lang='lat' dir='ltr'>singulis,</span> <span class='ocrx_word' id='word_1_724' title='bbox 1143 5077 1190 5150; x_wconf 93' lang='lat' dir='ltr'>qui</span> <span class='ocrx_word' id='word_1_725' title='bbox 1206 5092 1255 5148; x_wconf 91' lang='lat' dir='ltr'>pro</span> <span class='ocrx_word' id='word_1_726' title='bbox 1271 5074 1395 5147; x_wconf 87' lang='lat' dir='ltr'>patribus</span> <span class='ocrx_word' id='word_1_727' title='bbox 1417 5068 1548 5142; x_wconf 92' lang='lat' dir='ltr'>apostolis</span> <span class='ocrx_word' id='word_1_728' title='bbox 1573 5063 1714 5131; x_wconf 78' lang='lat' dir='ltr'>Eoclesiae,</span> 
     </span>
     <span class='ocr_line' id='line_1_65' title="bbox 54 5153 1716 5244; baseline -0.014 -15"><span class='ocrx_word' id='word_1_729' title='bbox 54 5161 170 5230; x_wconf 78' lang='lat' dir='ltr'>sauctu&#39;s</span> <span class='ocrx_word' id='word_1_730' title='bbox 184 5171 297 5228; x_wconf 89' lang='lat' dir='ltr'>llilarus</span> <span class='ocrx_word' id='word_1_731' title='bbox 321 5187 391 5244; x_wconf 86' lang='lat' dir='ltr'>papa</span> <span class='ocrx_word' id='word_1_732' title='bbox 405 5172 484 5241; x_wconf 88' lang='lat' dir='ltr'>dicit,</span> <span class='ocrx_word' id='word_1_733' title='bbox 507 5171 587 5228; x_wconf 76' lang='lat' dir='ltr'>«Non</span> <span class='ocrx_word' id='word_1_734' title='bbox 600 5171 692 5226; x_wconf 90' lang='lat' dir='ltr'>minus</span> <span class='ocrx_word' id='word_1_735' title='bbox 706 5168 735 5225; x_wconf 90' lang='lat' dir='ltr'>iu</span> <span class='ocrx_word' id='word_1_736' title='bbox 749 5177 862 5227; x_wconf 86' lang='lat' dir='ltr'>sancta-</span> <span class='ocrx_word' id='word_1_737' title='bbox 917 5167 973 5223; x_wconf 88' lang='lat' dir='ltr'>noti</span> <span class='ocrx_word' id='word_1_738' title='bbox 985 5175 1049 5223; x_wconf 90' lang='lat' dir='ltr'>sunt</span> <span class='ocrx_word' id='word_1_739' title='bbox 1064 5165 1116 5222; x_wconf 89' lang='lat' dir='ltr'>lilii</span> <span class='ocrx_word' id='word_1_740' title='bbox 1131 5163 1275 5239; x_wconf 89' lang='lat' dir='ltr'>apostolici</span> <span class='ocrx_word' id='word_1_741' title='bbox 1291 5161 1355 5228; x_wconf 85' lang='lat' dir='ltr'>viri,</span> <span class='ocrx_word' id='word_1_742' title='bbox 1371 5163 1410 5217; x_wconf 83' lang='lat' dir='ltr'>Tu</span> <span class='ocrx_word' id='word_1_743' title='bbox 1424 5163 1512 5215; x_wconf 75' lang='lat' dir='ltr'>aestua</span> <span class='ocrx_word' id='word_1_744' title='bbox 1525 5153 1636 5211; x_wconf 86' lang='lat' dir='ltr'>audiens</span> <span class='ocrx_word' id='word_1_745' title='bbox 1649 5167 1716 5209; x_wconf 84' lang='lat' dir='ltr'>nnn·</span> 
     </span>
     <span class='ocr_line' id='line_1_66' title="bbox 53 5241 1716 5329; baseline -0.011 -15"><span class='ocrx_word' id='word_1_746' title='bbox 53 5273 119 5313; x_wconf 89' lang='lat' dir='ltr'>rum</span> <span class='ocrx_word' id='word_1_747' title='bbox 144 5254 329 5312; x_wconf 83' lang='lat' dir='ltr'>traditionum</span> <span class='ocrx_word' id='word_1_748' title='bbox 358 5256 531 5329; x_wconf 88' lang='lat' dir='ltr'>delinquitur</span> <span class='ocrx_word' id='word_1_749' title='bbox 553 5255 718 5322; x_wconf 87' lang='lat' dir='ltr'>sanctiones,</span> <span class='ocrx_word' id='word_1_750' title='bbox 735 5269 817 5327; x_wconf 92' lang='lat' dir='ltr'>quam</span> <span class='ocrx_word' id='word_1_751' title='bbox 831 5253 861 5309; x_wconf 93' lang='lat' dir='ltr'>iu</span> <span class='ocrx_word' id='word_1_752' title='bbox 917 5245 1545 5325; x_wconf 80' lang='lat' dir='ltr'>tiabiseiseemelEaecb.111).Divinaquippe</span> <span class='ocrx_word' id='word_1_753' title='bbox 1560 5258 1610 5298; x_wconf 92' lang='lat' dir='ltr'>nos</span> <span class='ocrx_word' id='word_1_754' title='bbox 1633 5241 1716 5298; x_wconf 87' lang='lat' dir='ltr'>lectio</span> 
     </span>
     <span class='ocr_line' id='line_1_67' title="bbox 52 5337 1717 5420; baseline -0.012 -14"><span class='ocrx_word' id='word_1_755' title='bbox 52 5344 191 5420; x_wconf 76' lang='lat' dir='ltr'>injuriam</span> <span class='ocrx_word' id='word_1_756' title='bbox 206 5345 294 5418; x_wconf 89' lang='lat' dir='ltr'>ipsius</span> <span class='ocrx_word' id='word_1_757' title='bbox 306 5347 419 5403; x_wconf 92' lang='lat' dir='ltr'>Domini</span> <span class='ocrx_word' id='word_1_758' title='bbox 434 5344 587 5419; x_wconf 82' lang='lat' dir='ltr'>prosilitur.</span> <span class='ocrx_word' id='word_1_759' title='bbox 605 5369 614 5394; x_wconf 73' lang='grc' dir='ltr'>ι</span> <span class='ocrx_word' id='word_1_760' title='bbox 916 5347 1006 5414; x_wconf 88' lang='lat' dir='ltr'>docet,</span> <span class='ocrx_word' id='word_1_761' title='bbox 1027 5343 1092 5417; x_wconf 89' lang='lat' dir='ltr'>quia</span> <span class='ocrx_word' id='word_1_762' title='bbox 1106 5358 1157 5399; x_wconf 88' lang='lat' dir='ltr'>nec</span> <span class='ocrx_word' id='word_1_763' title='bbox 1167 5341 1249 5397; x_wconf 88' lang='lat' dir='ltr'>etiarn</span> <span class='ocrx_word' id='word_1_764' title='bbox 1268 5339 1377 5396; x_wconf 90' lang='lat' dir='ltr'>Balaam</span> <span class='ocrx_word' id='word_1_765' title='bbox 1396 5337 1462 5394; x_wconf 90' lang='lat' dir='ltr'>satis</span> <span class='ocrx_word' id='word_1_766' title='bbox 1475 5348 1610 5407; x_wconf 85' lang='lat' dir='ltr'>superque</span> <span class='ocrx_word' id='word_1_767' title='bbox 1624 5348 1641 5388; x_wconf 87' lang='lat' dir='ltr'>a</span> <span class='ocrx_word' id='word_1_768' title='bbox 1654 5346 1717 5404; x_wconf 87' lang='lat' dir='ltr'>rege</span> 
     </span>
    </p>

    <p class='ocr_par' dir='ltr' id='par_1_11' title="bbox 52 5421 1717 5692">
     <span class='ocr_line' id='line_1_68' title="bbox 89 5421 1717 5515; baseline -0.014 -15"><span class='ocrx_word' id='word_1_769' title='bbox 89 5439 240 5512; x_wconf 83' lang='lat' dir='ltr'>Quocirca,</span> <span class='ocrx_word' id='word_1_770' title='bbox 270 5442 336 5515; x_wconf 92' lang='lat' dir='ltr'>quia</span> <span class='ocrx_word' id='word_1_771' title='bbox 369 5442 505 5500; x_wconf 88' lang='lat' dir='ltr'>Dominus</span> <span class='ocrx_word' id='word_1_772' title='bbox 531 5441 600 5499; x_wconf 90' lang='lat' dir='ltr'>dicit</span> <span class='ocrx_word' id='word_1_773' title='bbox 614 5456 662 5513; x_wconf 87' lang='lat' dir='ltr'>per</span> <span class='ocrx_word' id='word_1_774' title='bbox 687 5437 860 5513; x_wconf 89' lang='lat' dir='ltr'>prophetam,</span> <span class='ocrx_word' id='word_1_775' title='bbox 916 5433 1121 5507; x_wconf 87' lang='lat' dir='ltr'>Dalacpetitus,</span> <span class='ocrx_word' id='word_1_776' title='bbox 1137 5430 1202 5487; x_wconf 88' lang='lat' dir='ltr'>licet</span> <span class='ocrx_word' id='word_1_777' title='bbox 1216 5428 1417 5486; x_wconf 87' lang='lat' dir='ltr'>medicamento</span> <span class='ocrx_word' id='word_1_778' title='bbox 1442 5422 1568 5481; x_wconf 86' lang='lat' dir='ltr'>avaritiae</span> <span class='ocrx_word' id='word_1_779' title='bbox 1582 5421 1717 5480; x_wconf 83' lang='lat' dir='ltr'>delinitus</span> 
     </span>
     <span class='ocr_line' id='line_1_69' title="bbox 52 5512 1715 5600; baseline -0.013 -12"><span class='ocrx_word' id='word_1_780' title='bbox 52 5528 143 5587; x_wconf 70' lang='lat' dir='ltr'>mota</span> <span class='ocrx_word' id='word_1_781' title='bbox 155 5531 300 5587; x_wconf 78' lang='lat' dir='ltr'>tmerdotis</span> <span class='ocrx_word' id='word_1_782' title='bbox 314 5531 460 5586; x_wconf 83' lang='lat' dir='ltr'>custodient</span> <span class='ocrx_word' id='word_1_783' title='bbox 474 5530 620 5600; x_wconf 72' lang='lat' dir='ltr'>aebutium,</span> <span class='ocrx_word' id='word_1_784' title='bbox 637 5535 662 5585; x_wconf 87' lang='lat' dir='ltr'>et</span> <span class='ocrx_word' id='word_1_785' title='bbox 676 5529 755 5600; x_wconf 80' lang='lat' dir='ltr'>legem</span> <span class='ocrx_word' id='word_1_786' title='bbox 766 5527 861 5599; x_wconf 85' lang='lat' dir='ltr'>requi·</span> <span class='ocrx_word' id='word_1_787' title='bbox 915 5525 944 5582; x_wconf 89' lang='lat' dir='ltr'>in</span> <span class='ocrx_word' id='word_1_788' title='bbox 959 5523 1077 5582; x_wconf 89' lang='lat' dir='ltr'>consilio</span> <span class='ocrx_word' id='word_1_789' title='bbox 1092 5520 1183 5579; x_wconf 90' lang='lat' dir='ltr'>dando</span> <span class='ocrx_word' id='word_1_790' title='bbox 1197 5518 1343 5591; x_wconf 68' lang='lat' dir='ltr'>corruptus</span> <span class='ocrx_word' id='word_1_791' title='bbox 1367 5514 1523 5584; x_wconf 87' lang='lat' dir='ltr'>olienderit,</span> <span class='ocrx_word' id='word_1_792' title='bbox 1552 5512 1611 5570; x_wconf 90' lang='lat' dir='ltr'>ullo</span> <span class='ocrx_word' id='word_1_793' title='bbox 1623 5518 1715 5569; x_wconf 73' lang='lat' dir='ltr'>mmen</span> 
     </span>
     <span class='ocr_line' id='line_1_70' title="bbox 53 5600 1714 5692; baseline -0.01 -18"><span class='ocrx_word' id='word_1_794' title='bbox 53 5622 159 5675; x_wconf 74' lang='lat' dir='ltr'>rentes</span> <span class='ocrx_word' id='word_1_795' title='bbox 170 5618 293 5688; x_wconf 75' lang='lat' dir='ltr'>arceias,</span> <span class='ocrx_word' id='word_1_796' title='bbox 305 5620 367 5691; x_wconf 88' lang='lat' dir='ltr'>qnia</span> <span class='ocrx_word' id='word_1_797' title='bbox 378 5622 497 5692; x_wconf 81' lang='lat' dir='ltr'>angelus,</span> <span class='ocrx_word' id='word_1_798' title='bbox 512 5619 591 5677; x_wconf 88' lang='lat' dir='ltr'>idest</span> <span class='ocrx_word' id='word_1_799' title='bbox 609 5619 736 5688; x_wconf 89' lang='lat' dir='ltr'>nuntius,</span> <span class='ocrx_word' id='word_1_800' title='bbox 752 5617 861 5676; x_wconf 85' lang='lat' dir='ltr'>Domini</span> <span class='ocrx_word' id='word_1_801' title='bbox 914 5621 962 5673; x_wconf 89' lang='lat' dir='ltr'>aot</span> <span class='ocrx_word' id='word_1_802' title='bbox 976 5614 1062 5672; x_wconf 89' lang='lat' dir='ltr'>ullius</span> <span class='ocrx_word' id='word_1_803' title='bbox 1076 5612 1211 5669; x_wconf 87' lang='lat' dir='ltr'>instinctu</span> <span class='ocrx_word' id='word_1_804' title='bbox 1234 5604 1382 5679; x_wconf 89' lang='lat' dir='ltr'>injudicio</span> <span class='ocrx_word' id='word_1_805' title='bbox 1403 5603 1519 5678; x_wconf 80' lang='lat' dir='ltr'>justitia</span> <span class='ocrx_word' id='word_1_806' title='bbox 1546 5600 1624 5660; x_wconf 87' lang='lat' dir='ltr'>aliud</span> <span class='ocrx_word' id='word_1_807' title='bbox 1639 5600 1714 5682; x_wconf 85' lang='lat' dir='ltr'>loqui</span> 
     </span>
    </p>
   </div>
   <div class='ocr_carea' id='block_1_10' title="bbox 0 0 1922 6135">
    <p class='ocr_par' dir='ltr' id='par_1_12' title="bbox 0 0 1922 6135">
     <span class='ocr_line' id='line_1_71' title="bbox 0 0 1922 6135; baseline 0 0"><span class='ocrx_word' id='word_1_808' title='bbox 0 0 1922 6135; x_wconf 95' lang='lat' dir='ltr'> </span> 
     </span>
    </p>
   </div>
  </div>
 </body>
</html>
