3834 6136
722 223 895 282 athenam
917 220 1159 281 LAUDUNENSIS
1177 220 1334 278 EPlSCOPl

752 525 1319 640 HINCMARt

845 724 1064 772 LAUDUNENSIS
1086 724 1224 772 nelscoet

277 890 892 1067 censuum
957 891 1102 1061 uu
1167 883 1805 1062 aeternum.

514 1423 708 1484 uersuum
727 1419 917 1482 HlNcnllltl
939 1417 1214 1481 LAUDUNENSIS
1235 1419 1286 1478 AD
1308 1412 1562 1480 uhensnshtf.

392 1569 495 1640 Purgot
513 1567 642 1625 ll'ioiuam
660 1582 736 1638 seque
758 1564 842 1637 ipsum
861 1565 890 1620 in
908 1564 965 1635 cius
984 1564 1094 1633 negotio,
1116 1568 1141 1618 et
1158 1561 1332 1618 llincrueram
1351 1561 1517 1617 Rberneusem
1533 1556 1707 1631 perstringit.

249 1830 486 1891 Reverentissimo
509 1826 677 1885 llhomorum
699 1824 905 1897 archiepiscopo
925 1821 1014 1878 ltno-
1030 1823 1055 1881 Α
1069 1819 1198 1892 praedam.
1215 1819 1294 1887 Quod
1310 1827 1401 1875 autem
1416 1816 1537 1890 adjicitis
1552 1831 1603 1872 vos
1618 1832 1635 1872 a
1648 1816 1750 1874 multis
1768 1813 1868 1874 audisse

213 1943 301 1993 usne,
320 1921 510 1978 Landunensis
524 1919 654 1975 Ecclesiae
670 1915 801 1973 minimus
822 1916 1012 1986 episcoporum

215 2016 389 2077 Hrncuanus,
406 2009 528 2064 debitam
548 2009 577 2063 in
592 2007 703 2063 Christo
717 2006 904 2061 devotionern.

253 2104 352 2159 Fateor
361 2114 501 2172 nunquam
517 2112 559 2151 me
571 2095 691 2151 voluisse
704 2103 749 2149 ant
765 2093 836 2148 uelle
847 2092 1013 2163 robisloqni

214 2201 261 2249 aut
275 2190 404 2256 scribere,
421 2188 494 2259 quod
509 2184 653 2256 contingat
663 2191 761 2239 vestrae
772 2183 912 2239 serenitati
929 2183 1013 2238 refra-

214 2280 301 2354 ganda
317 2278 438 2351 pernicie
462 2275 584 2340 obviare,
600 2283 648 2329 aut
672 2272 785 2328 fucabili
807 2271 1013 2328 decoloratione

213 2371 370 2443 displicere,
392 2382 497 2422 rneinor
516 2365 612 2432 Cham,
637 2363 699 2419 Sem
725 2372 751 2417 et
775 2363 882 2435 iaphet,
909 2363 1014 2420 scilicet

212 2458 416 2519 maledictionis
431 2464 550 2529 paterne
561 2452 851 2510 achenedictionis.ht
861 2451 943 2509 modo
956 2454 1016 2525 ipsa

214 2551 348 2622 ternporis
363 2549 433 2603 ratio
449 2562 534 2619 panca
550 2545 583 2600 de
598 2544 641 2599 bis
656 2561 716 2616 quae
733 2545 868 2599 instanter
883 2543 1014 2615 scripsis-

216 2642 253 2697 tis
263 2639 349 2709 exigit
359 2635 600 2708 respondendalie
611 2633 705 2689 Nivini
714 2633 845 2689 videlicet
859 2632 1015 2704 aparochia

215 2737 307 2785 vestra
320 2723 608 2782 excommunicatione
624 2723 691 2778 mihi
709 2723 849 2790 intimata,
862 2723 902 2777 sic
914 2731 972 2778 erat
981 2722 1015 2778 de

216 2814 412 2872 ordinabiliter
436 2820 573 2881 accusato,
591 2819 617 2868 et
641 2828 669 2867 se
693 2828 810 2884 purgare
834 2813 955 2879 nolente,
969 2819 1016 2868 aut

216 2921 273 2961 non
290 2903 409 2971 valente,
424 2918 476 2958 nec
484 2901 610 2958 confiteri
625 2901 823 2973 acquiescente,
840 2901 883 2956 vel
893 2919 909 2955 a
921 2888 1023 2957 scien-'

217 2995 291 3053 tibus
305 2994 434 3050 conuictu
447 2993 593 3064 agendum.
615 2991 666 3046 Sed
682 2997 773 3046 minen
788 3008 848 3063 quae
863 2990 943 3046 aliter
963 3006 1017 3045 au-

218 3085 288 3154 diri,
314 3084 419 3140 scilicet
442 3083 514 3156 quod
538 3099 553 3137 a
575 3089 663 3136 restra
690 3088 802 3153 accepto
827 3078 1017 3136 dominatione

1068 1927 1111 1965 me
1127 1911 1302 1982 proprietatis
1318 1927 1373 1966 suae
1389 1927 1430 1965 res
1449 1910 1479 1964 in
1495 1910 1616 1981 pretium
1633 1909 1669 1965 ab
1690 1925 1725 1965 eo
1739 1909 1866 1982 accipere,

1068 2009 1095 2055 et
1109 2000 1150 2054 illi
1167 2015 1209 2054 res
1225 2015 1256 2056 ac
1271 1999 1417 2055 facultates
1432 1998 1632 2055 ecclesiasticas
1646 1998 1684 2054 ad
1701 1998 1793 2070 turpis
1806 2000 1867 2054 lucri

1068 2086 1213 2158 premium
1229 2086 1257 2140 in
1277 2085 1442 2141 beneficium
1467 2085 1579 2154 donare,
1602 2084 1721 2141 nientiri
1742 2085 1867 2150 audistis;

1069 2193 1231 2251 possemque
1261 2176 1356 2232 mirari
1380 2179 1444 2233 talia
1469 2194 1543 2235 nnuc
1564 2177 1646 2234 vobis
1671 2178 1722 2233 tali
1747 2192 1780 2233 ac
1801 2185 1869 2233 tanto

1070 2267 1137 2335 dici,
1153 2268 1206 2323 nisi
1218 2268 1317 2339 saepius
1332 2267 1436 2324 similia
1451 2284 1500 2323 ros
1512 2267 1634 2336 audisse,
1650 2284 1685 2324 ac
1700 2267 1772 2324 falso
1784 2265 1870 2323 andita

1071 2376 1120 2432 pro
1131 2361 1203 2415 reris
1214 2361 1346 2431 recepisse
1354 2367 1435 2431 atque
1449 2360 1570 2415 tenuisse
1584 2361 1702 2416 scissem
1713 2366 1797 2432 atque
1809 2374 1870 2414 sen-

1071 2452 1177 2520 sissem,
1193 2453 1227 2509 de
1244 2451 1345 2524 quibus
1359 2468 1414 2506 non
1430 2458 1470 2506 est
1486 2451 1569 2507 niodo
1584 2451 1739 2507 dicendum
1755 2450 1870 2523 persin-

1072 2543 1144 2616 gula.
1159 2542 1222 2598 Seio
1237 2543 1331 2599 satisa
1346 2541 1645 2615 beatopapahnacleto
1662 2540 1721 2598 dici
1738 2540 1867 2614 (epistil

1079 2657 1088 2680 ι
1107 2635 1193 2689 Nemo
1211 2633 1301 2690 invito
1316 2633 1435 2688 auditori
1455 2632 1574 2687 libenter
1589 2631 1713 2687 refert.»
1742 2632 1799 2688 Nec
1813 2629 1870 2687 inde

1073 2722 1178 2779 dehetis
1192 2724 1317 2791 acidiari,
1335 2724 1358 2777 si
1374 2723 1407 2778 de
1423 2723 1466 2778 liis
1493 2724 1591 2794 loquor
1614 2737 1677 2792 quae
1702 2720 1791 2787 scitis,
1812 2721 1870 2794 quia

1074 2814 1145 2869 nihil
1164 2831 1272 2887 possum
1288 2813 1363 2886 loqui
1378 2813 1411 2869 de
1426 2811 1625 2884 scripturamm
1641 2811 1768 2879 tramite,
1780 2811 1867 2866 saltem

1073 2905 1096 2961 si
1123 2906 1161 2961 sit
1184 2905 1331 2972 chreston;
1357 2904 1430 2978 qnod
1451 2903 1591 2960 nesciatis.
1615 2904 1687 2960 Nam
1719 2918 1870 2974 quecunque

1074 2995 1251 3066 scriptorum,
1263 2996 1299 3050 ud
1310 3001 1430 3049 nostram
1440 2993 1588 3049 doctrinam
1599 2995 1704 3064 scripto
1713 3000 1776 3048 situl
1788 2994 1868 3063 (Rois.

1073 3097 1125 3150 xv,
1138 3082 1178 3151 lt.
1196 3083 1230 3136 Et
1244 3083 1432 3154 quindecimus
1446 3081 1520 3153 loqui
1536 3081 1612 3146 licet,
1628 3090 1657 3139 et
1672 3097 1704 3138 ea
1719 3097 1782 3153 quae
1800 3079 1869 3134 sidi-

220 3175 318 3248 spatio,
337 3181 485 3245 terroreque
499 3179 637 3243 suscepto,
654 3171 732 3227 nullo
756 3177 846 3225 tamen
871 3178 1016 3226 accusante
1030 3181 1053 3240 Β
1075 3187 1136 3227 mus
1151 3180 1178 3227 et
1192 3171 1351 3227 audivimus
1361 3170 1456 3227 testari
1471 3185 1629 3245 possumus,
1648 3177 1677 3226 et
1692 3170 1769 3244 qnod
1784 3167 1869 3225 nesei-

122 3254 124 3259 ’
218 3264 272 3320 nisi
300 3271 390 3319 restra
411 3260 614 3335 probabilitate,
640 3277 689 3332 pro
714 3260 877 3316 aemulorum
905 3259 1016 3333 quidem

218 3353 402 3426 suggestione,
422 3353 447 3407 ei
463 3352 628 3423 imputante,
643 3358 674 3405 ut
689 3365 717 3405 se
732 3349 766 3405 ab
779 3359 841 3407 octo
855 3365 892 3406 ex
906 3358 1019 3421 paterna

218 3453 294 3516 parte
322 3444 495 3516 propinquis,
516 3451 543 3498 et
563 3459 579 3499 a
603 3450 721 3515 quatuor
739 3458 814 3515 aeque
839 3459 873 3498 ex
898 3447 1020 3498 materna

219 3544 359 3610 purgaret,
375 3537 482 3589 venerit
497 3533 542 3590 die
558 3535 672 3606 locoque
687 3541 791 3591 statuto
807 3532 847 3588 ad
861 3533 921 3589 hac
935 3550 1020 3589 exse-

221 3623 330 3695 quenda
349 3630 468 3692 paratus,
485 3630 512 3677 et
522 3639 572 3678 nec
585 3639 633 3678 ros
645 3623 748 3679 ibidem
762 3639 812 3678 nec
821 3623 936 3678 missum
947 3639 1019 3694 repe-

223 3712 292 3766 rerit
309 3717 431 3764 vestrum
449 3728 455 3776 ;
470 3720 573 3782 etpost
588 3711 641 3767 hoc
655 3712 754 3766 iterum
769 3727 860 3765 coram
875 3710 953 3766 vobis
968 3729 1021 3768 ve-

223 3799 352 3870 strisque,
369 3798 496 3870 quamuis
511 3799 653 3870 inopinate
668 3799 830 3865 remonitus,
849 3799 974 3869 legaliter
992 3818 1021 3856 se

223 3906 258 3946 ex
273 3904 387 3961 purgare
401 3888 521 3942 voluerit
535 3904 566 3943 ac
576 3887 694 3942 valuerit
707 3905 712 3941 ε
727 3887 774 3943 sed
785 3887 883 3942 rosilli
899 3904 961 3943 cum
973 3905 1023 3943 sna

222 3980 305 4034 tertia
320 3992 401 4031 nranu
417 3976 544 4048 quesisse
569 3975 769 4032 denominatim
794 3979 861 4033 tales
885 3978 933 4050 qui
957 3995 1021 4034 eum

223 4083 279 4122 non
294 4064 438 4131 curabant,
454 4065 514 4136 ipso
529 4065 679 4122 resultante
691 4066 766 4139 quod
777 4068 898 4124 Francus
913 4074 1022 4135 essolet

224 4165 255 4212 ut
271 4156 341 4211 liber
356 4170 384 4210 se
394 4156 540 4210 defendere
551 4156 670 4212 velletet
686 4157 785 4229 quiret,
798 4165 824 4214 et
840 4157 950 4230 quidem
959 4174 1022 4213 cum

223 4245 263 4303 ita
276 4244 382 4301 idoneis
404 4244 506 4318 quibus
529 4246 637 4301 nullum
660 4257 750 4318 posset
768 4247 873 4304 criinen
894 4247 1020 4319 imponi;

224 4333 277 4391 hoc
291 4333 443 4389 refutantes
456 4334 584 4390 eumdem
599 4337 919 4404 exconiurunicareritis‚
939 4344 971 4392 nt
994 4337 1023 4392 in

223 4422 355 4495 parochia
378 4432 468 4479 vestra
483 4439 540 4479 non
555 4425 674 4496 atriplius
689 4442 745 4480 una
755 4426 919 4482 consisteret
931 4432 1022 4493 nocte,

1074 3277 1135 3316 nius
1149 3268 1250 3316 temere
1266 3259 1417 3317 veridicare
1431 3276 1486 3316 non
1502 3260 1575 3316 licet.
1593 3259 1674 3316 Unde
1689 3276 1761 3335 papa
1782 3258 1868 3317 Victor

1075 3353 1166 3425 inquit
1182 3352 1269 3423 (epist.
1281 3352 1319 3423 ll:
1344 3351 1529 3408 «Audivimus
1542 3367 1664 3424 narnque
1679 3350 1755 3424 apud
1770 3367 1818 3407 sos
1832 3366 1868 3405 re

1073 3450 1197 3515 atrosque
1211 3441 1320 3496 diversa
1331 3440 1437 3512 judicia
1451 3441 1511 3496 fieri
1525 3447 1552 3495 et
1568 3440 1675 3495 incerta
1689 3438 1868 3511 judieareln-

1074 3540 1158 3598 certa,
1172 3531 1326 3586 charissimi
1343 3530 1510 3586 nullatemus
1521 3529 1688 3602 judicimus,
1701 3529 1868 3604 quoadusque

1076 3622 1168 3675 ueniat
1185 3622 1331 3685 Donnnus,
1346 3621 1393 3692 qni
1410 3620 1522 3676 latentia
1536 3620 1671 3691 producet
1693 3620 1723 3675 iu
1736 3621 1835 3687 lucem,
1847 3625 1867 3672 et

1076 3710 1245 3764 illuminabit
1259 3709 1419 3766 abscondita
1438 3708 1625 3776 tenebrarum,
1637 3718 1665 3764 et
1688 3707 1867 3765 manifestabit

1075 3797 1191 3855 consilia
1206 3798 1330 3855 cordium
1341 3817 1346 3853 :
1357 3798 1421 3870 quia
1429 3797 1630 3867 quamuisrera
1645 3797 1779 3864 sint,nou
1790 3807 1868 3853 umen

1076 3885 1212 3943 credenda
1226 3895 1300 3956 sunt,
1319 3885 1374 3942 nisi
1390 3902 1450 3956 quac
1463 3885 1619 3943 manifestis
1629 3886 1748 3943 indiciis
1758 3901 1869 3961 compro·

1075 3979 1187 4043 bantur,
1205 3979 1259 4034 nisi
1272 3994 1333 4049 quae
1358 3976 1503 4032 manifesto
1528 3975 1637 4047 judicio
1661 3979 1868 4043 convincuntur,

1076 4071 1131 4126 nisi
1148 4085 1209 4143 qnae
1222 4068 1349 4139 judiciali
1364 4067 1462 4124 ordine
1477 4068 1668 4141 publicantur.
1687 4094 1697 4119 ι
1719 4071 1790 4127 iiam
1804 4084 1869 4125 naa·

1077 4176 1158 4232 quam
1170 4159 1302 4215 hactenus
1317 4157 1351 4212 ab
1364 4156 1478 4213 ineunte
1492 4164 1582 4225 aetate,
1598 4159 1658 4214 lieo
1673 4160 1832 4226 miserante,
1843 4156 1870 4212 dt

1077 4249 1163 4304 ullius
1177 4246 1342 4318 turpislncri
1352 4245 1466 4318 praemio
1476 4254 1587 4319 accepto
1596 4263 1639 4301 me
1650 4246 1870 4320 reprehendistis,

1075 4346 1125 4393 aut
1138 4334 1292 4392 exercuisse
1306 4336 1485 4407 cognovistis,
1499 4352 1550 4393 nec
1558 4338 1744 4409 cognoscitis,
1759 4354 1811 4396 nec
1824 4338 1871 4395 beo

1078 4432 1237 4499 protegente
1248 4425 1546 4497 eogrroscctis.Negotii
1560 4427 1684 4499 qualitas
1698 4442 1871 4500 unumquem-

224 4510 400 4568 obsecrantes
415 4521 441 4569 et
458 4522 643 4570 contestantes
657 4514 843 4570 nihilominus
858 4523 889 4571 ut
903 4514 974 4570 nihil
989 4514 1023 4571 dc
1041 4539 1063 4600 G
1079 4535 1131 4591 que
1146 4524 1193 4572 ant
1207 4524 1329 4582 excusat,
1347 4524 1403 4585 aut,
1421 4524 1451 4571 nt
1477 4516 1555 4572 aiunt
1576 4517 1725 4589 apostolici
1750 4530 1871 4580 maone,

224 4613 274 4655 sno
288 4601 457 4656 collaborato
473 4603 641 4674 perciperet:
662 4603 822 4658 nullatenus
844 4604 953 4660 credere
968 4619 1022 4674 po-
1074 4611 1194 4662 aecusat.
1209 4604 1300 4672 Addo,
1315 4605 1389 4678 quod
1405 4605 1531 4661 homines
1546 4604 1641 4662 vestri.
1666 4605 1837 4661 Eutramnus
1849 4607 1873 4658 et

223 4690 277 4757 tui,
296 4690 368 4745 sicut
382 4706 438 4746 noo
452 4690 547 4762 debui,
564 4693 628 4765 quia
643 4695 716 4766 quod
738 4703 830 4750 vestra
850 4694 965 4766 dignum
980 4705 1023 4752 est

226 4779 399 4845 auctoritate,
417 4789 536 4836 uestram
549 4798 606 4838 non
620 4792 710 4856 potest
731 4785 815 4839 latere
836 4793 883 4840 aut
905 4786 1024 4858 effugere

135 4868 138 4872 ’
224 4867 1024 4941 sapientiam.Nonenimdetractoribusfacilecredendum

225 4963 276 5024 est,
293 4957 443 5028 presertim
461 4957 576 5012 minime
589 4959 623 5015 de
638 4960 681 5016 his
694 4961 743 5034 qui
759 4962 902 5018 uobiscum
927 4980 981 5019 una
995 4964 1025 5019 in

225 5040 336 5097 matum
351 5042 401 5098 ioh
417 5043 551 5100 veraciter
563 5045 732 5102 decantent:
749 5048 866 5102 Caesena
881 5066 960 5119 qaum
974 5068 1025 5105 ne-

225 5134 336 5188 sciebam
347 5133 545 5205 diligentissime
559 5135 747 5207 investigabam
760 5137 822 5208 (iob
837 5140 978 5209 xxix,lli),
991 5139 1025 5195 ad

225 5239 293 5296 quos
304 5225 460 5281 benedictio
470 5224 585 5296 perituri
594 5225 731 5296 pervenit,
741 5227 790 5298 qni
802 5244 849 5282 cor
860 5227 949 5284 uiduae
961 5246 1024 5284 cen-

225 5315 351 5370 solantur
362 5315 472 5386 justitia
488 5316 564 5370 uelut
574 5323 650 5370 veste
660 5316 764 5382 antisti,
777 5317 805 5371 in
818 5318 924 5388 judicio
941 5321 1024 5374 etiam

225 5400 377 5459 diademate
393 5405 532 5461 redimiti:
552 5405 599 5477 qui
628 5414 692 5461 stitit
715 5407 812 5462 oculus
834 5422 906 5464 ceco
932 5417 958 5463 et
978 5425 1024 5479 pes

224 5489 333 5558 claudo,
354 5512 422 5565 quos
442 5497 525 5552 sentit
551 5513 654 5569 pauper
678 5508 778 5570 patres,
803 5496 905 5570 quique
931 5505 1022 5553 conte-

225 5584 289 5631 runt
314 5580 399 5634 uiolas
422 5584 523 5656 iniqui,
546 5594 573 5643 et
596 5585 630 5641 de
653 5584 782 5643 dentibus
806 5585 865 5657 ejus
893 5586 1022 5644 auferunt

1078 4696 1216 4750 liemarus
1231 4702 1377 4761 noverunt,
1389 4695 1455 4767 quia
1467 4695 1536 4751 actis
1550 4702 1624 4749 retro
1637 4695 1722 4750 annis
1738 4694 1812 4750 idem
1827 4692 1872 4751 Ni-

1077 4784 1161 4838 vinus
1174 4783 1305 4854 quasdam
1321 4800 1377 4839 strae
1389 4782 1564 4855 proprietatis
1577 4799 1622 4838 res
1636 4783 1709 4840 mihi
1735 4784 1820 4855 gratis
1832 4796 1873 4854 per

1079 4870 1237 4928 eorumdem
1254 4886 1352 4926 manus
1363 4872 1510 4944 delegarit,
1524 4872 1589 4945 qnia
1601 4889 1666 4928 cum
1685 4874 1756 4929 meis
1769 4872 1872 4944 adjace-

1079 4964 1156 5031 bant,
1176 4960 1262 5016 esuis
1275 4969 1365 5017 autem
1382 4963 1461 5033 longe
1476 4962 1627 5029 distabant,
1647 4978 1776 5036 quaerens
1802 4978 1817 5017 a
1837 4976 1872 5014 me

1077 5051 1231 5123 suflragari,
1247 5051 1311 5124 quia
1326 5052 1422 5106 miultis
1437 5051 1587 5124 indigebat.
1604 5052 1663 5123 Ego
1679 5059 1870 5109 mmueteun

1079 5153 1176 5216 sponte
1191 5144 1219 5199 in
1235 5143 1337 5216 quibus
1346 5143 1424 5215 potui
1440 5143 1577 5199 carituose
1591 5141 1702 5217 adjuvi,
1722 5151 1753 5199 et
1773 5142 1872 5199 easdem

1079 5249 1131 5301 res,
1144 5234 1214 5288 sicat
1225 5233 1360 5305 praecipue
1376 5234 1545 5288 Eutramnus
1560 5232 1713 5303 cognoscit,
1727 5232 1779 5305 qui
1793 5245 1872 5286 mccx

1078 5319 1132 5377 hoc
1146 5331 1239 5392 postea
1252 5339 1321 5392 saepe
1338 5323 1446 5376 rnonuit
1461 5329 1491 5376 ut
1502 5337 1546 5376 eas
1561 5320 1744 5392 requirerem,
1761 5322 1873 5391 recipere

1079 5410 1175 5465 nolui:
1194 5426 1260 5481 quas
1283 5408 1365 5462 etiam
1387 5411 1443 5481 ipse
1469 5408 1587 5463 birinus
1604 5407 1661 5478 jam
1690 5424 1811 5480 quoque,
1836 5418 1873 5458 mc

1077 5514 1165 5571 neque
1188 5497 1341 5565 resistente,
1356 5498 1437 5552 alteri
1451 5496 1537 5552 dedit.
1562 5497 1633 5551 Ecce
1648 5495 1753 5568 quihus
1768 5493 1874 5552 indiciis

1077 5585 1231 5642 declaratur
1241 5585 1339 5641 falsum
1354 5600 1411 5642 esse
1427 5585 1500 5657 quod
1509 5583 1578 5641 mihi
1586 5584 1753 5655 imponitur.
1762 5585 1820 5655 Ego
1833 5598 1874 5637 au·
