3834 6136
131 183 185 252 iti
792 180 946 249 ostiam
964 183 1135 249 nonaum.
1730 187 1786 248 tot

129 319 216 380 Felice
228 325 253 376 et
267 316 395 391 spiratio.
419 309 597 374 «Secundum
613 314 720 389 aliquos
734 315 789 384 hic,
806 316 931 374 inventio
945 329 971 389 Α
988 317 1098 374 Adelmi
1125 316 1299 384 confessoris,
1325 310 1457 387 discipuli
1481 317 1568 372 sancti
1595 316 1755 374 Laudelini.
1777 343 1787 368 s

130 399 234 465 septem
245 395 399 462 martyrum
408 386 623 444 Dormientium.
633 387 685 455 Qui
696 387 768 459 apud
778 387 929 459 Ephesum,

66 472 75 481 ·
131 471 254 536 tempore
279 459 366 526 Decii,
397 458 596 532 persecutionis
622 459 726 515 rabiem
751 460 931 528 declinantes,

131 535 290 662 aqeluncaui
304 531 489 598 intraverunt,
503 529 598 612 inqua
609 547 727 587 occurrii
742 531 831 598 aunis,
846 547 933 604 usque

130 622 145 661 a

988 389 1058 445 Vide
1078 389 1107 444 in
1130 386 1214 460 hujus
1238 388 1302 445 Vita
1322 403 1360 442 iiv
1380 387 1466 455 Junii,
1488 386 1536 442 ubi
1556 387 1658 444 rectius
1677 397 1795 446 vocatur

988 461 1127 529 Addicto,
1157 467 1189 514 ut
1221 459 1267 514 hic
1296 459 1378 514 infra.
1413 459 1481 513 Tum
1512 458 1668 515 minoribus
1693 461 1813 588 ῑζὲἐεῑ.

995 531 1074 588 «Hic
1098 531 1210 586 Parisiis
1232 530 1386 587 celebratur
1401 530 1499 585 festum
1517 529 1693 587 visitationis
1759 543 1794 592 ιω

987 602 1089 658 Mariae.
1113 605 1141 657 hi
1156 619 1224 673 pago
1238 602 1386 669 Turonico,
1407 602 1494 656 sancti
1509 601 1623 656 Joannis
1638 603 1795 676 presbyteri

987 681 1015 729 et
1030 673 1204 739 confessoris,
1222 674 1366 744 praecipua
1382 673 1545 728 sanctitatis.
1562 675 1600 729 De
1635 691 1670 729 uo
1685 676 1796 748 Grego-

987 744 1045 800 rius
1067 745 1275 800 Turonensis.»
1298 744 1368 800 Vide
1392 745 1603 799 Praetermissos.
1646 747 1796 804 osteriores

986 816 1122 872 editiones
1135 816 1295 871 Tiburtinos
1311 822 1516 887 expunxerunt.
1536 816 1567 870 ln
1581 815 1637 870 siue
1650 816 1684 872 de
1700 817 1794 875 Ladis·

986 889 1039 956 iao,
1054 896 1083 944 ut
1098 903 1180 960 supra
1194 904 1227 943 ex
1243 887 1357 942 Brimo.
1381 886 1569 954 «Catalacum,
1585 897 1686 943 sancta>
1702 889 1794 947 Pomte

986 959 1113 1030 virginis,
1128 959 1230 1014 sororis
1245 957 1412 1014 sanctissimi
1428 957 1562 1013 Heiiiiuii.
1577 983 1586 1004 ι
1609 960 1744 1015 Dihertur
1758 961 1793 1018 ad

985 1032 1104 1085 natalem
1127 1031 1231 1093 fratris,
1255 1047 1271 1084 v
1295 1028 1433 1099 Augusti:
1458 1054 1466 1074 ·
1489 1028 1631 1100 Crispinii,
1655 1031 1795 1103 depositio

986 1101 1138 1157 beatissimi
1163 1101 1274 1157 Adeliiii
1294 1100 1460 1156 confessoris
1483 1099 1597 1156 Christi.
1613 1101 1695 1158 Hice
1714 1103 1795 1161 heato

986 1172 1147 1240 Landelino,
1159 1188 1241 1244 super
1252 1171 1369 1226 lluvium
1384 1172 1444 1225 Hon
1455 1172 1633 1239 constitutus,
1646 1179 1677 1228 ut
1688 1173 1795 1231 Christi

985 1243 1099 1311 athleta,
1118 1245 1203 1298 vitam
1219 1242 1370 1298 virtutibus
1388 1241 1547 1298 odornatam
1564 1244 1661 1299 sedulo
1676 1244 1793 1314 docens,

985 1314 1115 1384 migravit
1134 1314 1168 1371 ad
1190 1313 1340 1371 Christum.
1363 1315 1394 1369 lit
1409 1329 1463 1386 quo
1478 1314 1538 1370 loco
1555 1317 1679 1386 sepultus
1698 1315 1797 1374 luisse·

985 1386 1120 1451 creditur,
1145 1393 1175 1440 ut
1199 1385 1332 1440 miracula
1356 1384 1451 1441 crebra
1474 1393 1710 1444 monstraverunt.
1739 1388 1795 1445 Sed

986 1466 1079 1528 postea
1093 1456 1233 1528 Crispinio
1243 1457 1472 1523 translatus,cum
1491 1457 1622 1528 magistro
1636 1458 1795 1517 suoedesse

127 1530 223 1586 Altera
236 1537 327 1586 autem
343 1527 388 1584 die
427 1527 542 1584 driauus
575 1527 686 1599 recepit
704 1543 818 1599 corpora
835 1543 930 1583 eorum
987 1535 1165 1583 monstratur.
1187 1552 1196 1575 ι
1218 1527 1289 1584 Vide
1307 1526 1390 1583 dicta.
1415 1551 1424 1573 ι
1446 1527 1495 1583 ilie
1510 1529 1644 1600 vigesima
1661 1531 1794 1602 septima,

128 1601 158 1657 iu
180 1600 288 1657 foveam
308 1603 392 1655 altam
414 1599 523 1680 projici.
569 1606 579 1654 t
598 1597 742 1670 pontifices
763 1599 930 1669 templorum
985 1599 1073 1655 sancti
1099 1599 1188 1654 Patris
1210 1598 1378 1670 sampsonis,
1403 1597 1544 1669 hospitum
1570 1602 1738 1672 exceptoris.
1763 1603 1794 1658 lu

128 1678 282 1745 posuerunt
296 1686 396 1728 nomeu
420 1673 474 1726 loci
489 1669 584 1725 illius:
601 1669 644 1725 Ad
663 1685 691 1725 se
712 1678 767 1726 tem
782 1669 933 1726 biothans-
947 1673 970 1734 Β
984 1669 1094 1741 Epheso
1104 1669 1226 1737 civitate,
1240 1669 1376 1725 festivitas
1392 1669 1547 1726 celebratur
1557 1682 1661 1743 septem
1674 1672 1793 1729 fratrum

127 1751 182 1800 tos.
198 1767 208 1792 s
226 1744 257 1798 ln
273 1742 337 1807 siue,
349 1741 383 1797 de
393 1739 529 1807 Ladislao,
539 1747 570 1796 ut
582 1740 679 1796 Esuin.
691 1686 730 1796 He
741 1741 891 1808 Florentio,
903 1751 935 1798 ut
987 1740 1201 1809 Dormientium,
1214 1741 1267 1797 hoc
1275 1750 1325 1810 est,
1337 1740 1511 1807 Maximiani,
1522 1741 1636 1810 Malchi,
1646 1743 1792 1813 Marciani,

125 1813 184 1887 jam
199 1812 309 1885 saepius.
325 1812 412 1868 Tum:
433 1811 643 1880 «ludendam,
659 1811 933 1869 elevatiosaiictihi-
988 1812 1126 1884 Dionysii,
1154 1813 1278 1877 loannis,
1308 1812 1475 1940 Seraqionis,
1505 1812 1691 1871 Constantini.
1722 1818 1793 1872 »De

128 1885 188 1940 vini
201 1883 333 1956 martyris
343 1891 370 1939 et
381 1882 524 1939 translatio
534 1883 656 1940 secunda
669 1883 793 1956 corporis
810 1883 925 1955 ipsiius.»
987 1882 1122 1940 Florentii
1137 1884 1317 1940 translatione
1331 1891 1358 1940 et
1395 1883 1465 1939 iviui
1480 1884 1644 1954 elevatione,
1656 1894 1792 1960 utsupra.

128 1954 237 2015 Colitur
258 1970 300 2011 xii
322 1953 498 2011 Novembris.
521 1978 531 2002 ‹
553 1953 705 2028 Crispiuio,
725 1955 826 2011 natalis
844 1957 933 2012 sancti

179 615 233 661 tem
272 619 303 659 ra
316 602 465 658 Theodosii
481 600 773 728 seniorisqimmeusus
789 603 933 674 parachro-

129 620 583 750 nismusffosusviterdormierunt.
622 674 932 745 osUsuardusprimum

129 747 212 804 hahet
231 762 260 802 vr
281 746 342 802 Kal.
365 744 493 816 Augusti.
517 745 636 801 Ladislai
658 745 730 817 regis
744 746 891 816 Hungariae
905 753 933 801 et

128 818 304 887 confessoris,
320 817 378 873 vita
392 824 419 873 et
433 816 574 872 miraculis
587 816 665 872 clari.
680 841 689 864 ι
711 819 750 873 De
765 817 932 873 revelatione

128 889 156 948 S.
173 889 289 946 Antonii
304 896 331 944 et
345 888 526 944 translatione
540 888 568 944 S.
585 888 729 957 Florentii,
744 897 880 960 utsupra.

164 962 286 1029 Monam,
304 960 338 1016 de
360 959 524 1027 Tiburtinis,
550 976 586 1015 er
607 960 703 1015 Adone
729 962 827 1015 mortis
847 975 932 1032 geniis

128 1032 226 1105 adjicit
242 1032 342 1090 litteris
354 1031 473 1087 italicis:
499 1056 508 1077 ι
522 1032 674 1103 Imperator
688 1032 761 1086 enirn
774 1031 857 1102 jussit
869 1031 930 1089 Cre·

128 1111 249 1161 scaniam
266 1104 295 1159 in
312 1110 420 1175 gutture
432 1101 556 1173 transfigi
570 1120 576 1167 ;
596 1103 747 1158 Lucienum
763 1101 791 1156 in
806 1109 929 1173 pectoi·e;

127 1175 285 1233 Nemesium
307 1177 336 1230 in
360 1173 460 1241 corde;
484 1171 661 1229 Primitivum
682 1189 729 1254 per
748 1172 929 1239 umbilicum;

127 1246 279 1314 tustinum,
290 1261 339 1318 per
349 1243 639 1310 memhradistentum‚
651 1243 739 1299 scindi
752 1260 799 1315 per
808 1244 932 1315 singulos

128 1317 252 1389 corporis
272 1316 360 1372 nodos
383 1325 465 1441 atque
480 1314 644 1386 juncturas;
670 1315 809 1370 Stacteum
831 1315 931 1396 lanceis

128 1386 388 1453 innumerabilibus,
426 1401 495 1442 onec
512 1394 665 1442 moreretur
680 1386 709 1440 iu
722 1393 796 1440 terra
809 1385 929 1455 conligi;

126 1459 283 1530 Eugenium
298 1457 367 1513 lindi
380 1472 396 1512 a
402 1463 517 1584 qectore
532 1455 662 1529 usquead
675 1456 820 1512 interiores
830 1464 929 1527 partes.

127 2157 167 2221 iv
180 2159 246 2218 Eoi.
1676 2154 1730 2215 Die
1747 2155 1781 2215 ²8

165 2251 269 2326 Vigilia
282 2251 470 2327 apostolorum
483 2251 557 2310 Petri
571 2259 600 2312 et
621 2249 710 2322 Pauli,
725 2260 753 2311 et
768 2251 869 2310 natalis
887 2247 961 2308 beati
974 2242 1075 2304 Leonis
1090 2242 1230 2321 pontificis
1244 2249 1272 2301 et
1286 2238 1418 2302 doctoris.
1443 2241 1525 2315 Apud
1540 2237 1708 2316 Lugdunum
1725 2245 1795 2302 Gal-

128 2337 184 2415 liae,
200 2343 289 2402 sancti
302 2342 414 2402 Hireuei
430 2341 552 2416 episcopi
566 2350 594 2401 st
608 2343 750 2416 martyris,
762 2359 843 2417 quem
858 2347 967 2400 constat
978 2337 1051 2395 beati
1066 2337 1205 2409 Policarpi
1221 2333 1378 2394 sacerdotis
1392 2342 1419 2391 et
1443 2335 1574 2407 martyris
1588 2334 1674 2392 luisse
1687 2335 1797 2410 discipu

129 2431 200 2502 lum,
215 2440 247 2490 ut
262 2431 360 2491 scribit
375 2431 563 2504 Hieronymus
577 2431 763 2504 apostolorum
779 2438 937 2504 temporum
957 2427 1094 2485 vicinum.
1110 2428 1207 2483 Postea
1224 2442 1291 2482 vero
1307 2424 1497 2498 persecutione
1514 2424 1619 2496 Severi,
1636 2442 1701 2485 cum
1717 2427 1794 2484 omui

128 2533 187 2589 fere
200 2521 324 2580 civitatis
339 2537 395 2579 sua
405 2521 518 2595 populo,
529 2521 649 2594 glorioso
663 2529 813 2580 coronatus
823 2527 865 2578 est
879 2518 1026 2590 martyrio.
1041 2515 1229 2584 Alexandria,
1244 2521 1401 2571 sanctorum
1417 2523 1571 2586 martyrum
1582 2513 1737 2585 Plutarchi,
1748 2516 1793 2572 Se-

129 2610 199 2678 reni,
212 2609 378 2676 Heraclidis,
389 2610 497 2678 Herois,
510 2610 687 2680 Potamiano,
699 2611 906 2668 Marcellrecum
917 2607 981 2664 aliis
992 2606 1092 2673 tribus,
1105 2607 1178 2662 iuter
1185 2621 1254 2678 quos
1264 2603 1400 2676 precipue
1411 2602 1526 2659 emicuit
1533 2604 1696 2663 Potamieua
1703 2605 1793 2678 virgo,

129 2683 190 2776 quae
204 2701 295 2774 primo
314 2700 464 2756 immensos
487 2706 514 2757 et
535 2699 698 2757 innumeros
713 2716 812 2773 agones
834 2699 883 2773 pro'
902 2696 1063 2770 virginitate
1082 2694 1229 2764 desudans,
1246 2690 1345 2749 deinde
1361 2691 1445 2748 etiam
1462 2707 1512 2764 pro
1538 2695 1675 2768 martyrio
1689 2695 1794 2770 exqui-

129 2790 183 2848 sita
197 2797 224 2846 et
240 2788 366 2846 inaudita
379 2795 517 2847 tormenta
531 2806 669 2863 perpessa,
687 2788 722 2846 ad
735 2789 866 2845 ultimum
882 2785 940 2861 igni
954 2791 1118 2856 consumpta
1129 2793 1180 2841 est.

897 2906 1016 2964 NOTAE.

165 3002 206 3062 lta
219 3003 342 3073 Proteia,
358 3002 508 3075 Heriaiea„
524 3002 752 3078 antara-orat,
767 3005 914 3074 ueneat,
933 3007 1044 3065 Graves.
1060 3013 1087 3062 et
1101 3005 1204 3065 Melon.
1221 2998 1327 3074 Quibus
1340 3006 1469 3065 accedere
1483 3016 1598 3080 possunt
1614 3006 1749 3081 Asterop.
1763 3014 1792 3066 et

129 3096 316 3160 Hom-dobeo.

735 3201 941 3262 VAHIANTES
958 3206 1167 3266 LECTIONES.

164 3319 217 3377 Pro
228 3319 371 3392 pontificis,
381 3319 476 3392 legunt
485 3319 603 3377 Greven.
615 3324 642 3376 et
656 3320 758 3377 Holan.
771 3339 866 3393 pcpoe;
881 3321 927 3378 sed
980 3323 1064 3380 etiam
1080 3329 1235 3393 teiapcriim,
1251 3339 1308 3379 non
1323 3323 1492 3394 temporibus,
1508 3330 1540 3379 ut
1554 3323 1675 3383 Creven.
1692 3335 1720 3385 et
1732 3328 1791 3386 Ho-

126 3391 468 3460 doctori'radduutomnes‚
478 3391 600 3464 exceptis
610 3392 744 3464 Autuerp.
756 3394 928 3449 atillam-Lu·
985 3395 1052 3462 lan,
1069 3397 1158 3450 multo
1174 3395 1265 3450 minus
1280 3395 1401 3466 torpori,
1414 3402 1445 3450 ut
1457 3397 1592 3469 Autuerp.
1609 3406 1637 3454 et
1649 3399 1791 3457 Ham-Lu·

126 3463 199 3532 bec,
223 3464 270 3536 qui
292 3464 332 3518 sic
351 3462 497 3520 scribunt:
514 3464 613 3531 Romoe,
636 3465 736 3520 catalis
754 3465 821 3520 hecti
835 3464 929 3520 aeonis
984 3466 1045 3522 hec.
1057 3468 1088 3522 In
1099 3466 1350 3522 Alexandrinorum
1360 3474 1514 3537 martyrum
1525 3469 1689 3526 nominibus
1698 3471 1791 3544 aliqua

122 3551 211 3609 popo.
227 3537 266 3590 De
280 3534 399 3600 Hireaer',
415 3534 553 3605 Policarpi
563 3542 590 3589 et
602 3535 782 3603 Hieroaimals,
796 3552 831 3590 ex
845 3536 929 3592 medii
985 3546 1026 3592 est
1041 3538 1168 3593 variatio.
1192 3539 1237 3594 Sic
1260 3538 1414 3605 Hermian,
1437 3539 1612 3607 Potamiano,
1632 3549 1661 3597 et
1686 3558 1790 3612 rursus,

125 3605 178 3660 tevi
193 3621 255 3672 usu,
271 3605 337 3660 satis
350 3602 417 3659 alibi
433 3604 539 3659 dictum
553 3612 603 3660 est.
619 3605 726 3679 Aliqui,
742 3608 865 3676 Hyreaai,
881 3609 930 3662 Je-
1004 3609 1096 3665 uando
1122 3610 1194 3664 idem
1224 3625 1324 3664 nomen
1350 3617 1442 3680 postea
1466 3611 1594 3679 recurrit,
1619 3614 1790 3670 Potomioxo.

124 3692 253 3745 ronyaios
261 3692 271 3739 ;
280 3674 406 3730 Holanus
415 3673 537 3755 correxit
546 3675 649 3730 omnia.
661 3679 796 3749 Antucrp.
807 3684 834 3731 et
844 3678 931 3734 Max:
985 3626 1211 3752 Hntuerpehlaj,
1223 3681 1370 3746 Eraclidis,
1381 3681 1791 3752 Herrora's.Huuerat.,Hercdi·

125 3745 227 3802 Luhec.
253 3746 348 3818 legunt
367 3752 472 3801 coactus
498 3746 694 3818 Hieronymus.
716 3747 786 3803 Sunt
811 3749 857 3820 qui
881 3766 930 3830 pro

125 3818 317 3889 apostoloram,
334 3817 441 3874 malunt
455 3833 518 3873 curn
533 3818 630 3874 Adone
644 3819 764 3875 scrihere
775 3822 931 3890 apostolico·

125 3905 207 3956 raon
220 3889 330 3947 codices
349 3889 436 3945 nostri
457 3888 560 3946 hahent
580 3897 611 3945 ut
630 3899 671 3948 est
690 3890 720 3946 iit
736 3897 826 3946 textu.
841 3892 877 3947 Et
890 3892 930 3949 sic

806 4015 1109 4076 OBSERVATIONES.

162 4114 238 4173 Petri
264 4119 289 4171 et
311 4113 394 4172 Pooli
416 4113 602 4187 apostolomm
628 4114 724 4186 Vigilio
750 4114 779 4171 in
805 4116 929 4189 antiquis
984 4117 1050 4172 rint.
1069 4118 1176 4184 Noster,
1190 4116 1298 4188 adjecto
1319 4118 1434 4173 doctoris
1448 4118 1543 4186 titulo,
1559 4117 1682 4176 Leonem
1698 4120 1792 4179 Isatis

126 4185 354 4246 Sacramentariis
375 4192 402 4241 et
421 4185 516 4242 Allatii
538 4202 570 4243 ao
588 4185 738 4242 Frontonis
756 4189 930 4244 Kalendariis
983 4197 1076 4287 aperte
1091 4188 1267 4244 determinat.
1284 4188 1363 4256 Quod
1384 4190 1486 4246 clarius
1505 4190 1595 4247 iecere
1618 4190 1749 4250 Rabanus
1765 4201 1793 4249 et

126 4259 243 4332 signata,
266 4257 339 4314 inter
359 4258 560 4330 Martyrologos
580 4274 595 4314 a
613 4258 687 4315 Beda
705 4259 827 4330 primum
846 4261 931 4316 relata
983 4259 1131 4328 hotkerus,
1155 4260 1264 4316 tametsi
1292 4277 1322 4316 xi
1343 4262 1448 4333 Aprilis
1472 4263 1565 4319 eadem
1595 4262 1685 4318 ferme
1702 4264 1789 4336 elogia

125 4330 247 4397 videtur,
265 4344 346 4457 quem
362 4337 473 4386 secutus
493 4337 534 4385 est
552 4328 624 4395 Ado,
644 4330 743 4386 Noster
757 4347 823 4388 vero
843 4333 930 4387 alter·
984 4332 1150 4458 posuissent.
1161 4331 1342 4402 Apertissime
1358 4334 1424 4388 item
1439 4333 1469 4388 in
1483 4334 1607 4389 eamdem
1623 4337 1789 4392 senteutiam

125 4409 270 4458 utrumve
295 4408 390 4457 utrum
410 4416 455 4457 ue.
480 4401 575 4456 honis
588 4402 679 4473 magei
693 4401 884 4470 festivitatem,
901 4420 931 4460 xi
995 4402 1347 4476 oquiturWandalhertus,
1378 4405 1788 4477 uidquidetiamaliadiebeo·

126 4472 233 4546 Aprilis
254 4472 360 4546 pridem
380 4417 415 4529 aq
434 4472 557 4530 Ecclesia
575 4473 660 4529 recoli
677 4473 798 4544 solitam,
814 4475 844 4529 in
859 4491 931 4532 con-
984 4490 1047 4530 uem
1061 4476 1073 4530 1
1087 4474 1250 4532 laudaverit.
1267 4477 1310 4532 Eu
1323 4420 1489 4532 hoHiernum
1504 4475 1692 4534 versiculum:

125 4544 198 4602 tesso
213 4553 269 4612 est;
286 4543 459 4617 hocquoque
472 4544 517 4601 die
531 4544 598 4601 olim
609 4545 785 4616 celebratam,
801 4563 858 4602 non
874 4547 931 4602 mi-

126 4631 180 4672 nus
194 4615 336 4673 evidenter
351 4615 459 4672 ostendi
474 4623 574 4688 potest,
590 4616 719 4688 quamvis
735 4626 833 4674 neuter
845 4619 929 4699 depo-

127 4686 231 4742 siticor'r
245 4687 373 4758 proprius
392 4686 437 4754 sit,
459 4694 491 4742 ut
512 4687 546 4742 ad
565 4703 595 4742 iri
616 4687 721 4759 Aprilis
735 4688 844 4744 abunde
858 4689 930 4744 diiii·
1020 4692 1110 4764 Atque
1126 4691 1184 4746 hac
1198 4692 1376 4764 antiquorum
1396 4688 1520 4749 omn'ium
1541 4694 1691 4761 sententia,
1710 4706 1783 4766 aqua

128 4756 243 4813 musio
259 4757 352 4813 citatis
366 4756 539 4813 Kalendariis
550 4756 602 4813 hoc
611 4757 656 4814 die
668 4758 781 4829 legitur:
802 4762 930 4816 Transla-
986 4778 1037 4817 nec
1051 4762 1254 4835 Papehrochius
1265 4763 1446 4820 recedendum
1479 4766 1579 4832 utavit,
1591 4781 1671 4821 nuni.
1684 4764 1784 4836 lisyue

127 4828 164 4912 tio
177 4827 298 4910 corporis
312 4828 346 4884 B.
358 4827 462 4909 Leoqiq
473 4829 570 4901 utique
584 4828 677 4909 primi,
688 4838 720 4885 ut
731 4837 805 4911 recto
820 4839 932 4887 conten·
985 4849 1064 4959 qiseos
1079 4851 1134 4890 suae
1149 4833 1357 4906 Chronologieae
1373 4782 1553 4906 probaHliter
1567 4838 1723 4908 assignans,
1738 4850 1784 4909 quo

126 4899 169 4957 dit
183 4899 283 4956 editor.
304 4898 428 4971 Gregorii
449 4898 698 4956 Sacramentarium
715 4900 817 4958 diserte
836 4904 928 4974 ponit:
997 4921 1071 4960 erme
1087 4913 1208 4976 tempore
1224 4905 1276 4962 hoc
1290 4906 1335 4962 die
1350 4909 1378 4962 in
1395 4908 1493 4962 Leonis
1507 4907 1599 4979 Magni
1616 4909 1710 4964 locum
1725 4923 1784 4964 suc·

126 4972 220 5030 Nalot.
234 4971 320 5027 eoacti
333 4971 428 5026 mono
441 4987 535 5042 popam
549 4970 597 5027 ubi
612 4972 702 5054 palam
717 4982 758 5029 est
772 4974 891 5032 Leonem
905 4975 930 5032 lt
985 4975 1096 5032 cesserit
1110 4977 1164 5032 Leo
1179 4979 1214 5046 ll,
1227 4977 1330 5033 nativis
1342 4979 1483 5035 coloribus
1497 4995 1513 5034 a
1529 4980 1641 5036 Halano
1656 4979 1687 5035 iu
1703 4986 1784 5052 porte·

985 3751 1037 3818 dis,
1050 3753 1201 3807 Potciame.
1216 3751 1296 3807 Mitto
1307 3750 1465 3823 hujusmodi
1476 3752 1530 3808 alia
1541 3752 1659 3811 minoris
1670 3773 1790 3813 momen·

986 3822 1017 3878 ti.
1043 3822 1100 3877 Soli
1122 3824 1240 3904 drevan.
1261 3832 1288 3878 et
1308 3823 1410 3904 Melan.
1427 3822 1531 3879 habeut
1550 3825 1609 3896 ipris
1627 3836 1790 3902 cousumpta

985 3901 1040 3960 est;
1058 3900 1150 3950 eaeteri
1164 3909 1228 3950 curn
1243 3900 1334 3964 textu,
1349 3911 1418 3964 spat.

943 4572 968 4632 D
1046 4581 1162 4633 Praesule
1177 4589 1284 4646 quartus
1297 4590 1366 4643 ovat,
1384 4582 1454 4632 vorbi
1471 4592 1495 4632 et
1510 4583 1615 4634 doctore
1632 4585 1728 4634 Lectio.

127 5042 265 5116 designari
276 5042 391 5099 miuime
402 5058 490 5114 posse.
500 5041 583 5110 Beda,
594 5060 642 5116 qui
654 5061 683 5100 iri
693 5044 797 5117 Aprilis
808 5047 930 5120 scripse-

127 5124 183 5173 rat:
199 5118 289 5174 Romre
302 5114 396 5171 Laome
408 5130 486 5186 popae
498 5120 522 5169 et
535 5113 712 5185 consessorisi
729 5117 781 5174 hoc
797 5118 853 5186 die,
870 5126 930 5190 post

127 5186 258 5258 vigiliam
270 5186 457 5260 apostolorum
468 5186 542 5243 Petri
554 5195 581 5243 et
593 5187 682 5253 Pauli,
694 5189 852 5262 subjungit:
867 5191 929 5261 Ipso

127 5257 169 5313 die
184 5259 212 5313 S.
228 5259 323 5315 Laome
335 5276 423 5341 pcpoe,
444 5258 491 5314 sed
511 5258 657 5341 utrobique
671 5259 705 5315 de
726 5262 816 5318 Ledus
831 5261 929 5334 Hagno

126 5327 169 5454 qgi
184 5343 219 5383 ex
233 5330 437 5455 eqlcooyicitur,
452 5330 525 5403 quod
536 5332 690 5414 verisimile
701 5333 816 5414 omnino
827 5349 882 5388 nou
894 5333 930 5389 sit

125 5413 246 5526 elidii}
271 5401 927 5555 attath?tttllllitalthtlt

124 5555 253 5670 parvum,
276 5541 342 5597 dum
360 5544 472 5602 scribit:
495 5490 586 5604 Homo
598 5545 692 5602 honis
705 5562 791 5618 popo,
807 5552 835 5604 et
850 5546 925 5603 Ado:

137 5627 188 5684 pso
209 5612 251 5667 die
264 5613 364 5669 actalia
378 5617 463 5671 soracti
479 5617 573 5673 Tecmo
585 5635 621 5690 po
640 5634 672 5686 o,
688 5633 744 5673 non
760 5618 870 5673 lieoocm
885 5619 925 5688 H,

122 5689 155 5740 ut
176 5682 248 5740 male
263 5683 370 5765 notavit
389 5686 487 5744 Hosne
508 5688 570 5758 dus,
586 5635 639 5746 seg
648 5683 800 5746 sanissime
814 5690 926 5746 laeam

121 5754 469 5830 dementiriacensem
482 5704 517 5816 (H
527 5773 560 5818 eo
571 5775 602 5817 xi
612 5759 717 5833 Aprilis
726 5777 783 5819 uon
791 5762 923 5820 memine-

985 5047 1105 5104 rioribus
1124 5049 1295 5105 editionibus
1317 5066 1471 5122 expressus,
1496 5050 1590 5124 quiin
1608 5050 1674 5106 aliis
1691 5050 1786 5107 rectius

984 5121 1141 5192 oppositum
1156 5129 1317 5177 asseruerat.
1335 5122 1449 5177 Interim
1470 5138 1506 5178 ex
1531 5122 1674 5178 Auctariis
1689 5121 1787 5178 nostris

984 5192 1097 5263 patebit,
1114 5208 1195 5264 quam
1209 5192 1318 5249 diversa
1335 5195 1481 5260 senserint,
1497 5194 1544 5266 qui
1560 5193 1721 5250 Usuardum
1735 5209 1788 5250 no-

984 5271 1083 5331 strum,
1119 5280 1148 5319 ro
1163 5280 1214 5320 suo
1236 5265 1327 5336 genio,
1344 5265 1462 5320 subinde
1477 5264 1694 5338 interpolarunt.
1711 5265 1790 5323 Plora

983 5350 1039 5389 non
1054 5280 1125 5391 adso
1134 5334 1168 5390 de
1180 5335 1326 5391 duratione
1338 5337 1430 5391 cultus
1442 5336 1542 5392 Leonis
1559 5335 1644 5403 1‚boc
1659 5335 1721 5408 ipso
1734 5335 1790 5405 dia,

983 5421 1049 5461 nam
1061 5423 1110 5479 pro
1126 5407 1253 5463 instituto
1264 5415 1359 5463 nostro
1370 5407 1444 5463 dicta
1458 5407 1567 5464 abunde
1582 5407 1739 5465 sufficiunt.

1019 5478 1225 5534 illustrissimus
1249 5488 1355 5551 martyr
1376 5481 1494 5535 beamur
1514 5478 1542 5534 in
1563 5478 1793 5553 Hieronymianis

983 5549 1063 5621 plane
1077 5551 1200 5622 signatus
1221 5558 1273 5616 ost,
1291 5551 1338 5607 sed
1352 5550 1549 5608 Alexandrinis
1565 5550 1740 5623 martyribus
1755 5551 1795 5610 ita

982 5636 1133 5689 connexus,
1148 5632 1179 5680 ut
1191 5622 1277 5679 ferme
1292 5623 1326 5679 ad
1341 5623 1463 5679 eamdem
1480 5623 1636 5695 palestram
1650 5622 1794 5695 pertinere

981 5707 1101 5749 censeas.
1112 5694 1142 5748 ln
1158 5694 1232 5751 Beda
1245 5704 1272 5751 et
1287 5696 1409 5752 Romano
1424 5711 1508 5767 parvo
1518 5695 1552 5751 de
1564 5711 1597 5751 eo
1613 5710 1672 5751 nou
1685 5694 1793 5766 agitur.

982 5762 1042 5820 Ado
1057 5772 1148 5821 autem
1158 5766 1277 5839 elogium
1288 5766 1379 5823 texuit
1392 5767 1441 5823 vix
1456 5766 1532 5824 aliud
1547 5767 1794 5840 continerequeui
