3834 6136
215 188 268 251 ttt

907 182 1061 244 USUAROl
1080 182 1244 242 MONACHl

1817 173 1875 239 bii

215 324 314 380 navve.
332 319 373 379 sic
386 319 507 379 habent:
528 320 627 390 «item,
643 325 803 377 sanctorum
817 317 962 377 Saturnini
986 320 1052 382 etA
1099 319 1254 376 Luxovmn.
1273 333 1280 374 :
1299 339 1309 368 ι
1338 314 1481 373 Transitus
1493 313 1581 372 sancti
1608 312 1681 371 lusti
1700 311 1872 372 contessoris

216 393 493 522 Lubbruumeblnx.
511 461 584 520 idem
603 463 686 520 habet
699 471 889 536 augmentum,
905 472 932 520 et
946 478 1014 536 prae·

216 544 291 594 terea
303 534 446 607 adjungit:
466 558 475 583 ·
488 533 593 591 Eodem
607 534 663 604 die,
674 535 783 606 Brugis,
799 533 872 591 beati
887 534 1014 592 Donatia-

216 607 246 665 ni
261 606 459 682 archiepiscopi
473 607 615 663 Remensis
627 606 747 689 septimi.
767 632 777 655 ι

1069 392 1098 475 in
1114 406 1215 448 eremo.
1231 392 1293 464 lpso
1306 389 1361 458 die,
1377 386 1502 447 Coeleetis
1517 386 1639 466 episcopi
1655 383 1744 458 ipsius
1766 384 1875 443 civita-

1069 473 1874 620 tlsEditioLumine-Cot,inCalixtointerpolata,praater
1895 508 1897 513 Ι

1066 622 1202 697 ieiunium
1210 617 1612 694 OuatuorTemporum,addit,
1628 617 1721 691 ‘quod
1731 616 1874 699 promotio

252 677 426 736 Cillium-²
451 703 460 727 ¹
475 680 568 737 ΗΘΜ
582 678 681 735 ssfflhss
695 677 782 735 lancti
807 676 911 737 C³li¹li
938 693 1013 750 Falla)
1069 711 1118 752 nes
1130 694 1259 752 Ecclesiae
1271 694 1402 750 ordinum
1415 690 1550 765 gradatim
1563 689 1624 746 lieri
1634 689 1772 756 instituit,
1788 696 1817 745 et
1832 690 1874 745 iu·

216 757 244 807 et
258 751 399 824 martyris,
412 751 460 823 qui
476 749 548 807 sedit
561 750 591 806 in
606 750 765 877 episcopatu
788 765 875 807 annos
898 757 1014 821 septem,

217 838 325 878 menses
336 820 417 890 duos,
433 821 493 878 dies
505 821 610 889 decem,
630 827 697 877 etsu
732 822 848 894 imperio
862 819 1017 878 Alexandri

217 903 288 950 mart
310 891 345 949 rii
360 894 476 967 gloriam
491 892 606 967 adeptus
620 901 671 950 est.
686 892 806 949 Civitate
815 891 942 960 Foderta,
954 907 1014 947 san·

216 965 255 1022 cti
283 911 429 1022 Fortunati
447 982 462 1021 e
482 964 568 1036 iecopi
584 971 611 1021 et
634 963 809 1021 confessoris.
834 964 938 1020 Eodem
958 963 1013 1031 die,

217 1035 353 1093 festivitas
364 1036 452 1093 ean'cti
463 982 625 1105 bonatiani,
636 1034 746 1109 septimi
756 1036 903 1093 Remorum
912 1035 1014 1107 episco-

217 1108 256 1189 pi,
272 1108 352 1181 cujus
363 1124 464 1234 cerpus
479 1107 508 1163 in
519 1114 615 1189 'castro
625 1107 681 1164 Bru
699 1106 760 1190 ‘nsi
771 1123 875 1178 magnae
890 1122 1014 1190 reveren·

218 1178 405 1235 trahebatur.
451 1195 481 1235 se
497 1177 553 1247 dre,
568 1179 657 1236 sancti
673 1242 677 1247 ,
698 1179 804 1246 tatoris,
830 1179 948 1246 lectoris,
964 1195 1015 1235 co-

218 1249 294 1305 mitis
321 1250 409 1306 sancti
432 1195 503 1306 busti
516 1250 648 1323 episcopi.
665 1275 675 1300 ι
701 1249 772 1307 Vide
792 1249 1013 1307 Observationes.

253 1321 433 1379 Rauracum.
450 1339 456 1377 ι
478 1322 591 1378 «Romae
606 1322 652 1377 via
670 1322 794 1390 Aurelia,
821 1323 911 1379 natale
927 1320 1015 1378 sancti

219 1391 315 1450 Calisti
339 1408 414 1466 papae
433 1399 460 1448 et
479 1393 620 1465 martyris,
634 1393 682 1466 qui
689 1391 797 1466 jejunia
814 1403 931 1466 quatuor
940 1400 1015 1448 tem-

217 1474 315 1536 porum
330 1463 462 1521 instituit.
479 1464 789 1548 llicsubpersecutione
803 1464 954 1522 Alexandri
965 1465 1015 1520 im·

217 1535 361 1609 potatoris,
387 1536 535 1593 incarcere
549 1545 665 1609 positus,
682 1537 828 1610 quemdam
851 1537 968 1593 militem
983 1536 1016 1591 ab

216 1607 341 1664 ulcerum
363 1607 497 1677 loeditate,
511 1607 595 1664 simul
610 1615 637 1664 et
652 1607 686 1664 ab
710 1608 872 1665 infidelitate
884 1606 992 1665 curavit
1008 1625 1013 1663 :

215 1677 289 1751 quod
302 1677 418 1736 audiens
445 1678 602 1735 Alexander
615 1680 652 1734 im
674 1688 775 1745 arator,
794 1680 882 1751 ipsum

215 1749 334 1804 militem
349 1749 499 1822 plumbatis
513 1749 639 1818 deficere,
656 1696 771 1807 beatum
786 1765 852 1806 vero
873 1695 1014 1807 Caiivtum

215 1836 312 1945 papam
322 1837 370 1900 per
378 1820 525 1877 fenestram
535 1820 634 1877 domus
646 1821 823 1894 praecipitari,
834 1827 871 1889 et,
884 1821 967 1902 ligato
981 1820 1015 1877 ad

215 1907 248 1947 co
261 1892 317 1946 lum
331 1907 390 1962 epus
403 1907 481 1958 saxo,
498 1892 527 1947 in
542 1899 655 1963 puteum
668 1891 789 1963 demergi
800 1901 937 1963 pracepit.
950 1892 1014 1947 Post

214 1959 273 2017 dies
287 1969 379 2016 autem
390 1961 485 2018 decem
502 1970 529 2017 et
542 1969 646 2034 septem
657 1963 782 2018 Asterius
815 1962 939 2034 resbyter
951 1979 1013 2018 cum

215 2031 334 2099 clericis,
350 2039 430 2088 nocte
443 2033 546 2088 levavit
561 2033 725 2105 corpusejus
736 2041 762 2089 et
777 1980 847 2089 iliud
859 2033 887 2089 in
903 2034 1015 2090 cimite-

215 2100 421 2174 rioCalopodii,
483 2103 568 2160 iante
584 2112 653 2160 mart
676 2103 747 2160 rium
765 2111 1014 2172 consummaverat,

214 2172 352 2254 sepelivit.
370 2198 379 2221 ι
401 2174 438 2231 Vi
459 2176 623 2232 eddonem.
642 2201 651 2223 ‹
688 2177 748 2232 auri
763 2175 939 2244 monasterio,
956 2192 1014 2232 san-

215 2251 253 2303 cti
266 2244 380 2303 Celestis
394 2246 527 2319 episcopi,
538 2247 668 2318 discipuli
693 2247 766 2304 beati
788 2248 862 2303 Petri
886 2247 1014 2319 apostoli.

215 2314 268 2383 Qut
284 2333 346 2373 cum
357 2317 438 2375 beate
448 2317 589 2375 Clemente
603 2326 630 2374 et
645 2318 735 2375 Felice
745 2319 778 2375 ad
793 2318 890 2375 urbem
906 2319 1015 2375 blaten-

215 2402 272 2444 sem
288 2387 412 2458 veniens,
427 2398 489 2462 post
500 2391 630 2463 primum,
647 2390 676 2445 in
686 2390 781 2446 eadem
792 2390 859 2446 urbe
871 2390 1015 2462 episcopus

222 2460 399 2528 constitutos,
428 2462 562 2518 caelestem
582 2460 664 2516 duxit
689 2463 774 2517 vitam
804 2470 830 2517 et
855 2461 966 2517 tandem
981 2462 1014 2517 ad

215 2529 357 2588 Christum
369 2532 508 2603 migravit.
517 2534 553 2588 Et
564 2532 592 2587 in
607 2531 745 2600 Corduba,
756 2534 845 2589 natale
857 2542 1013 2589 sanctorum

215 2608 370 2672 martyrum
386 2603 540 2671 Saturnini,
551 2604 814 2674 LupietAureliae.›
837 2603 907 2660 Vide
915 2608 1015 2660 Aucta·

215 2672 288 2726 rium
303 2673 466 2729 secundum.
483 2675 513 2729 ln
538 2670 689 2730 Fortunato
704 2691 788 2746 purus
803 2682 853 2730 est.
877 2700 886 2722 ‹
909 2674 1013 2730 Eodem

215 2740 271 2806 die,
287 2744 374 2798 sancti
385 2743 532 2799 Donatiani
543 2745 690 2800 Remorum
702 2745 912 2817 archiepiscopi.
928 2747 1012 2802 Furo·

215 2812 271 2880 nis,
286 2812 521 2885 depositiosancti
532 2814 666 2872 Venancii
675 2815 782 2871 abbatis
796 2825 823 2873 ct
837 2817 1013 2885 confessoris,

215 2880 335 2941 Civitate
348 2884 530 2952 belioacensi,
559 2893 659 2942 sancta
680 2886 869 2958 Angadrisinae
886 2887 1012 2961 virginis,

215 2969 321 3035 sponsae
336 2956 425 3011 sancti
445 2957 574 3012 Ausberti
590 2956 789 3028 archiepiscopi
805 2958 1013 3031 Rothomagen-

926 1678 1018 1733 uidem
1033 1679 1056 1738 Β

1068 767 1151 824 duxit
1163 782 1272 823 servare
1304 773 1446 838 erpetnam
1459 760 1613 821 castitatem
1628 760 1771 818 ministris
1777 761 1873 818 Eccle

1069 838 1151 895 sia.»
1173 838 1276 896 Caetera
1286 781 1374 893 babes
1383 852 1475 909 supra.
1492 834 1523 889 ln
1538 833 1711 916 Fortunato,
1733 847 1805 914 pura
1822 839 1873 915 estz

1069 911 1158 966 Fam:
1192 931 1202 958 ι
1225 908 1329 966 Eodem
1344 908 1400 976 die,
1415 914 1572 963 sanctorum
1600 903 1746 963 Satarnmr
1760 911 1790 960 et
1805 902 1875 975 Lupi

1069 990 1233 1054 martyrum.
1250 979 1386 1046 Treveris,
1402 978 1490 1035 sancti
1504 975 1621 1041 Rustici,
1636 974 1753 1033 secundi
1769 973 1874 1055 episco

1070 1052 1096 1124 pi
1107 1060 1134 1109 et
1148 1051 1321 1109 confessoris.
1333 1049 1515 1123 Herbipolim,
1531 1046 1620 1104 sancti
1630 1045 1787 1104 Rnrchardi
1804 1061 1874 1118 epus

1069 1123 1131 1180 dem
1146 1123 1268 1180 civitatis
1280 1122 1363 1195 primi
1378 1138 1393 1177 a
1412 1122 1470 1178 isco
1491 1121 1499 1175 i
1515 1127 1543 1175 et
1557 1118 1734 1176 contessoris.
1744 1119 1776 1174 ln
1789 1116 1875 1174 here·

1070 1211 1124 1263 mo,
1140 1193 1273 1251 transitus
1287 1194 1373 1251 sancti
1388 1139 1459 1248 iusti
1472 1138 1623 1247 beremitue.
1635 1189 1739 1246 llethis
1748 1189 1874 1272 civitate,

1069 1265 1158 1323 sancti
1173 1264 1304 1333 Calatis,
1336 1263 1450 1322 secundi
1465 1261 1588 1335 ejusdem
1603 1259 1681 1344 urbis
1694 1260 1739 1333 ep'
1756 1331 1762 1344 .
1811 1277 1820 1317 ι
1848 1265 1875 1316 et

1069 1337 1244 1396 confessoris.
1256 1335 1374 1394 Civitate
1387 1333 1479 1393 Remis
1494 1335 1523 1390 in
1535 1332 1658 1403 Callus,
1673 1341 1764 1390 sancti
1822 1347 1876 1388 na-

1069 1410 1140 1467 tiani
1155 1408 1276 1481 episcopi
1291 1417 1318 1465 et
1332 1405 1508 1464 confessoris.
1525 1427 1535 1452 »

1105 1498 1215 1565 Reum,
1230 1502 1292 1569 post
1305 1496 1460 1580 promeruit,
1476 1492 1648 1566 interponit:
1672 1490 1745 1550 ‹llic
1764 1492 1875 1551 consti-

1070 1570 1125 1627 tuit
1136 1568 1275 1642 ieiunium
1289 1569 1333 1624 dae
1348 1566 1459 1624 Sabbati
1475 1573 1571 1641 quater
1586 1564 1615 1621 in
1629 1580 1705 1622 anno
1720 1562 1794 1632 fleri,
1812 1564 1875 1620 iru-

1075 1641 1172 1709 menti,
1188 1639 1248 1696 vini
1262 1648 1290 1697 et
1305 1640 1357 1696 olei
1369 1637 1521 1696 secundum
1537 1636 1742 1710 prophetiam.»
1760 1635 1873 1694 labne:

1079 1713 1171 1769 «Item
1192 1719 1351 1768 sanctorum
1366 1709 1509 1767 Saturnini
1524 1717 1550 1767 et
1565 1708 1647 1782 Lupi.
1662 1731 1672 1757 ι

1106 1802 1249 1857 daravum:
1274 1800 1398 1857 «Eodem
1412 1799 1469 1866 die,
1487 1800 1573 1856 sancti
1586 1796 1736 1856 Gaudentii
1748 1795 1870 1870 episcopi

1069 1872 1253 1928 Ariminensis
1274 1879 1301 1927 et
1320 1872 1460 1944 martyris.
1476 1871 1530 1939 Oui
1546 1871 1648 1943 Ephesi
1673 1878 1763 1939 ortos,
1781 1870 1872 1927 Romae

1069 1952 1195 2015 tempore
1209 1942 1318 1999 Damasi
1331 1959 1416 2015 papae,
1427 1942 1571 2015 presbyter
1584 1941 1741 2009 ordinatus,
1757 1939 1871 1996 miracu·

1069 2015 1107 2071 lis
1122 2014 1232 2071 claruit.
1249 2014 1430 2071 Consecratus
1444 2014 1544 2071 deinde
1557 2011 1730 2069 Ariminensi
1740 2012 1872 2069 Ecclesia

1069 2087 1099 2143 in
1114 2085 1273 2158 episcopum
1287 2092 1430 2157 postquam
1445 2085 1546 2141 multos
1561 2084 1596 2142 ed
1614 2084 1697 2142 iidem
1713 2083 1872 2141 convertis-

1069 2167 1121 2224 set,
1135 2157 1171 2213 ob
1181 2156 1323 2214 catholicae
1338 2157 1402 2213 fidei
1417 2156 1604 2213 defensionem
1628 2154 1762 2223 fustibus,
1786 2162 1814 2211 et
1829 2156 1872 2211 la-

1070 2227 1184 2300 pidibus
1195 2244 1281 2301 usque
1294 2228 1328 2284 ad
1343 2228 1518 2284 emissionem
1535 2228 1649 2300 spiritus
1660 2232 1798 2284 mactatus
1820 2233 1870 2282 est.

1071 2299 1191 2358 Civitate
1207 2298 1345 2367 Corduba,
1361 2309 1518 2356 sanctorum
1535 2299 1604 2371 Lupi
1630 2306 1657 2354 et
1671 2297 1805 2354 Aureliae.
1820 2296 1872 2354 Sa-

1069 2371 1177 2426 turnini
1192 2377 1220 2425 et
1231 2370 1298 2442 Lupi
1309 2377 1472 2442 martyrum.
1484 2370 1610 2436 Vienna,
1619 2378 1781 2427 sanctorum
1791 2370 1872 2442 Agra·

1070 2444 1092 2497 ti
1107 2450 1134 2498 et
1153 2441 1271 2509 Castori,
1287 2440 1409 2512 ejusdem
1429 2442 1505 2499 urbis
1520 2457 1534 2498 e
1554 2442 1723 2514 iscoporum.
1736 2440 1871 2508 Treveris,

1070 2512 1157 2569 sancti
1185 2512 1301 2581 Rustici,
1330 2512 1442 2569 secundi
1466 2513 1509 2586 eju
1544 2529 1588 2570 em
1610 2511 1688 2569 urbis
1710 2511 1834 2583 episcopi
1848 2520 1873 2567 et

1069 2584 1245 2641 confessoris.
1277 2584 1358 2656 Apud
1381 2583 1565 2656 llerbipolim‚
1597 2583 1686 2641 sancti
1708 2581 1873 2651 burchardi,

1070 2655 1159 2728 primo
1176 2655 1252 2710 illius
1280 2655 1410 2711 Ecclesia
1439 2656 1530 2726 episco
1550 2656 1559 2711 i
1582 2654 1800 2713 etcouiesseris.
1825 2653 1875 2710 Ric

1068 2733 1200 2799 cognatus
1212 2726 1265 2783 luit
1275 2726 1506 2783 sanctiBonilacii
1547 2727 1743 2798 aguntinensis
1753 2724 1874 2798 episcopi

1069 2807 1095 2853 et
1114 2796 1253 2869 martyris,
1269 2805 1351 2870 atque
1365 2797 1398 2852 ab
1414 2813 1447 2852 eo
1473 2799 1592 2869 praelata
1612 2797 1747 2856 Ecclesiae
1761 2796 1874 2853 antistes

1069 2869 1212 2926 ordinatus
1226 2884 1298 2924 anno
1313 2868 1424 2924 Domini
1439 2885 1528 2925 occur.
1549 2869 1676 2943 Cumque
1697 2869 1790 2924 multo
1799 2875 1874 2924 tem-

1069 2957 1134 3014 pore
1151 2950 1262 2997 strenue
1273 2954 1333 2995 eam
1350 2939 1537 3011 gubernasset,
1551 2940 1683 2998 solitaria
1696 2938 1873 2996 vitodeside·

214 3040 262 3081 sis.
279 3048 288 3072 ·
323 3025 406 3097 Apud
433 3027 619 3086 Castellanum
643 3027 797 3100 appellatur
821 3031 1012 3099 Aaqodrisma.
1030 3034 1052 3094 G
1071 3014 1113 3068 ‘10
1127 3013 1215 3093 ilium,
1227 3012 1288 3093 ¹⁰9⁰
1303 3011 1346 3067 ⁸¹¹5
1360 3011 1481 3068 imiimi
1504 3011 1623 3095 QVO&
1639 3013 1697 3068 ⁰⁰⁰
1711 3019 1742 3068 et
1755 3011 1873 3092 stillim·

220 3095 314 3153 «item
335 3098 467 3156 transitus
480 3099 567 3155 sancti
582 3099 684 3156 lusti·
706 3099 778 3156 Vide
791 3099 1011 3158 Observationes.
1070 3100 1146 3152 0²⁰⁸»
1168 3089 1275 3156 (imev¹t
1302 3098 1375 3138 ²¹¹¹¹⁰
1407 3082 1554 3141 ⁸³⁰01'd0ll1
1581 3099 1625 3142 ⁸1¹¹
1650 3082 1870 3157 Vllidfflssfflfflffl

244 3168 435 3250 ,meracam
451 3169 698 3298 praterqejunium
710 3169 833 3238 Quatnor
846 3172 1011 3244 Temporum

214 3240 269 3296 aha
284 3240 391 3299 Callisti
405 3243 550 3299 statutaed
572 3243 639 3311 ucit,
655 3259 716 3316 qnae
726 3243 819 3298 malim
830 3243 896 3299 alibi
914 3243 1014 3316 reperi·

214 3327 253 3367 re.
268 3312 299 3368 ln
309 3312 465 3373 Fortunato.
474 3314 541 3370 satis
551 3331 636 3386 purus
647 3324 696 3370 est.
708 3314 794 3370 Tum:
810 3315 858 3370 ‹ln
870 3314 1014 3371 britannia

214 3383 302 3440 sancti
330 3385 440 3442 Paulini
468 3386 588 3459 episcopi
612 3393 639 3443 et
668 3385 833 3442 confessoris
858 3385 886 3441 in
902 3386 1015 3443 civitate

214 3454 341 3512 Eburati.
356 3479 366 3504 ›
388 3457 458 3514 Vide
468 3474 549 3529 snpra
561 3475 579 3513 x
593 3457 730 3514 Octobris.
744 3459 844 3525 «Item,
856 3466 1013 3516 sanctorum

115 3532 119 3537 ’
214 3536 368 3600 martyrum
384 3528 527 3585 Saturnini
542 3538 568 3585 et
582 3528 663 3601 Lupi.
679 3553 687 3576 ·

249 3597 411 3660 Acurcmcr.
423 3600 452 3655 in
461 3598 514 3655 llne
525 3599 602 3655 addit
614 3616 622 3654 :
639 3600 735 3667 «item,
744 3600 1015 3657 'sanctorumSatur-

216 3668 277 3724 nini
294 3676 321 3748 et
338 3669 417 3741 Lupi.
434 3671 464 3725 ln
480 3686 549 3741 pago
559 3669 728 3738 belvacensi,
744 3678 845 3727 sancta
856 3671 1015 3742 Andragisi·

215 3754 263 3795 nes
277 3739 405 3811 virginis,
426 3741 540 3814 Brngias
550 3742 639 3799 sancti
652 3742 800 3799 Donatiani
815 3740 1015 3815 archiepiscopi

213 3816 242 3880 et
254 3810 430 3869 contessoris.
450 3835 460 3860 ι

249 3881 395 3940 Vrcrcnnt.
412 3883 441 3940 in
459 3884 532 3940 fine:
556 3885 645 3940 «item
659 3890 761 3940 sanctae
777 3885 907 3942 Fortuna
922 3886 1016 3959 virgi-

214 3953 292 4023 nis,·
314 3971 364 4026 pro
380 3956 544 4012 Fortunam.
563 3955 635 4014 Vide
650 3955 779 4011 inferius.

249 4025 687 4085 hierarc-Cauros.Ouramma.
709 4043 716 4082 :
740 4024 868 4084 «Calinti
899 4043 974 4102 papae
989 4037 1017 4087 et

215 4097 354 4168 martyris.
372 4099 520 4157 Donatiani
538 4098 657 4180 episcopi
675 4104 703 4154 et
717 4097 893 4156 confessoris.
908 4102 1016 4159 Fortu-

214 4166 301 4223 natie
321 4169 417 4242 iscopi.
433 4171 561 4243 Eutropii
571 4169 692 4252 episcopi
705 4172 827 4242 (notatar
841 4170 869 4224 in
885 4173 1015 4245 marpine,

214 4237 289 4296 hunc
303 4184 356 4300 boc
365 4241 411 4298 die
424 4243 492 4300 alibi
507 4258 564 4298 non
579 4241 716 4313 invenio),
727 4243 886 4298 Fortunatae
898 4243 1016 4318 virginis

97 4334 107 4340 ·
213 4318 240 4366 et
257 4314 388 4386 martyris
401 4331 465 4372 cum
482 4314 570 4370 trihus
584 4314 731 4385 germanis.
752 4339 761 4362 ι

1068 3156 1082 3210 J
1085 3155 1137 3210 usti
1152 3152 1345 3225 Lugdunensis
1359 3154 1479 3228 episcopi
1494 3163 1522 3212 et
1531 3154 1696 3212 confessoris
1706 3151 1869 3226 bicdeposi·

1069 3226 1117 3282 tio.
1134 3224 1186 3293 Qui
1198 3233 1225 3282 et
1240 3225 1298 3297 ipse
1312 3226 1465 3282 solitariam
1476 3224 1699 3298 vitamdiligene,
1716 3226 1749 3282 in
1763 3224 1871 3281 hereum

1068 3297 1174 3370 aliquot
1188 3297 1268 3352 annis
1282 3298 1453 3355 sanctissime
1481 3306 1669 3367 conversatus,
1683 3296 1816 3354 ministro
1825 3311 1872 3352 suo

1069 3369 1190 3437 Viatori,
1205 3368 1279 3441 quod
1295 3385 1323 3425 se
1338 3369 1465 3426 celeriter
1479 3377 1649 3453 sequeretur,
1669 3368 1870 3442 morienepre·

1068 3439 1152 3498 dixit.
1169 3441 1200 3497 ln
1215 3440 1313 3497 Galliis
1323 3441 1435 3497 civitate
1450 3443 1552 3509 Remis,
1563 3440 1635 3498 beati
1651 3439 1803 3498 Donatiani
1826 3454 1872 3494 ar-

1070 3512 1238 3592 chiepiscopi
1265 3519 1292 3567 et
1316 3512 1491 3568 contessoris.
1517 3512 1627 3580 limbis,
1651 3511 1728 3569 beati
1751 3509 1872 3578 Celestie,

1069 3583 1186 3640 secundi
1200 3581 1323 3665 ejusdem
1338 3583 1415 3640 urbis
1428 3583 1551 3656 episcopi
1565 3590 1592 3640 et
1606 3581 1872 3650 confessoriadisci·

1069 3656 1128 3781 puli
1148 3654 1220 3710 beati
1245 3653 1319 3710 Petri
1342 3654 1470 3728 apostoli.
1486 3654 1587 3711 Vitalis
1601 3653 1781 3712 confessoris.
1795 3651 1872 3726 Apud

1093 3727 1230 3793 elnacum,
1260 3733 1360 3782 sanctae
1386 3726 1576 3799 Angadrisma
1611 3725 1742 3798 virginis,
1770 3739 1872 3798 sponsat

1071 3796 1160 3853 sancti
1175 3794 1304 3853 Ausberti
1320 3795 1584 3879 notnomagensis.·
1606 3795 1678 3854 Vide
1688 3795 1871 3869 supremum

1070 3867 1224 3994 fFebruarii.
1243 3891 1252 3914 ι
1267 3869 1423 3924 Fortunata
1437 3868 1555 3942 v1rginis
1560 3874 1590 3939 pt
1598 3868 1742 3941 martyris,
1751 3874 1781 3924 et
1790 3866 1871 3924 trium

1084 3948 1223 3996 ratram-

1106 4031 1233 4086 Monnn.:
1261 4053 1270 4077 ι
1294 4030 1373 4098 Item,
1398 4037 1557 4087 sanctorum
1582 4027 1727 4087 Saturnini
1749 4033 1779 4085 et
1793 4025 1870 4100 Lupi.

1071 4099 1207 4169 Treveris,
1215 4101 1303 4158 sancti
1322 4101 1429 4159 Rustici
1441 4101 1564 4173 episcopi
1578 4109 1607 4157 et
1617 4099 1797 4157 mutassetis.
1807 4099 1870 4155 Rru·

1070 4171 1122 4299 qis,
1141 4172 1228 4228 sancti
1244 4171 1391 4227 Donatiani
1404 4170 1603 4244 archiepiscopi
1617 4171 1774 4228 Remonsis.
1797 4171 1871 4242 Lug-

1090 4258 1146 4298 uno
1161 4242 1267 4308 Galliae,
1286 4244 1418 4299 transitus
1433 4243 1521 4300 sancti
1534 4242 1606 4299 lusti
1620 4242 1650 4298 in
1659 4258 1765 4299 eremo.
1779 4242 1813 4299 lu
1822 4251 1871 4298 ter·

1069 4313 1169 4370 ritorio
1183 4312 1428 4383 Cathaulannensi,
1437 4321 1539 4371 sanotae
1550 4312 1716 4387 Maneglidis
1727 4312 1865 4385 virginis.»

248 4383 316 4442 Rrec.
340 4384 435 4455 Susa,
465 4386 516 4442 suh
532 4401 610 4441 num.
628 4384 695 4441 tta:
727 4385 896 4454 «Beloacus,
913 4393 1014 4444 sancte
1029 4399 1053 4457 ῃ
1070 4383 1304 4442 Deinminoribus
1318 4386 1403 4468 typis,
1416 4385 1449 4443 de
1458 4385 1619 4443 Burchardo
1632 4401 1668 4442 ex
1677 4384 1871 4453 Ouramma·

212 4456 404 4526 Angadrisinae
416 4457 544 4531 virginis.
559 4481 568 4504 ·
590 4455 661 4515 Vide
677 4456 857 4514 Bnuxrntnn.

248 4527 316 4584 ch.
341 4528 435 4598 Suae,
460 4530 583 4612 signatus
598 4545 676 4586 num.
704 4528 774 4587 tto:
799 4530 898 4599 «Item,
913 4538 1015 4586 sancte

213 4597 370 4655 Fortunata
389 4601 540 4672 virgime·
563 4600 634 4658 Vide
648 4601 703 4656 col.
719 4609 889 4674 sequentem.

248 4667 279 4721 ln
295 4668 442 4739 Variam,
458 4669 626 4737 nemesus,
642 4671 719 4727 deest
727 4672 879 4728 Fortunati.
903 4669 1016 4743 Adjici-

212 4741 277 4791 tur:
301 4764 310 4784 ·
326 4738 429 4795 Eodem
454 4740 511 4809 die,
525 4741 657 4797 transitus
676 4742 763 4799 sancti
783 4743 854 4798 lusti
882 4741 1014 4799 eremita.

213 4808 295 4880 Apud
308 4808 497 4882 Campaniam,
520 4818 621 4867 sanctas
640 4812 798 4868 Fortunatae
810 4811 938 4883 virginis,
945 4829 1015 4939 que

212 4893 290 4951 passa
304 4887 344 4937 est
360 4895 423 4937 cum
439 4880 529 4938 tribus
549 4880 682 4938 iratribus
700 4881 758 4937 suis
771 4882 920 4953 Carponio‚
971 4898 1016 4939 va·

212 4950 281 5008 risto
298 4961 324 5010 et
338 4951 491 5021 Prisciano,
518 4952 592 5025 apud
621 4952 783 5025 Caesaream,
812 4953 1015 5025 imperantibus

212 5022 386 5081 Diocletiano
399 5031 426 5082 et
440 5023 621 5093 Maximiano,
636 5021 751 5096 preside
771 5023 893 5081 Urbano.
909 5047 919 5072 ›

248 5096 437 5154 Facturum:
457 5098 554 5165 «item,
569 5101 728 5153 sanctorum
743 5094 885 5152 Saturnini
896 5104 922 5154 et
932 5096 1013 5170 Lupi.

213 5169 280 5224 ltem
295 5168 382 5227 sancti
394 5166 572 5229 Constantii.»
602 5166 764 5224 Srnozzmn.
789 5166 876 5237 addit,
888 5167 1014 5240 ephcepi.

214 5237 284 5295 Vide
298 5240 424 5299 Gnrvau.

1070 4473 1124 4529 que
1137 4456 1172 4513 ad
1187 4473 1258 4512 cano
1274 4458 1384 4514 Domini
1395 4474 1484 4514 ncctr.
1497 4457 1585 4513 Fum:
1603 4480 1613 4504 ι
1628 4457 1698 4513 Item
1713 4455 1801 4513 beatas
1815 4469 1872 4510 ωο-

1074 4528 1169 4585 moriae
1183 4527 1304 4585 Placille
1319 4528 1416 4586 uxoris
1443 4527 1590 4585 Theodosii
1614 4526 1803 4602 imperatoris.
1816 4525 1873 4585 Ec-

1071 4598 1134 4655 dem
1159 4599 1214 4667 die,
1233 4598 1303 4656 obiit
1326 4600 1491 4657 Dominicus
1514 4599 1667 4669 Loricatus,
1686 4596 1770 4671 cujus
1783 4595 1873 4656 Vitam

1070 4669 1272 4728 scribitPetrus
1284 4671 1423 4739 Damiani,
1432 4678 1509 4727 tomo
1520 4668 1722 4743 Vllldloysii.·
1735 4670 1769 4727 ln
1777 4667 1874 4726 editio

1071 4741 1152 4798 nibus
1164 4742 1237 4809 aliis,
1253 4741 1287 4798 de
1301 4741 1456 4799 Saturnino
1466 4742 1581 4824 etLupo
1595 4749 1669 4798 uteu
1689 4756 1729 4798 ra.
1745 4738 1872 4798 «Herbi-

1069 4813 1138 4884 poli,
1154 4812 1241 4869 sancti
1261 4813 1445 4870 Burohardie
1464 4813 1550 4894 iscopt
1565 4820 1594 4870 et
1607 4830 1641 4870 co
1671 4810 1811 4869 asseria·
1838 4812 1875 4868 De

1070 4883 1236 4950 boheriano,
1257 4884 1372 4942 Rustico
1386 4892 1414 4940 et
1453 4882 1590 4965 anagilda
1603 4892 1635 4940 nt
1647 4899 1741 4957 supra
1757 4885 1831 4940 Tum
1842 4880 1875 4963 de

1070 4954 1265 5026 Andregisina,
1281 4962 1313 5010 ut
1328 4955 1453 5012 crema.
1474 4957 1558 5012 Deru:
1583 4977 1593 5001 ε
1614 4956 1650 5012 Et
1665 4953 1757 5011 meti
1787 4955 1877 5010 Patris

1070 5024 1176 5081 Cosma
1189 5026 1393 5098 Hagiopclitani
1408 5035 1435 5083 et
1506 5034 1551 5093 ta,
1565 5025 1688 5109 episcopi
1705 5023 1869 5104 murum·

1071 5095 1225 5153 Minoribus
1241 5097 1361 5155 litteris:
1377 5123 1387 5148 ι
1409 5098 1432 5153 E
1471 5112 1516 5153 em
1530 5097 1587 5167 die,
1612 5097 1684 5155 obiit
1706 5095 1877 5154 venerabilis

1069 5169 1233 5224 Dominicus
1248 5168 1401 5227 Lorioatus.
1416 5192 1426 5217 »

215 5387 315 5445 Idibus.

1765 5373 1875 5454 nera'

250 5487 331 5556 Apud
345 5489 491 5547 Coloniam
506 5489 679 5564 Agripinam,
696 5488 797 5545 natalis
811 5496 969 5546 sanctorum
985 5489 1187 5562 quinquaginta
1196 5499 1289 5565 marty
1300 5508 1374 5562 rum,
1389 5493 1436 5566 qui
1451 5509 1515 5551 cum
1530 5502 1621 5552 essent
1630 5508 1666 5551 ex
1679 5494 1791 5568 legione
1802 5508 1877 5552 sacra

218 5570 401 5645 Thebeorum,
420 5576 735 5651 apudeamdemurbcm
750 5594 862 5636 cursum
886 5577 929 5634 sui
944 5577 1039 5650 agonis
1052 5581 1275 5653 compleverunt.
1296 5582 1391 5638 Romae
1412 5582 1459 5638 via
1481 5581 1605 5650 Aurelia,
1619 5581 1709 5640 eaucti
1732 5580 1877 5642 Fortunati

220 5657 359 5730 Lugduni,
374 5663 462 5720 sancti
472 5665 604 5722 Antiochi
616 5665 752 5738 episcopi,
766 5665 815 5738 qui
825 5673 937 5721 strenue
947 5664 1142 5728 administrato
1157 5670 1295 5743 pontificii
1307 5669 1447 5741 culmine,
1464 5672 1499 5729 ad
1516 5670 1591 5746 quod
1604 5680 1766 5746 assumptus
1778 5672 1876 5742 ruent,

237 5764 337 5824 egnum
352 5749 459 5811 celeste
473 5750 587 5824 adeptus
601 5760 652 5811 est.
668 5755 700 5811 ln
713 5754 856 5813 territorio
870 5756 1009 5826 Remensi,
1025 5758 1114 5820 macti
1128 5759 1218 5818 Basoli
1231 5759 1409 5822 contessoris.
