3834 6136
208 220 260 278 903

653 254 659 263 .
696 207 904 288 nuhuvnrau
924 205 1176 265 ruonrucmvsls
1195 203 1366 261 honneur.

1806 192 1864 252 sot

209 377 281 434 vina
297 373 410 432 insidias
426 386 579 446 perpessus,
594 370 628 427 ad
643 368 760 441 palmam
774 366 900 438 martyrii
915 381 1006 439 usque
1021 371 1047 431 Α
1061 372 1117 419 tam
1132 361 1254 434 seperius
1267 359 1369 416 fldem:
1386 366 1413 415 et
1424 358 1447 415 si
1464 357 1547 415 dictis
1561 356 1631 413 meis
1645 355 1730 412 sudem
1756 370 1864 411 accom-

211 464 337 540 perveuit
364 482 370 521 :
396 461 475 535 cujus
495 461 579 518 etiam
605 457 695 531 passio
718 471 802 529 penes
817 472 868 512 uos
892 454 1009 512 hahetur

212 553 323 630 (infru).

371 658 483 733 Aigalfo
497 674 523 713 ee
535 655 685 727 adjungent
697 651 849 710 Cenomani.

247 762 274 819 ir.
293 761 355 819 Non
369 760 462 833 dispar
469 759 572 815 interea
586 754 652 812 huic
666 753 768 811 visioni
779 753 808 809 in
824 749 1011 809 Cenomanica

211 852 280 909 urbe
302 848 429 924 apparuit
451 847 523 904 visio
539 856 561 915 ¹,
577 854 608 901 ut
632 843 738 902 scilicet
759 848 902 915 pergentes
912 845 939 896 et
959 838 1010 912 ipsi

212 942 241 998 in
256 941 379 998 eamdem
396 937 578 1012 provinciam,
595 951 693 1007 corpus
717 932 897 989 transferrent
911 929 1012 986 sororis

212 1032 239 1088 S.
265 1029 419 1097 Benedicti,
443 1026 619 1084 Scholastica
644 1024 767 1091 nomine,
783 1030 813 1078 ut
834 1037 902 1094 quos
929 1018 1012 1076 unius

212 1136 289 1176 arne
306 1116 423 1174 hahebat
438 1115 569 1187 spatium,
583 1111 668 1169 simul
684 1108 866 1166 transferendi
881 1107 1013 1165 ostende-

212 1215 319 1266 rentur.
337 1206 405 1264 Cum
424 1205 509 1277 igitur
529 1203 660 1275 utrinque
686 1200 866 1268 laboraretur,
880 1208 1014 1272 quatenus

212 1297 330 1356 visionis
343 1293 495 1351 manifestae
511 1308 567 1348 non
582 1306 677 1363 segnes
691 1289 883 1345 invenirentur
896 1304 1014 1345 exsecu-

213 1400 305 1454 tores3
323 1384 417 1458 paucis
441 1381 591 1439 admodum
614 1380 712 1437 diebus
736 1379 881 1437 transactis
894 1395 910 1435 a
922 1394 1014 1450 supra·

216 1477 291 1535 dicta
306 1472 489 1534 Cenomanioa
504 1472 571 1529 urhe
584 1471 696 1543 egressi,
712 1471 817 1528 oraculi
837 1468 927 1527 divini
939 1467 1016 1525 audi.

217 1578 292 1627 tores
311 1565 461 1639 carpebant
476 1565 528 1619 iter
535 1560 643 1619 Italiam
658 1561 779 1618 ducens:
794 1559 1016 1631 divertentesque

214 1657 244 1714 in
260 1655 458 1713 monasterium
474 1652 628 1710 Floriacum
645 1649 804 1724 hospitandi
821 1649 917 1721 gratia,
935 1663 1017 1705 com-

1063 450 1230 520 modaveris,
1240 448 1365 506 fortassis
1379 448 1461 504 etiam
1486 445 1596 519 negotio
1614 452 1664 502 tuo
1680 441 1860 516 profuturum

1064 543 1127 599 erit.
1143 543 1199 599 ista
1212 556 1278 598 vero
1291 556 1355 596 cum
1371 536 1520 611 predictus
1534 535 1583 593 Dei
1608 532 1734 591 bmulus
1753 532 1866 588 auribus

1064 629 1210 699 hausisset,
1226 629 1350 701 cogitans
1366 627 1431 701 quia
1444 627 1474 682 in
1488 623 1612 697 antiquis
1633 630 1676 680 est
1689 620 1830 694 sapientia
1842 630 1868 677 et

1065 735 1157 777 rerum
1172 720 1373 793 praeteritarum
1388 716 1521 789 cognitio,
1541 722 1672 786 reputans
1693 711 1780 769 etiam
1799 711 1868 769 sieut

1066 824 1162 886 postea
1175 813 1214 869 rei
1229 811 1356 886 probavit
1371 817 1496 877 eventus,
1508 814 1619 881 propter
1633 805 1688 863 hoc
1700 805 1794 878 ipsum
1809 820 1866 861 euru

1066 904 1216 961 Dominum
1241 901 1416 975 praemisisse,
1438 897 1617 970 compellanti
1648 894 1809 952 exordiae
1832 895 1869 951 rei

1067 1007 1146 1072 gesta
1161 998 1252 1055 texuit
1266 997 1407 1063 historias,
1422 1011 1475 1069 qua
1500 1009 1583 1050 causa
1605 993 1742 1061 venisset,
1758 1007 1868 1065 quaeque

1067 1087 1138 1143 visio
1152 1095 1264 1158 propter
1277 1085 1349 1142 hauc
1363 1100 1421 1141 rem
1437 1083 1489 1139 sibi
1509 1082 1594 1141 fuerit
1608 1079 1815 1145 demonstrate.
1829 1081 1868 1138 hd

1067 1174 1133 1231 haec
1147 1189 1232 1231 senex
1244 1173 1389 1247 paululum
1406 1170 1619 1244 terraedeiigens
1638 1176 1795 1241 aspectum,
1819 1186 1868 1226 vo·

1068 1279 1181 1337 comque
1196 1263 1269 1319 infra
1283 1263 1375 1320 fauces
1389 1259 1586 1333 comprimens,
1598 1258 1641 1315 sio
1650 1256 1768 1314 demum
1778 1275 1866 1329 orare·

1069 1355 1153 1411 solvit
1170 1352 1215 1409 :Si
1233 1352 1301 1409 mihi
1316 1369 1376 1424 quae
1391 1368 1441 1424 pro
1453 1349 1503 1407 tali
1519 1364 1635 1405 munere
1652 1346 1797 1404 debentur
1807 1366 1865 1423 prae·

1070 1444 1126 1500 mia
1138 1443 1221 1516 digua
1236 1440 1372 1513 rependis,
1384 1441 1441 1497 Deo
1455 1441 1575 1508 favente,
1592 1446 1662 1511 puto
1678 1454 1724 1494 me
1738 1438 1814 1496 ocius
1826 1456 1866 1498 ne·

1071 1535 1145 1608 gotio
1160 1533 1243 1589 finem
1258 1531 1436 1606 perfectionis
1446 1530 1598 1603 imponere,
1614 1537 1758 1603 quatenus
1772 1530 1867 1604 probis

1071 1624 1172 1699 quihus
1187 1623 1308 1679 laborem
1324 1621 1394 1679 tanti
1411 1619 1520 1677 itineris
1544 1618 1725 1693 assumpsisti
1749 1621 1867 1693 peractis,

215 1755 346 1822 perorant
373 1745 519 1820 praefatum
545 1743 731 1802 venerabilem
755 1739 846 1796 virum
871 1738 1014 1811 Aigulium
1029 1736 1053 1796 B
1071 1727 1158 1769 ⁰V³¹¹⁸
1172 1709 1206 1766 ²d
1220 1711 1331 1784 ΡῘὌῙ)τὴ
1342 1709 1471 1782 Γθρθᾱῃθ
1485 1725 1578 1783 (ἶῃωι
1595 1707 1687 1781 ΗΠῘΜ
1710 1724 1778 1780 “⁸⁰
1796 1709 1868 1767 Μ

216 1837 361 1910 praeceptis
373 1834 480 1892 abbatis
495 1833 540 1890 sui
556 1832 752 1905 obsequentem
765 1829 839 1886 idem
865 1827 937 1884 velle
959 1827 1012 1884 iter

214 1944 343 2001 arnpere.

303 2047 388 2104 noma
404 2044 519 2100 lustrato
540 2041 681 2101 Cassiorum
695 2039 782 2113 pergit
796 2037 922 2111 Aigostis.

249 2143 277 2202 b.
292 2145 380 2218 igitur
402 2140 545 2199 communi
561 2141 673 2198 decreto
688 2147 807 2213 roeptum
833 2154 903 2210 opus
927 2134 1013 2192 simul

216 2239 342 2291 statuunt
356 2247 494 2304 peragere,
505 2229 650 2301 junctique
666 2228 750 2284 simul
767 2225 865 2282 tandiu
889 2223 1014 2280 indivisi·

215 2322 311 2379 hiliter
325 2320 377 2377 sihi
403 2319 552 2388 adhaesere,
573 2333 715 2393 quousque
737 2317 850 2373 Romam
875 2313 1016 2370 venientes

215 2412 247 2469 B.
272 2412 345 2468 Petri
370 2409 513 2467 basilicam
534 2408 638 2465 oraturi
663 2407 807 2463 iutrarent.
833 2406 870 2460 At
893 2419 956 2460 cum
987 2401 1016 2457 in

216 2501 310 2558 eadem
325 2500 393 2556 urhe
408 2499 459 2555 suh
474 2498 589 2555 obtentu
601 2495 782 2552 visendorum
796 2502 955 2550 sanctorum
970 2491 1016 2548 lo-

216 2605 311 2648 corum
327 2604 380 2643 ase
395 2588 516 2643 invicem
531 2585 734 2653 dividerentur,
746 2582 924 2640 utreiautem
935 2580 1017 2637 habet

217 2675 332 2744 veritas,
348 2676 490 2747 negotium
506 2674 580 2748 quod
603 2682 741 2746 eruperant
765 2671 927 2745 perfecturi3
954 2686 1017 2725 me-

217 2772 340 2820 moratus
355 2763 485 2833 Aigulius
499 2761 666 2818 intermissis
678 2761 789 2817 interim
800 2760 912 2833 hisquae
926 2759 1015 2833 palam

217 2858 401 2909 ostentaverat
419 2852 501 2919 velle,
518 2852 642 2908 locorum
658 2851 765 2909 scilicet
789 2860 945 2908 sanctorum
965 2849 1016 2908 cir·

1067 1821 1131 1864 curn
1145 1802 1191 1858 vir
1202 1801 1253 1858 Dei
1266 1801 1420 1874 perorantis
1434 1799 1664 1864 audissetdlulla,
1681 1798 1810 1874 inquam,
1823 1800 1869 1857 erit

1067 1895 1097 1950 in
1111 1885 1225 1946 munere
1240 1888 1331 1945 dando
1352 1889 1501 1947 difficultas
1521 1888 1590 1961 quin
1609 1887 1711 1945 omnia
1730 1904 1868 1962 queam

1069 1980 1159 2056 poscis
1173 1978 1246 2048 dem,
1262 1986 1371 2035 tautmn
1387 1987 1429 2035 est
1446 1987 1478 2036 ut
1493 1978 1690 2052 promissionis
1703 1985 1761 2036 tuas
1775 1994 1869 2036 memor

1069 2069 1146 2126 dicta
1161 2066 1241 2123 iactis
1257 2082 1458 2139 recompenses.
1469 2066 1640 2124 Adhecille
1655 2085 1662 2125 :
1676 2066 1764 2137 Cum,
1777 2067 1867 2141 iuquit,

1070 2155 1196 2227 lusilugae
1210 2157 1300 2213 noctis
1314 2164 1436 2227 tempora
1450 2153 1652 2226 conticiniique
1662 2159 1757 2210 metas
1771 2155 1867 2229 propin·

1070 2258 1153 2316 quare
1168 2242 1352 2316 prospexeris,
1360 2249 1390 2297 tu
1400 2258 1434 2298 ue
1444 2241 1478 2298 ad
1490 2241 1632 2299 modicum
1639 2241 1758 2316 quidem
1767 2243 1867 2317 indulge

1070 2332 1167 2404 quieti,
1184 2332 1232 2388 sed
1246 2331 1311 2388 tecti
1326 2330 1409 2404 adyta
1424 2330 1563 2405 linquens,
1578 2331 1655 2388 nudo
1670 2331 1728 2388 sub
1744 2332 1815 2389 aeris
1825 2348 1868 2389 axe

1072 2420 1224 2478 indefessus
1246 2421 1402 2494 speculator
1428 2420 1532 2478 adesto.
1561 2421 1692 2495 Cumque
1718 2422 1868 2480 solitudinis

1071 2508 1156 2582 hujus
1183 2513 1275 2568 locum
1301 2509 1421 2584 aliquem
1450 2511 1556 2567 lumine
1584 2510 1748 2569 clarissimo
1770 2513 1866 2570 radiare

1070 2601 1248 2672 conspexeris
1262 2599 1337 2657 nivei
1349 2600 1450 2657 montis
1466 2600 1564 2670 instar,
1581 2608 1681 2658 notato
1696 2609 1775 2660 certa
1786 2611 1867 2659 mente

1071 2690 1162 2746 locum
1177 2708 1182 2745 :
1198 2706 1316 2763 namque
1328 2689 1367 2746 ibi
1384 2689 1582 2746 inveniendum
1598 2697 1641 2748 est
1654 2690 1867 2750 uudetuecrrrs

1071 2778 1136 2836 huis
1149 2780 1317 2852 imponatur.

1071 2889 1207 2961 Reliquias
1222 2906 1313 2946 socrus
1337 2890 1365 2946 ira
1391 2890 1508 2947 Galliam
1527 2889 1615 2961 desert
1633 2890 1779 2949 comitibus
1799 2891 1867 2950 cm

218 2941 402 3009 cultionibus,
420 2939 592 3013 expeditioni
608 2956 691 3011 opera
709 2939 796 3008 dedit,
813 2947 921 2996 certans
940 2939 1017 2995 ocius

170 3098 175 3105 Ι
219 3031 349 3104 perlicere
364 3028 438 3103 quod
452 3027 507 3130 sihi
524 3026 680 3099 injunctum
694 3028 783 3129 iuerat
796 3037 920 3085 sanctum
933 3044 1017 3128 man-¹
1108 3060 1133 3114 7·
1151 2979 1658 3132 Igiturpraedictusgfflsr'bisfidem
1681 3059 1754 3117 dm
1779 3059 1865 3118 ”dm

218 3121 324 3178 datum.
354 3118 475 3175 Tandem
499 3127 592 3192 utaque
616 3118 798 3190 pervenitad
825 3119 915 3174 locum
935 3096 1053 3174 castrrC
1755 3105 1764 3130 ³

503 3208 508 3218 ,
608 3208 644 3219 ,,
839 3208 844 3218 ,
926 3207 954 3218 ,,
1010 3206 1016 3217 ,
1071 3157 1163 3206 autem
1188 3150 1335 3218 desiderio,
1365 3151 1454 3223 primo
1487 3151 1589 3224 quietis
1616 3168 1720 3209 somno
1750 3161 1865 3226 persepe

218 3209 292 3284 quod
308 3216 422 3267 vocatur
435 3208 579 3266 Cassrnum
589 3227 594 3265 :
606 3207 910 3281 rhrdemquepaulrspor
924 3215 1016 3262 rtrnerr
1072 3248 1159 3296 stratu
1172 3257 1230 3298 sese
1244 3241 1691 3315 excutiens’praeoeptommsenis
1702 3244 1778 3301 haud
1788 3245 1867 3318 wis

218 3310 302 3368 finem
327 3310 484 3383 immensa
507 3308 684 3381 ⁰x⁸pe⁰²³b³t
707 3315 836 3364 ‘leffium
862 3307 913 3377 ‘⁰5⁹
938 3324 1018 3363 ⁰sa¹¹⁵
1072 3328 1276 3402 obtemperator
1291 3328 1409 3386 exstitit.
1428 3329 1551 3404 Namque
1563 3329 1709 3404 praedictm
1722 3332 1869 3390 solitudinis

219 3401 299 3458 illum
316 3400 363 3474 qui
379 3399 516 3457 visionem
531 3399 659 3471 superius
674 3398 809 3470 prolatam
834 3397 955 3453 revelare
978 3396 1018 3452 di·
1073 3420 1179 3491 plagam
1200 3419 1348 3492 respiciens
1369 3419 1506 3490 conspicit
1526 3419 1637 3476 eminus
1664 3420 1760 3478 locum
1780 3423 1870 3480 lumin

219 3499 318 3564 gnatus
333 3498 385 3559 est,
402 3491 505 3563 quiquo
517 3505 546 3544 se
563 3487 597 3544 ad
615 3487 668 3544 hoc
686 3504 756 3560 opus
775 3486 971 3554 destinaverat,
989 3493 1020 3541 ut
1074 3509 1148 3567 clam
1163 3506 1292 3578 micante,
1307 3525 1358 3565 ceu
1371 3524 1432 3565 cum
1446 3507 1869 3586 luminaribussacibmm

219 3580 318 3636 nonin
334 3594 453 3633 vacuum
469 3584 576 3633 tantum
593 3577 644 3632 iter
654 3575 780 3633 consumi
790 3573 939 3643 vellet,sed
948 3574 1021 3630 sicut
1074 3598 1112 3656 ,is
1126 3598 1203 3655 locus
1217 3597 1321 3670 aliquis
1344 3597 1469 3670 perfusus
1493 3596 1661 3654 mmmm·
1685 3598 1796 3668 Quibus
1814 3600 1871 3658 m

219 3666 383 3739 promiserat
396 3664 503 3720 thecam
528 3663 650 3720 thesauri
675 3662 718 3719 sui
739 3661 765 3719 ei
783 3663 904 3720 revelare
926 3661 1019 3735 digna·
1075 3684 1240 3743 reverendus
1253 3685 1334 3742 hem,
1349 3686 1447 3758 gaudio
1466 3702 1564 3760 magno
1577 3688 1705 3760 repletus
1719 3689 1817 3748 mundi
1828 3690 1869 3747 gp

220 3764 307 3812 retur·
1074 3775 1213 3833 bernatori
1225 3785 1252 3832 et
1266 3776 1428 3833 seculorum
1436 3776 1545 3833 Ilectori
1564 3776 1740 3837 benedicens
1750 3778 1869 3838 iniisdeu

357 3862 398 3919 Ab
413 3862 499 3935 saiwi)
512 3878 570 3917 ‘lli
585 3862 668 3917 wilm
682 3859 778 3915 tumuli*
792 3859 877 3915 iiiiii·
1075 3871 1204 3929 laudibus
1219 3873 1309 3930 noctis
1324 3872 1473 3931 terminum
1486 3873 1676 3947 exspectabat.
1691 3876 1750 3946 Qus
1764 3875 1869 3935 ernau

256 3961 282 4017 6.
303 3961 373 4018 Cum
388 3960 480 4029 itaque
494 3957 612 4029 alicujus
627 3953 699 4029 signi
714 3971 796 4012 causa
810 3953 936 4029 capiendi
961 3957 1021 4012 loca
1074 3960 1246 4032 prestolatus
1253 3961 1385 4032 siluisset,
1395 3962 1515 4036 solisque
1530 3962 1640 4034 glohus,
1652 3962 1779 4024 necdum
1786 3965 1867 4040 jnhars

221 4055 386 4124 peragraret,
402 4055 428 4104 et
443 4046 498 4104 huo
512 4047 632 4120 illucque
647 4044 862 4118 circonspiciens
876 4044 1019 4102 oculorum
1074 4067 1125 4108 ⁸110
1143 4050 1240 4108 mundi
1259 4052 1346 4124 sparta
1356 4053 1448 4127 ampla
1461 4052 1623 4126 &impla-eg,
1638 4054 1676 4112 gd
1688 4056 1786 4115 locum
1800 4056 1868 4114 pm.

221 4137 301 4195 orbes
316 4138 439 4195 volveret
453 4136 565 4194 sedulus
579 4136 747 4211 explorator,
763 4134 935 4207 conspiciens
958 4150 1019 4190 eum
1074 4143 1156 4217 pidug
1167 4151 1295 4217 properas
1308 4144 1387 4216 cuju,
1399 4152 1509 4203 nomo,
1525 4145 1691 4206 exstiterat:
1706 4149 1805 4224 ibique
1814 4151 1869 4208 m,

221 4224 305 4282 h⁰¹1¹⁰
325 4225 437 4299 quidam
457 4226 608 4283 mmmmm
624 4241 759 4281 mimium
775 4223 870 4280 ifebffl
889 4221 918 4280 id
942 4239 1020 4296 iden·
1075 4234 1155 4306 longe
1169 4239 1311 4306 optaverat
1325 4242 1424 4291 cuncta
1434 4235 1589 4306 inveniens,
1601 4239 1798 4312 prosperatori
1804 4239 1867 4298 itiue

221 4322 277 4373 tem
291 4316 332 4372 sic
346 4332 408 4373 eum
429 4317 505 4391 prior
519 4317 619 4373 affatur
634 4331 639 4370 :
653 4316 726 4372 Heus
739 4323 779 4383 tu,
794 4314 895 4388 inquit,
921 4313 1021 4386 quihus
1075 4324 1113 4381 τις
1135 4324 1177 4380 gui
1202 4329 1290 4396 grates
1304 4323 1464 4382 innumeras
1484 4322 1621 4399 repgndpg·
1647 4328 1778 4404 Namque
1793 4330 1866 4389 pm

219 4405 253 4464 ab
269 4406 325 4463 oris
342 4413 448 4462 nostras
460 4405 543 4462 adisti
557 4403 644 4474 sedes,
656 4403 770 4476 cujusve
784 4403 887 4476 negotii
908 4402 1021 4476 gratia?
1075 4413 1169 4469 adiens
1184 4414 1307 4470 locurum
1326 4413 1428 4470 ibidem
1439 4415 1557 4486 invenit,
1569 4433 1603 4473 01
1609 4417 1701 4475 peria,
1716 4419 1825 4494 quidm
1834 4417 1866 4474 ,p

219 4496 263 4553 Ad
277 4495 336 4553 haec
348 4496 397 4552 ille
411 4512 468 4552 non
483 4494 608 4568 indagini
622 4494 700 4552 illius
715 4511 798 4552 ausus
813 4501 853 4552 est
875 4495 1019 4566 propalare
1035 4457 1059 4517 D
1075 4504 1139 4572 rem,
1155 4503 1272 4562 interius
1286 4510 1377 4562 aurem
1393 4503 1557 4564 minentem
1572 4505 1765 4583 magnipfgffi
1774 4522 1863 4583 Μ.

220 4584 398 4642 commissum
412 4584 465 4640 sibi
477 4591 634 4641 secretum:
661 4583 707 4640 sed
726 4601 790 4641 cum
813 4583 912 4640 iterato
935 4599 1016 4656 super
1071 4591 1147 4648 ritas,
1164 4593 1217 4649 Pro
1231 4593 1337 4650 furibus
1351 4601 1442 4651 autem
1457 4603 1540 4668 petrae
1566 4595 1676 4655 scilicet
1699 4595 1865 4672 superponi·

221 4673 280 4746 ipsa
294 4690 323 4729 ῐθ
338 4673 562 4744 i¹¹l⁸ll⁰iii¹lill¹f2
580 4673 638 4746 ipse
652 4679 744 4741 iamin
759 4673 899 4744 negotium
924 4668 1015 4728 dilul·
1071 4679 1183 4752 praefixa
1198 4689 1276 4737 erant
1290 4681 1563 4757 notamina,quorum
1578 4684 1700 4745 interius
1707 4687 1788 4744 hosts
1798 4666 1865 4758 jsotss

221 4779 283 4835 gare
303 4769 446 4830 metueret,
462 4761 520 4819 haec
533 4763 567 4819 ah
588 4762 682 4819 eodem
706 4778 770 4819 sene
788 4763 896 4820 audivit
922 4781 927 4818 :
949 4761 1014 4832 Cur,
1072 4767 1148 4825 bant.
1166 4770 1214 4826 His
1229 4770 1301 4826 sicut
1315 4771 1364 4828 diu
1387 4781 1529 4844 optaverat
1552 4774 1691 4847 inventis,
1711 4778 1865 4852 pamisetos

161 4862 166 4869 ’
221 4851 323 4925 inquit,
340 4866 383 4908 me
398 4851 495 4907 secreti
510 4852 551 4907 tui
566 4868 622 4907 non
634 4851 721 4908 efficis
735 4851 979 4909 consciumiNam
992 4853 1015 4909 si
1073 4854 1156 4916 latere
1185 4866 1370 4933 evacuatoque
1404 4861 1511 4931 locello,
1539 4862 1705 4922 thesaurum
1735 4866 1863 4924 ineman

221 4940 352 4999 delatoris
365 4940 525 4998 scandalum
540 4957 629 5011 caves,
645 4957 758 4998 securus
775 4949 844 5009 esto,
861 4939 890 4995 in
909 4955 951 4996 mo
966 4947 1016 4996 tu·
1073 4945 1155 5002 unius
1169 4947 1306 5020 sportellae
1319 4948 1455 5009 conclusit
1468 4951 1481 4987 l
1495 4951 1568 5021 sinu,
1590 4968 1653 5027 quae
1670 4962 1766 5029 sporta
1782 4953 1865 5012 hute-

257 5098 269 5126 ¹
288 5086 426 5145 Nimirum
442 5085 468 5143 S.
486 5084 614 5143 Bercario
633 5085 763 5158 ejusdem·
777 5085 854 5143 urhis
878 5086 1015 5160 episcopo,

222 5159 293 5217 sicut
307 5160 336 5217 in
350 5159 437 5232 ipsius
451 5159 571 5215 Bercarii
591 5158 655 5216 Vita
669 5166 696 5215 et
710 5159 740 5214 in
752 5159 884 5215 relatione
899 5175 948 5215 seu
956 5175 1016 5215 nar·

222 5232 329 5313 ratione
357 5230 467 5304 propria
481 5230 515 5287 de
529 5229 718 5286 Translatione
740 5232 767 5286 S.
792 5230 967 5288 Scholastica
984 5232 1018 5286 le-

223 5310 305 5373 gutur.

258 5373 624 5432 ¹›l'aulusWarneiridusiu
635 5373 800 5431 lib.vrllist.
815 5375 871 5431 Lan
890 5373 988 5442 oh.,ca
1010 5418 1016 5430 .

224 5439 251 5508 2,
267 5442 305 5499 ait
318 5445 424 5501 eineres
439 5463 529 5504 sacros
544 5445 649 5504 Cossini
674 5444 845 5502 remansisse.
872 5391 923 5503 gui
947 5453 1019 5501 astr-

225 5513 335 5583 pulatur
349 5514 484 5574 Notherus
499 5516 650 5574 monachus
664 5516 800 5574 Gallensis
821 5517 851 5572 in
874 5517 1018 5589 Martyrol.

224 5581 258 5638 ad
274 5599 294 5638 rr
308 5583 372 5639 iulii
394 5588 476 5645 :Nou
498 5590 554 5659 dira,
580 5589 680 5663 inquit,
705 5590 775 5644 locas
798 5588 843 5644 ille
867 5587 1018 5663 (Cominus)

1074 5095 1224 5145 sanctorum
1245 5091 1367 5161 reliquiis
1390 5095 1548 5152 omerodilis
1569 5115 1588 5153 a
1610 5099 1735 5171 fidelium
1754 5101 1864 5156 cersuit

1073 5162 1172 5217 mansit
1189 5162 1286 5218 ieonis.
1297 5163 1368 5220 Num
1383 5163 1483 5235 [ratres
1499 5168 1546 5238 qai
1565 5169 1683 5226 bostium
1701 5187 1798 5228 essem
1816 5185 1864 5227 m·

1074 5232 1135 5314 dere
1142 5240 1298 5316 potaeruat,
1314 5235 1408 5292 iterato
1423 5237 1452 5293 in
1464 5255 1548 5294 anam
1559 5242 1720 5324 conglobati,
1735 5237 1865 5300 erased

1074 5321 1155 5359 oseem
1169 5304 1350 5387 dispersorum
1363 5308 1488 5364 adhibitis
1496 5311 1683 5384 multiplicati,
1697 5329 1790 5372 socrus
1800 5312 1864 5368 eiss-

1074 5392 1127 5445 res,
1140 5392 1238 5449 seipsos
1247 5393 1307 5447 gum
1321 5379 1424 5435 cautius
1438 5387 1550 5452 operates,
1572 5383 1639 5440 setis
1660 5386 1784 5459 religiose
1800 5398 1863 5440 ests·

1074 5453 1140 5502 ruat
1154 5465 1161 5503 ,·
1173 5448 1346 5531 doaecrruper
1366 5449 1535 5521 infestatione
1558 5454 1758 5515 &rumorum
1781 5456 1808 5513 is
1820 5469 1864 5510 oss·

1075 5534 1133 5574 aem
1147 5526 1251 5576 ventam
1272 5521 1387 5604 dispersi
1399 5529 1481 5604 ιιιιιι,
1501 5524 1608 5585 scilicet
1632 5529 1764 5588 monachi
1781 5545 1788 5587 :
1803 5521 1863 5602 quot

1075 5604 1149 5648 auno
1162 5589 1216 5648 884
1232 5591 1364 5650 aecrdrsso
1378 5592 1512 5654 duximus.
