3834 6136
915 287 1067 345 usualia}
1086 286 1248 346 nonacris

741 645 949 722 Mensis
990 644 1318 719 DECEMBER.

873 846 980 899 ΗΑΒΕΤ
1002 845 1074 893 mus
1097 843 1192 894 xxxi.

935 1028 1132 1049 ..ρ-ἣ..

211 1136 350 1198 Kalendis.
1773 1126 1819 1190 Dii
1831 1129 1853 1189 l.

248 1229 353 1294 Roma,
366 1225 466 1281 natalis
478 1231 640 1281 sanctorum
654 1231 808 1295 martyrum
823 1219 940 1276 Cusanti
957 1228 984 1276 et
997 1218 1088 1276 narie
1108 1220 1237 1292 virginis,
1254 1219 1300 1291 qui
1326 1227 1388 1292 post
1411 1218 1524 1286 multas,
1542 1233 1610 1290 quas
1625 1233 1677 1289 pro
1691 1216 1800 1276 Christo
1815 1221 1855 1277 lu-

212 1316 280 1375 crati
296 1317 415 1386 luerunt,
431 1313 581 1387 passiones,
604 1312 674 1384 jussi
690 1320 755 1368 sunt
769 1328 786 1367 a
800 1310 966 1366 Numeriano
986 1310 1151 1378 imperatore
1166 1312 1212 1366 via
1235 1309 1338 1366 Salaria
1361 1310 1390 1365 in
1413 1310 1538 1364 arenario
1561 1308 1677 1380 deponi,
1702 1316 1782 1381 itque
1803 1309 1856 1368 illio

212 1408 339 1464 viventes
352 1413 425 1462 terra
438 1404 616 1483 aalapidibus
629 1404 719 1461 obrui.
734 1405 801 1458 ltem
813 1404 920 1469 Romae,
937 1409 1094 1458 sanctorum
1109 1410 1262 1475 martyrum
1272 1401 1384 1457 Diodori
1401 1399 1557 1473 presbyteri
1573 1407 1599 1454 et
1614 1397 1733 1455 Mariani
1743 1397 1854 1474 diaconi,

213 1513 277 1555 curu
292 1496 355 1556 aliis
364 1495 500 1569 pluribus,
512 1495 558 1570 qui
570 1494 685 1567 jubente
700 1494 813 1567 praelata
825 1493 949 1564 principe
965 1492 1218 1565 martyriigloriam
1229 1490 1416 1548 celebrarunt.
1430 1489 1511 1562 Apud
1525 1489 1671 1546 civitatem
1685 1488 1856 1561 Mogontiaci,

211 1587 311 1644 natalis
333 1587 405 1643 beati
430 1586 531 1646 Albani
555 1584 695 1656 martyris.
720 1585 790 1641 ltem
814 1583 928 1639 civitate
945 1582 1091 1650 Noviomo,
1110 1582 1198 1639 sancti
1214 1582 1297 1653 Eligii
1313 1581 1433 1653 episcopi
1448 1588 1477 1636 et
1494 1579 1672 1646 confessoris,
1689 1577 1772 1651 cujus
1783 1579 1857 1637 vium

213 1677 403 1736 admirandam
418 1677 567 1747 multiplex
580 1675 721 1746 signorum
738 1688 868 1727 numerus
881 1673 1068 1729 commendat.
1088 1675 1149 1748 lpso
1163 1673 1219 1743 die,
1237 1680 1340 1730 sauctae
1358 1671 1506 1742 Nathalioe,
1526 1671 1624 1729 uxoris
1639 1668 1731 1726 sancti
1754 1669 1856 1729 Adriani

215 1767 355 1841 martyris.
370 1764 489 1822 Ciuitate
503 1764 616 1831 Narnia,
632 1765 721 1820 sancti
740 1761 850 1819 Proculi
863 1762 1029 1839 presbyteri.

982 1891 1099 1949 NOTAE.

250 1996 353 2071 integri
369 2003 397 2053 et
411 1995 474 2067 puri
489 2001 554 2050 sunt
572 1995 697 2064 Protea,
712 1995 862 2061 Hermion,
880 1995 1026 2061 Munerat,
1044 1993 1154 2050 Greven.
1171 1999 1198 2048 et
1217 1990 1321 2048 Melan.

827 2098 1029 2174 viniin'ras
1048 2115 1254 2174 carmonis.

250 2217 464 2292 Cogorscribere
474 2217 769 2275 Grisaati'exomnium
780 2218 906 2273 codicum
918 2218 1011 2274 lectio·
1026 2228 1051 2285 Α
1066 2222 1169 2272 verant.
1186 2217 1217 2271 lii
1229 2214 1406 2284 Mopaatiam,
1418 2215 1547 2281 variant;
1566 2213 1657 2289 major
1671 2230 1804 2272 numerus
1817 2222 1858 2270 stit

215 2311 259 2363 ne,
269 2299 384 2364 excepto
400 2290 534 2359 Pratensi,
550 2290 578 2344 in
590 2296 694 2362 quaest
705 2289 1012 2358 Chrhantletllolano,
1067 2305 1083 2343 a
1095 2296 1183 2344 textu.
1196 2290 1226 2345 ln
1243 2288 1372 2354 Greven.,
1386 2287 1491 2342 eieiuste
1504 2287 1599 2357 Nouia,
1609 2285 1780 2362 typographi
1793 2302 1859 2342 erro-

214 2366 243 2422 in
254 2379 308 2439 quo
319 2364 388 2431 solo,
403 2363 515 2431 rectius,
530 2361 740 2432 Chr-ysoatlii'lii
753 2362 886 2420 Munerat.
901 2370 942 2416 est
956 2379 1014 2415 are·
1068 2377 1125 2415 rein
1143 2368 1218 2433 puto.
1236 2359 1350 2416 Codices
1362 2374 1457 2414 omnes
1473 2376 1523 2434 pro
1541 2365 1621 2413 textu
1640 2359 1722 2414 citati
1736 2365 1763 2413 et
1778 2357 1858 2432 probe·

213 2438 303 2492 acria.
318 2435 436 2490 Greven.
450 2441 476 2489 et
493 2433 593 2489 llolaii.
612 2431 772 2489 duriuscule
790 2433 894 2503 legunt,
914 2450 945 2487 ae
960 2433 1015 2487 illie
1068 2432 1154 2487 tiores
1168 2432 1269 2504 quique
1282 2438 1442 2487 constanter
1456 2431 1581 2487 scribunt
1596 2430 1736 2488 Nathalioe
1749 2445 1781 2486 ac
1798 2431 1859 2488 Pra-

214 2523 264 2582 pro
282 2514 370 2578 atqae.
400 2505 481 2561 Solus
496 2505 615 2561 Greven.
636 2504 719 2559 hahet
734 2504 843 2562 Diodoti
862 2512 890 2559 et
904 2505 1015 2559 celebra·
1069 2504 1122 2558 cali
1134 2503 1290 2575 presbyteri.

893 2629 1194 2687 OBsERVhTIONES.

252 2730 282 2785 ln
296 2729 415 2784 vetustis
428 2726 816 2799 Martyrologiisnonunodie
831 2727 915 2782 recoli
933 2727 1015 2797 Chrp·
1071 2743 1100 2781 ea
1116 2743 1175 2799 quaa
1191 2725 1272 2783 habet
1288 2726 1341 2782 Gre
1360 2725 1436 2781 orius
1454 2726 1623 2785 Turonensis
1636 2725 1671 2782 de
1688 2726 1784 2786 Gloria
1798 2743 1860 2786 uitr-

216 2802 340 2857 santham
367 2807 391 2854 et
414 2800 527 2859 Dariam
551 2798 674 2854 diximus
703 2815 772 2855 xxix
795 2798 967 2853 Novembris.
985 2798 1016 2855 ln
1070 2806 1082 2853 t
1104 2815 1176 2867 runi,
1192 2813 1250 2870 cap.
1271 2798 1314 2853 38.
1335 2742 1375 2853 lie
1388 2805 1546 2855 sanctorum
1563 2799 1797 2859 translationibus
1810 2798 1860 2857 vide

216 2869 420 2942 exemplaribus
445 2869 669 2943 Hieronyiniaiiis
693 2885 780 2942 neque
795 2885 853 2923 xxv
877 2869 1015 2937 Octobris,
1099 2870 1248 2924 abilianem
1273 2885 1335 2926 saec.
1357 2887 1385 2927 iv
1403 2868 1557 2941 Benedict,
1574 2878 1645 2944 part.
1659 2887 1680 2941 i,
1697 2885 1759 2946 pag.
1773 2871 1861 2943 albet

217 2959 304 3015 neque
325 2941 441 3001 hoodie
464 2940 564 3013 signati
588 2940 782 3014 reperiuntur3
799 2947 826 2993 at
851 2940 899 2996 illa
917 2940 956 2995 sic
972 2940 1017 2997 ba·
1071 2941 1183 2997 Surium
1198 2958 1256 2997 xvii
1276 2941 1409 2997 ianuarii.

216 3013 283 3071 bont
296 3030 337 3071 xil
352 3011 491 3084 Augusti:
514 3014 613 3079 Roma,
633 3012 733 3067 natalis
758 3017 909 3065 satiatorum
935 3012 1018 3084 Chry-

216 3085 305 3141 saatlii
319 3091 343 3141 at
358 3084 459 3154 Daii'a,
473 3091 497 3141 et
515 3084 561 3156 qai
575 3100 633 3138 eam
645 3083 682 3139 eis
695 3081 770 3163 passi
785 3090 856 3150 sant,
875 3083 1016 3150 Claudias,

217 3157 330 3212 Heloria
363 3156 455 3220 lason,
480 3156 594 3212 Mauras
615 3160 639 3207 et
661 3155 757 3208 milites
784 3170 849 3209 ixx.
874 3155 1019 3209 Ponuntur

216 3227 308 3284 denua
329 3200 389 3283 bini
409 3226 496 3285 nostri
514 3241 584 3284 xiix
599 3225 773 3294 Novembris,
784 3225 830 3280 ubi
846 3225 874 3280 iii
886 3226 1018 3282 Observa-

89 3372 93 3380 ·
143 3357 146 3361 ,
218 3299 342 3357 tionibus
364 3305 471 3357 textum
492 3295 656 3364 attulimus;
675 3312 772 3352 verum
788 3304 886 3352 neutro
905 3297 950 3352 die
972 3304 1019 3350 aut

217 3369 353 3427 Diodorus
376 3377 423 3429 aut
446 3367 588 3426 Marianas
603 3366 676 3424 inter
688 3383 782 3424 eorum
806 3369 894 3424 socios
908 3384 1020 3425 connu-

219 3448 370 3503 merantur.
387 3441 608 3499 aeserunium
624 3439 797 3509 Novembris,
814 3456 860 3496 eos
878 3439 1020 3512 adoptavit

218 3511 467 3571 Sacranientarlum
481 3509 621 3569 'l’boinasii
638 3509 705 3582 ipsis
719 3510 805 3564 lerme
821 3511 1020 3580 llieronpmia-

220 3598 320 3640 narum
337 3581 438 3648 verbis,
452 3597 516 3639 cum
534 3581 690 3649 Saturniae,
704 3583 811 3645 Mauro,
823 3588 888 3647 etc,
903 3580 1020 3634 eadem-

220 3668 272 3725 que
292 3658 402 3707 secutus
425 3657 466 3705 est
496 3651 624 3775 vulgatus
651 3652 758 3705 Florus.
788 3649 861 3716 Quid
889 3650 1019 3707 Wandal-

1107 3014 1146 3069 De
1159 3013 1262 3069 Albano
1270 3013 1432 3082 hloguntino
1440 3013 1567 3087 pluribus
1576 3014 1687 3087 egimus
1697 3014 1727 3075 lu
1738 3013 1861 3075 lacunis

1072 3100 1122 3138 iiiii
1138 3082 1224 3152 lunii,
1235 3099 1289 3155 qno
1305 3083 1349 3138 die
1363 3101 1379 3140 a
1393 3084 1504 3140 Rabano
1518 3094 1544 3142 et
1560 3085 1684 3143 Notliero
1698 3087 1778 3145 cousi
1797 3094 1861 3144 natis

1073 3162 1123 3210 est.
1143 3155 1251 3210 Primus
1268 3162 1295 3210 et
1310 3156 1385 3210 salus
1408 3155 1547 3213 Usuardus
1563 3155 1639 3218 hunc
1655 3158 1731 3218 diens
1745 3157 1779 3217 de
1791 3159 1861 3231 egisse

1073 3227 1193 3295 videtur,
1219 3227 1290 3281 forte
1306 3227 1378 3298 quod
1394 3234 1461 3283 tunc
1475 3229 1624 3301 Magantia
1642 3229 1818 3289 festivorum
1830 3244 1860 3287 re·

1073 3298 1126 3354 coli
1144 3297 1336 3366 intellexisset,
1347 3305 1375 3352 at
1391 3298 1419 3353 in
1432 3299 1485 3356 hoc
1500 3298 1597 3370 ma'or,
1610 3300 1736 3370 liubana,
1748 3300 1861 3361 metata

1073 3369 1243 3440 hloguntina
1259 3369 1389 3437 antistiti,
1399 3370 1525 3428 habenda
1535 3317 1613 3440 ddes,
1630 3372 1681 3444 qui
1697 3371 1753 3431 boc
1765 3372 1861 3431 dienou

1075 3442 1192 3497 natalem
1209 3440 1320 3509 Albani,
1343 3441 1390 3496 sed
1412 3442 1602 3497 dedicationem
1623 3443 1745 3502 basilica
1757 3442 1813 3518 ejus
1824 3458 1861 3501 ex·

1076 3512 1245 3584 pressissime
1256 3512 1382 3579 notavit;
1399 3512 1471 3567 unde
1486 3530 1541 3568 non
1556 3515 1640 3570 video
1656 3515 1727 3588 quid
1738 3515 1863 3575 lanatus·

1076 3583 1134 3638 tula
1144 3584 1302 3650 Castellum,
1317 3600 1365 3639 ixi
1379 3583 1453 3638 lunii
1464 3586 1598 3657 apposita,
1610 3586 1690 3660 quasi
1702 3585 1863 3647 ilieaanbris

1076 3654 1210 3727 passiuiiis
1231 3654 1289 3709 dies
1305 3655 1409 3711 censeri
1429 3655 1534 3713 debeat.
1555 3660 1647 3729 Atque
1670 3657 1732 3717 haec
1750 3657 1863 3716 hocloco

220 3722 315 3777 bertus
330 3720 398 3776 velit
412 3737 462 3778 iiiii
477 3719 546 3776 Octo
568 3721 616 3789 ris,
630 3719 704 3778 haud
719 3719 846 3793 equidem
861 3722 927 3776 satis
943 3722 1019 3777 iutel-

221 3792 286 3863 liga.
299 3790 395 3849 allatii
409 3798 436 3846 et
450 3791 600 3849 Frontonis
615 3790 780 3847 Kalendaria
794 3791 867 3848 solos
882 3791 1020 3864 Chrysan-

221 3862 301 3918 thum
318 3867 346 3916 et
361 3861 470 3918 Darium
487 3868 770 3943 cummemorantsiii·
785 3861 922 3931 Octobris,
939 3880 1020 3935 quem
1076 3869 1149 3922 inter
1167 3867 1350 3927 Flandrornm
1364 3868 1652 3946 Brabantinoruiuque
1671 3873 1864 3945 apostolocae

221 3933 295 3991 iliam
311 3948 406 3988 eorum
417 3931 562 3991 festivitati
574 3931 690 3989 soleuini
702 3931 839 3989 stabiliter
849 3936 1020 3991 consecrarit
1075 3939 1129 3996 rito
1144 3947 1328 4009 coiiiputatur,
1353 3940 1391 3997 ita
1413 3939 1546 4013 singulari
1563 3949 1590 4000 et
1605 3951 1743 4017 perpetua
1760 3957 1866 4002 reuen-

223 4005 377 4083 Romanum
389 4001 563 4087 modernum,
580 4018 635 4087 uon
650 4018 687 4061 ex
705 4002 921 4087 sanaremur
939 4006 1020 4060 liare-
1036 4004 1058 4064 B
1074 4010 1149 4066 tione
1167 4017 1225 4065 tota
1250 4011 1337 4081 patria
1361 4019 1455 4066 nostra
1473 4013 1607 4072 celebrari
1626 4014 1787 4075 cousuevit.
1803 4012 1866 4071 leals

224 4090 287 4154 nius
300 4089 356 4154 non
373 4081 462 4141 novit,
481 4072 544 4155 aad,
561 4088 616 4155 nisi
634 4073 725 4145 lallor,
746 4090 780 4135 eri
795 4075 891 4131 Belino
905 4077 1021 4151 aliisque
1077 4082 1173 4140 Adone
1192 4082 1221 4137 iii
1239 4098 1329 4139 sacros
1350 4085 1444 4137 Festos
1466 4090 1540 4139 certa
1564 4085 1668 4143 relatus
1687 4093 1743 4152 est.
1758 4086 1823 4145 ione
1836 4098 1866 4139 01

223 4143 724 4205 codicibusUsuardinisauctioribus.
738 4148 940 4208 Atcertumest
952 4149 1022 4208 ciale
1076 4152 1270 4225 aliqiiocodice
1281 4152 1498 4225 llieronymiana
1506 4156 1623 4213 auctiori
1648 4155 1696 4215 cui
1705 4155 1867 4232 adjectitium

224 4232 273 4289 pro
288 4231 320 4296 ρο
333 4215 378 4273 ilie
388 4215 491 4297 adduci
507 4215 662 4276 Usuardnm
682 4216 783 4292 ipsum,
799 4219 846 4293 qui
861 4220 907 4275 hic
921 4236 936 4274 a
950 4235 1022 4301 eon·
1077 4233 1169 4280 censet
1192 4223 1389 4293 Florentinius,
1412 4232 1508 4297 utpote
1527 4243 1591 4283 cuin
1609 4199 1684 4284 absit
1704 4224 1869 4287 aretustiori

224 4293 309 4343 suetis
332 4287 450 4348 ducibus
470 4303 520 4345 nec
539 4288 573 4347 aii
598 4289 685 4347 latum
702 4304 819 4359 unguem
835 4290 958 4347 deflexit.
977 4290 1022 4345 Sic

223 4358 347 4423 loquitur
361 4358 415 4417 hoc
428 4358 474 4417 die
489 4358 643 4419 nominum
660 4375 775 4432 parvum
790 4378 795 4416 :
817 4362 916 4429 Roma,
938 4362 1021 4433 Cirp-

223 4430 312 4487 saathi
332 4436 356 4485 et
374 4431 468 4489 Duria
482 4437 552 4487 mart
571 4448 642 4497 rani,
657 4437 681 4487 cl
697 4431 811 4486 Diodori
826 4439 849 4485 et
861 4433 1021 4501 Marinianis,

223 4517 283 4555 eain
296 4500 402 4570 infinita
422 4502 592 4557 multitudine
614 4508 775 4573 martyram.
799 4502 930 4576 Sequltur
949 4503 1020 4573 Ado,

224 4570 348 4629 scriberis
361 4572 444 4631 eliam
455 4573 615 4640 Marinioei,
629 4572 835 4644 longioremque
850 4575 936 4630 totius
952 4590 1022 4629 mar-

225 4640 291 4720 tyrii
305 4640 449 4700 historiam
464 4643 603 4714 eleganter
615 4642 790 4710 contrahens,
807 4661 841 4699 ex
856 4661 910 4718 quo
925 4645 1023 4703 Noster

225 4724 328 4782 primas
342 4712 409 4769 duas
432 4712 558 4772 laterculi
572 4715 614 4772 sni
637 4715 865 4773 annuntiationes
879 4717 1020 4785 loriiiaiit,

225 4795 286 4906 quie
309 4781 342 4835 ab
371 4782 434 4836 aliis
462 4799 516 4837 non
537 4792 608 4839 reete
630 4784 746 4839 divulsae
769 4793 843 4856 suut,
865 4803 1022 4859 quanquam

237 4858 313 4907 atear
335 4868 391 4910 nou
409 4853 524 4912 oiuuino
550 4863 676 4914 comare
701 4872 756 4928 quo
780 4855 824 4913 die
850 4874 955 4927 omnes,
978 4861 1022 4915 vel

1075 3725 1223 3789 sufficiant,
1247 3733 1348 3781 crotera
1372 3727 1405 3783 ad
1429 3726 1567 3783 Albanum
1591 3729 1749 3801 spectantia
1765 3743 1863 3802 operase

1076 3798 1104 3854 in
1122 3796 1198 3851 Actis
1213 3795 1351 3851 illustrata
1362 3798 1495 3854 invenies.
1509 3800 1615 3870 illicias
1628 3800 1864 3869 Noviomensis,it

1077 4294 1281 4376 Epternacensj.
1299 4295 1397 4376 Noster
1409 4296 1499 4368 ipsum
1514 4312 1550 4355 en
1561 4297 1660 4356 adone
1670 4297 1869 4425 transsumpsi,

1076 4366 1168 4436 phrasi
1181 4365 1308 4422 nonnihil
1320 4366 1485 4423 modificata.
1498 4366 1565 4433 Qua
1580 4369 1691 4444 plenius
1707 4370 1804 4429 recitat
1837 4369 1869 4427 lo

1078 4455 1123 4492 rus
1146 4438 1201 4495 huc
1219 4453 1273 4492 non
1296 4438 1443 4565 geminent.
1461 4439 1611 4495 Notissima
1636 4449 1678 4499 est
1696 4438 1870 4516 inclytissimi

1077 4509 1163 4566 satiati
1179 4509 1253 4577 Vita,
1279 4525 1294 4563 a
1327 4509 1461 4566 niueae
1482 4510 1699 4584 neiiiomageiisi
1714 4519 1870 4586 composita,

1077 4579 1155 4652 ciijue
1168 4597 1203 4635 an
1218 4581 1369 4651 genuinum
1384 4582 1489 4653 uspiam
1506 4589 1596 4639 exstet
1611 4582 1801 4659 apographum
1814 4597 1872 4641 ace

1076 4651 1141 4708 dum
1153 4651 1226 4709 inter
1238 4652 1361 4708 eruditos
1374 4653 1515 4711 convenit.
1530 4652 1629 4710 Sarius
1642 4656 1870 4728 exemplarium

1077 4738 1133 4779 uon
1152 4722 1271 4802 fideliter
1291 4723 1429 4789 reddidit;
1447 4724 1580 4797 integrior
1594 4734 1636 4779 est
1656 4741 1740 4798 quam
1752 4723 1871 4799 nulgavit

1077 4793 1211 4852 Acherras
1227 4793 1367 4864 Spicilegii
1383 4802 1459 4851 tunic
1475 4796 1507 4854 V.
1522 4795 1596 4863 Quid
1616 4797 1651 4855 de
1665 4805 1764 4859 nostra
1775 4812 1869 4857 manu-

1077 4865 1188 4935 scripta,
1205 4880 1266 4921 cuni
1283 4865 1409 4937 pluribus
1426 4866 1568 4925 codicibus
1587 4868 1690 4927 collata
1713 4868 1868 4927 maenum

1077 4936 1122 5003 sit,
1141 4936 1294 4993 accurat-ius
1305 4954 1353 4993 suo
1369 4939 1429 4993 loco
1442 4937 1618 4997 discutietur.
1635 4940 1735 4998 Solum
1746 4940 1867 5015 Eligiuut,

1077 5023 1138 5063 cuin
1155 5008 1257 5087 niensis
1272 5008 1420 5081 principio,
1436 5009 1629 5069 hodieccciuit
1650 5011 1865 5073 wandalbertus.

1078 5080 1135 5137 uec
1145 5078 1296 5137 distichum
1309 5081 1343 5137 ad
1357 5087 1483 5140 sanctum
1498 5087 1603 5153 spectat
1625 5101 1631 5138 :

225 4937 322 5004 eorum
338 4923 385 5004 qui
400 4925 429 4982 in
445 4924 611 5051 Cthsanihi
627 4927 705 4983 Actis
722 4936 918 4997 memorentur,
936 4930 1022 5002 aliqui

225 5009 297 5067 passi
313 4995 426 5075 luerint.
444 4995 496 5063 Qui
532 4995 606 5073 quod
624 4998 689 5055 licta
707 4998 776 5069 ipsa,
791 5006 821 5055 ut
840 5001 1022 5074 abipoaiano

226 5072 254 5124 el
274 5065 354 5123 Surio
375 5081 411 5126 eii
424 5066 607 5139 Metaphraste
631 5068 705 5125 edita
723 5078 797 5137 sunt,
819 5088 873 5126 non
896 5088 1020 5143 magnam

225 5136 309 5197 tidem
343 5146 510 5219 nascantur,
531 5147 601 5199 teste
625 5140 744 5200 Baronia
771 5141 803 5199 ad
828 5158 929 5201 aurium
958 5144 1021 5215 aaa,
1174 5191 1178 5199 .
1203 5191 1207 5201 .
1331 5193 1335 5202 .
1436 5195 1469 5206 ..

225 5208 525 5290 nunt.l,ubiaorrapla
545 5211 1022 5340 'renuntiataliaimsostararaspi-
1140 5189 1534 5307 ξῗιὶζῗᾈέῗᾝῗζόηὲΡΙΩῬ
1553 5196 1616 5311 ωωι
1629 5197 1802 5308 '¹¹³⁶oeth

225 5295 325 5334 manain
342 5281 520 5339 addaclaeru
540 5289 789 5353 ittsipsaeaactias
823 5285 1020 5358 inquirentibus.
1304 5268 1320 5311 α
1453 5271 1472 5319 ⁸
1521 5271 1606 5320 ''m‘'
1648 5273 1740 5312 ⁰³⁰³·

225 5349 401 5425 Disquisivit,
421 5370 476 5411 nan
490 5353 528 5410 ito
542 5354 659 5436 pridem,
674 5354 870 5437 ‘tillemontius
883 5365 951 5437 tom
972 5358 1057 5428 lV,G
1110 5359 1249 5429 Natalia,
1272 5360 1387 5419 Adriani
1412 5371 1483 5419 mart
1506 5364 1543 5423 ris
1569 5364 1687 5439 conjux,
1711 5382 1728 5423 a
1757 5365 1863 5424 humill

226 5433 286 5541 pag.
312 5423 372 5493 toi,
390 5426 530 5502 multaque
548 5433 649 5498 reperit
666 5442 725 5499 qua
737 5428 949 5487 eminentissimi
969 5445 1023 5510 ιιι-ς
1077 5446 1162 5506 pario
1177 5430 1405 5557 diserteJionitur
1420 5451 1471 5490 viii
1486 5380 1657 5510 baptembria
1674 5455 1681 5496 :
1700 5439 1738 5499 Et
1752 5433 1861 5495 Natalia

226 5497 335 5567 naistae
348 5496 681 5552 censurainoonfirincnt.
699 5498 795 5552 Utrum
811 5506 1022 5574 veroreperturr
1078 5501 1137 5558 Ado
1166 5502 1262 5561 eodem
1304 5503 1402 5561 iasub
1426 5505 1660 5567 lluemliistoriae
1676 5508 1776 5570 assern
1794 5507 1861 5582 ipsiu

226 5573 313 5637 simus
327 5566 627 5645 eaeriiptoiialireoiera
645 5577 672 5622 et
695 5569 826 5638 fideliora,
846 5571 939 5624 latine
963 5587 1022 5625 coa·
1077 5572 1233 5631 Biatnti'nm
1251 5576 1413 5647 eaaoiposse,
1430 5583 1458 5635 et
1480 5584 1541 5651 post
1558 5595 1661 5651 paritor
1683 5581 1741 5639 dias
1753 5579 1861 5637 ademit!

226 5635 335 5696 euripus,
346 5631 379 5686 dc
389 5635 598 5704 quibusibidem
610 5640 738 5695 meminit
752 5640 1022 5709 Baronius,iiecduu1
1076 5644 1118 5696 sai
1128 5644 1313 5700 dormitionem
1327 5648 1475 5718 accepisse;
1501 5650 1632 5720 sepultam
1655 5667 1723 5708 vero
1747 5641 1859 5706 siaiu
1904 5670 1907 5715 i

225 5707 396 5779 cunipertum
419 5705 514 5783 habeo.
542 5707 675 5764 Caeterum
698 5710 732 5765 de
749 5726 814 5766 vero
839 5711 972 5785 martyria
994 5719 1022 5768 et
1075 5714 1233 5770 Decembris.
1249 5714 1321 5772 Satis
1336 5726 1410 5790 patet
1423 5718 1593 5777 hincansaui
1608 5721 1715 5794 cepisse
1726 5716 1859 5779 Usuarduu

224 5784 316 5851 prisco
333 5785 363 5824 in
379 5787 507 5829 universa
522 5778 645 5856 Ecclesia
660 5781 737 5835 cultu
759 5781 887 5860 dubitare
908 5798 1032 5856 proflua
1073 5792 1107 5841 nt
1129 5784 1266 5842 Nataliam
1289 5787 1342 5844 hoc
1366 5789 1412 5844 die
1430 5791 1589 5847 collocaret.
1606 5792 1647 5847 De
1664 5793 1775 5866 reliquo
1789 5779 1858 5845 videri

216 5856 277 5898 nan
290 5848 390 5898 sinunt
399 5843 486 5900 relata
498 5845 546 5903 hic
558 5858 737 5906 monumenta
749 5850 1024 5927 conrumperent
1073 5856 1400 5930 ponuntquaedemariti
1414 5861 1492 5919 Actis
1501 5861 1626 5919 diximus
1635 5879 1688 5922 viii
1698 5855 1857 5936 Septimia
