3834 6136
151 274 219 334 1267

650 275 770 334 HElllCI
789 273 948 333 MONACHl
968 271 1298 332 AalTlSSIODORENSIS

1731 271 1801 332 1268

149 427 185 485 11
199 425 272 485 diem
282 425 382 498 judicii
399 428 500 500 poenali
515 426 639 485 custodia
655 435 811 498 teneantur,
827 445 879 487 uec
892 427 948 486 siut
964 427 1161 489 Aexcelleutis
1179 427 1314 501 propositi
1334 425 1494 499 complices,
1513 440 1631 482 summas
1647 424 1809 501 philosophi

150 533 213 575 curu
232 517 352 574 Domino
365 534 424 586 suo,
441 517 474 573 de
489 516 589 590 quibus
605 518 737 591 scriptum
751 527 791 576 est
804 538 811 578 :
825 520 950 589 Sequun-

151 613 196 664 tur
210 608 315 679 Aquam
329 624 482 679 quocunque
504 607 574 664 ierit.
594 608 624 665 Si
639 611 733 682 Agnus
747 609 860 683 ubique,
886 624 950 682 ergo

149 705 177 754 et
201 698 241 767 hi,
268 699 400 771 quicum
424 714 494 770 agno
513 708 587 767 suut,
615 698 717 772 ubique
741 716 800 757 csse
821 699 950 757 credendi

150 796 214 846 suut
229 795 254 846 ⁴:
285 789 387 862 quique
412 790 469 845 Deo
492 796 622 846 cernente
650 789 767 858 omnia,
792 796 951 862 penetrante

150 877 259 945 omnia,
289 885 471 949 cognoscente
491 879 586 934 omnia
609 878 800 950 perlruuutur,
824 879 897 935 nihil
921 878 950 935 in

150 974 255 1025 naturas
269 966 432 1040 multiplicis
448 967 579 1024 varietate
597 975 715 1038 constat,
735 969 807 1042 quod
822 986 878 1026 non
898 968 950 1041 ipsi

149 1072 258 1131 quoque
272 1065 396 1124 cernant,
412 1065 565 1129 penetrent,
582 1065 609 1113 et
622 1056 724 1130 absque
744 1057 951 1115 [1111111111-

149 1148 262 1205 cultatis
276 1147 449 1219 oppositione
468 1154 635 1220 cognoscant
650 1147 670 1206 ⁵.
695 1149 799 1221 ltaque,
823 1149 950 1223 quamvis

149 1244 308 1295 sanctorum
333 1238 440 1293 animas
467 1254 601 1312 nusquam
628 1246 658 1311 et
679 1253 821 1311 nunquam
844 1255 860 1295 a
893 1241 950 1296 Deo

57 1324 60 1330 ’
149 1327 253 1397 abesse,
270 1344 301 1384 ac
314 1344 363 1400 per
378 1328 440 1398 boc,
456 1336 482 1384 et
497 1345 605 1402 semper
619 1335 646 1386 et
666 1329 769 1403 ubique
781 1329 843 1401 jure
857 1347 886 1386 sc
901 1331 951 1387 in-

149 1417 314 1475 vocantibus
337 1419 430 1475 adesse
447 1419 622 1489 crediderim,
639 1436 690 1476 nec
713 1420 793 1477 facilc
810 1420 892 1492 dejici
916 1420 950 1477 de

149 1510 285 1566 sententia
310 1511 397 1583 patiar
413 1521 445 1567 ⁰:
471 1511 577 1568 cineres
599 1518 691 1568 tanreu
715 1528 779 1568 suos
808 1528 897 1568 amare
923 1522 950 1569 et

148 1598 384 1670 circumvolitare,
406 1601 498 1675 eisque
517 1612 663 1674 presentes
683 1619 790 1675 semper
813 1602 948 1672 assistere,

147 1708 212 1748 cunr
228 1691 421 1749 incunctanter
431 1693 526 1750 animo
539 1694 635 1763 ieram,
645 1702 704 1750 tum
714 1701 871 1751 constanter
883 1709 949 1751 voce

1005 517 1171 586 sanctitatis,
1187 532 1254 589 quos
1268 532 1345 573 sacro
1365 515 1457 573 ordini
1477 531 1670 584 consuescere,
1691 517 1723 574 iu
1742 519 1809 576 reli-

1006 609 1086 679 gione
1101 621 1303 675 consenescere,
1320 605 1471 662 virtutibus
1485 605 1609 675 immori,
1626 622 1752 680 praesaga
1764 624 1810 666 rc-

1005 711 1066 750 rum
1082 694 1169 766 gratia
1183 695 1332 767 praeelegit,
1348 695 1477 752 voluntas
1491 695 1629 764 exercuit,
1650 695 1754 769 pudica
1768 716 1809 772 pa·

1005 793 1114 841 rentum
1130 782 1242 841 devotio
1255 785 1442 857 mancipavit:
1458 784 1521 841 date
1536 801 1662 858 operam,
1685 796 1809 860 praelate

1005 880 1189 953 diligentiam,
1203 879 1300 935 librate
1313 879 1460 948 cautelam,
1472 893 1507 934 ne
1520 877 1642 951 pectoris
1654 879 1744 934 vestri
1759 879 1809 937 do-

1005 969 1140 1026 micilium
1155 970 1269 1043 spiritus
1284 969 1421 1041 malignus
1435 967 1553 1038 inliciat,
1564 985 1599 1025 ue
1616 968 1748 1026 sensibus
1760 970 1811 1028 ad-

1006 1059 1111 1115 mixtus
1126 1058 1234 1115 intimis
1247 1058 1362 1115 incestet
1372 1057 1472 1114 animas
1483 1057 1673 1128 sanctitatem,
1685 1059 1810 1132 splendi-

1005 1149 1206 1225 dissimumque
1219 1151 1300 1208 illum
1313 1149 1403 1206 divini
1418 1147 1600 1206 theorematis
1615 1149 1732 1206 oculum
1747 1148 1810 1209 ille-

1005 1239 1085 1295 cebra
1108 1239 1264 1297 subornata
1282 1237 1467 1313 persuasionis
1487 1236 1648 1294 obnubilet.
1669 1238 1764 1297 Liceat
1781 1241 1808 1297 iu

1005 1345 1055 1385 vus
1069 1330 1152 1386 semel
1168 1336 1328 1403 conceptam
1344 1328 1488 1385 materiem
1503 1343 1561 1383 non
1576 1343 1627 1400 per
1637 1328 1809 1386 111111111-

1005 1421 1146 1478 temneudi
1160 1421 1302 1478 auotoris‘¹
1317 1428 1344 1476 et
1358 1417 1493 1476 sententia
1509 1427 1538 1474 et
1558 1418 1645 1475 lineis
1662 1421 1808 1493 explicare.

1005 1514 1095 1588 Serpit
1108 1512 1216 1586 antiqui
1231 1513 1335 1568 malurn
1349 1511 1435 1567 bostis
1453 1526 1501 1584 per
1519 1527 1619 1568 omues
1634 1511 1730 1569 aditus
1747 1529 1810 1571 seu-

1004 1605 1116 1671 111111;
1145 1604 1192 1659 dat
1221 1618 1249 1658 se
1277 1601 1396 1673 figuris3
1425 1599 1620 1657 accommodat
1648 1601 1807 1671 coloribus,

1004 1692 1125 1750 adhaeret
1139 1691 1229 1758 sonis;
1247 1689 1380 1748 odoribus
1395 1706 1423 1747 se
1436 1689 1569 1762 subjicit3
1586 1690 1809 1767 1111111111)-

147 1782 268 1853 elleram,
287 1800 334 1839 ore
348 1786 505 1858 proloquar,
522 1785 706 1858 privatimque
719 1794 746 1841 et
765 1785 884 1856 publice,
898 1801 945 1841 se·
960 1797 983 1855 Β
999 1782 1098 1851 ribus;
1113 1799 1146 1838 ac
1160 1781 1312 1837 tenebrosis
1326 1778 1530 1850 allectionibus,
1543 1789 1682 1855 tauquam
1696 1783 1808 1856 quibus-

146 1889 230 1930 eurus
244 1874 409 1946 praejudicii,
427 1875 585 1949 profitebor.

185 1961 245 2017 125.
268 1962 392 2035 Cumque
406 1964 441 2018 ad
454 1965 582 2020 Germani
594 1965 754 2020 memoriam
765 1964 896 2035 indiguus
905 1980 948 2021 ac·

146 2069 262 2122 cessero,
285 2055 360 2112 hunc
375 2056 438 2112 fidei
453 2056 541 2111 oculis
555 2057 717 2127 suspiciam;
736 2057 819 2128 hujus
839 2059 948 2129 augeli-

145 2157 206 2199 cam
222 2142 330 2212 laciem,
352 2160 387 2200 ex
399 2145 540 2200 consortio
555 2146 690 2202 sermonis
705 2146 754 2202 Dei
776 2145 948 2218 frequentius

145 2226 321 2300 illustratam,
340 2231 460 2305 ipsisque
475 2231 585 2304 regibus
603 2233 784 2302 tremendam,
801 2234 948 2307 aliquoties

144 2319 366 2392 contemplab0r;
380 2320 439 2392 ejus
453 2320 539 2376 animi
555 2322 715 2394 gravitatem
732 2323 862 2381 comitate
876 2340 946 2380 con-

144 2408 241 2479 ditam,
254 2411 387 2484 propositi
397 2411 751 2479 constantianr,senectutis
764 2414 946 2469 reverentiam

144 2498 303 2556 admirabor
327 2501 564 2574 procumbensque
587 2503 737 2574 sepulcro,
765 2518 796 2559 ac
820 2509 946 2559 sanctum

143 2588 306 2646 deosculans
336 2590 478 2663 lapident,
504 2598 634 2663 tanquam
664 2607 726 2648 meo
753 2592 946 2650 imminentem

145 2681 241 2738 vertici
265 2681 417 2737 venerabor
446 2682 619 2740 submissius.
640 2683 782 2740 Interdum
808 2701 892 2755 vero,
922 2686 945 2741 si

143 2772 223 2840 eopia
237 2771 404 2836 conferatur,
420 2772 504 2826 etiam
520 2773 635 2844 vestigia
654 2774 806 2847 stringera;
827 2783 863 2845 at,
879 2776 902 2832 si
917 2775 946 2832 id

143 2875 199 2914 uon
218 2859 357 2928 dignetur,
374 2861 465 2915 locum
481 2871 564 2929 certe,
574 2863 621 2917 ubi
631 2871 765 2920 steterunt
780 2865 860 2938 pedes
875 2867 944 2939 ejus,

142 2965 199 3005 non
211 2948 322 3005 cessabo
332 2948 583 3006 fideliteradorare.
595 2949 847 3026 Quemqueabsenti
862 2957 944 3014 etiam

142 3040 231 3096 multa
245 3039 404 3113 prestitisse
414 3056 469 3096 uon
483 3041 608 3112 ingratus
618 3043 743 3112 memini,
759 3061 899 3117 nunquam
912 3065 944 3104 eo

1002 1871 1064 1929 daur
1080 1871 1200 1939 nebulis,
1214 1869 1312 1942 implet
1322 1885 1417 1925 omnes
1428 1877 1535 1927 meatus
1544 1869 1754 1944 intelligentie,
1765 1889 1806 1947 per

1003 1976 1071 2032 quos
1087 1958 1205 2031 pandere
1220 1960 1315 2015 lumen
1333 1960 1448 2015 rationis
1459 1960 1562 2016 ruentis
1576 1959 1676 2019 radius
1688 1963 1764 2021 solet.
1775 1966 1803 2021 Iu

1002 2047 1055 2104 boc
1073 2049 1155 2116 Deus,
1180 2049 1209 2103 in
1232 2046 1286 2104 boc
1307 2047 1436 2104 voluntas
1459 2047 1589 2118 innoxia,
1613 2050 1644 2105 in
1667 2050 1718 2108 boc
1737 2061 1805 2109 recte

1002 2139 1068 2197 iacti
1090 2139 1220 2196 meritum
1244 2139 1357 2196 relucet.
1382 2140 1455 2196 Deus
1478 2140 1585 2213 ubique
1609 2159 1731 2215 praeseus
1751 2154 1804 2212 est;

1002 2239 1069 2288 tunc
1078 2238 1169 2286 autem
1178 2230 1326 2303 uuicuique
1337 2238 1463 2287 nostrum
1471 2231 1559 2288 simul
1570 2239 1624 2303 est,
1634 2250 1704 2291 cum
1715 2239 1805 2295 mentis

1002 2328 1102 2376 nostra
1117 2317 1225 2374 illibata
1236 2319 1342 2392 puritas
1356 2319 1384 2374 iu
1399 2318 1458 2392 ejus
1469 2321 1619 2391 presentia
1632 2325 1765 2395 patuerit.
1775 2327 1805 2384 Ut

1001 2410 1076 2465 eninr
1099 2409 1176 2465 visus
1201 2407 1344 2465 oculorum
1367 2409 1390 2464 si
1413 2408 1498 2464 luerit
1520 2409 1653 2480 vitiatus,
1677 2413 1805 2488 quidquid

1001 2499 1095 2556 videre
1110 2515 1165 2554 nun
1182 2498 1312 2571 potuerit,
1329 2498 1422 2555 adesm
1437 2515 1494 2555 uon
1508 2507 1590 2572 putat
1606 2502 1726 2574 (frustra
1738 2507 1803 2562 euim

1000 2591 1161 2649 circumstat
1175 2589 1269 2646 oculos
1288 2605 1407 2662 praescns
1426 2590 1518 2663 imago
1543 2607 1653 2663 rerum,
1676 2595 1701 2650 si
1724 2599 1804 2654 oculis

999 2680 1071 2738 desit
1085 2679 1241 2751 integritas)
1251 2697 1257 2736 :
1269 2679 1306 2735 ita
1319 2680 1403 2736 etiam
1413 2682 1498 2750 Deus,
1510 2682 1560 2755 qui
1571 2699 1712 2758 nusquam
1722 2690 1802 2760 deest,

1000 2769 1103 2826 trustra
1126 2769 1240 2842 pollutis
1263 2769 1364 2826 animis
1387 2787 1506 2843 presens
1527 2780 1581 2841 est,
1606 2791 1694 2847 quem
1717 2780 1802 2837 videre

1000 2858 1101 2916 mentis
1120 2859 1229 2918 cecitas
1251 2875 1307 2916 nou
1328 2867 1427 2933 potest.
1450 2861 1513 2916 Nou
1537 2879 1634 2919 meum
1658 2875 1710 2935 est,
1735 2870 1802 2942 quod

999 2946 1071 3017 dixi,
1085 2965 1142 3005 non
1153 2949 1223 3005 urihi
1236 2965 1337 3017 assero,
1354 2965 1409 3005 uon
1424 2949 1534 3007 ascribo
1546 2952 1612 3024 (uec
1623 2954 1700 3012 euim
1709 2957 1802 3016 fortis-

998 3040 1069 3096 simo
1082 3040 1181 3113 cuique
1191 3042 1298 3097 clavam
1309 3039 1342 3097 de
1352 3056 1436 3097 mauu
1451 3039 1535 3097 facilc
1549 3047 1717 3118 extorqueri
1732 3065 1801 3121 posse

140 3133 265 3190 animum
280 3133 449 3206 impulerim,
467 3142 498 3190 ut
512 3134 646 3204 diffidam,
672 3135 747 3193 huuc
768 3155 876 3213 qunque
893 3141 944 3198 rite
960 3154 982 3213 (ζ
998 3129 1146 3199 1133111110)
1160 3127 1234 3200 (1¹¹0d
1249 3128 1408 3200 (1111(1611116
1423 3137 1515 3187 meme
1531 3134 1699 3193 mundanda
1712 3138 1746 3194 ad
1758 3138 1800 3193 li·

139 3226 442 3297 veneratum,praesenti
451 3224 580 3281 etsodulo
593 3228 772 3299 multomagis
780 3229 940 3290 affuturum.

176 3315 219 3370 Ex
229 3315 363 3389 propositi
373 3316 516 3373 occasione
527 3318 630 3390 negotii
642 3320 798 3377 conlectum
809 3305 940 3393 quiddam

137 3414 189 3476 est,
206 3424 261 3480 quo
277 3415 303 3464 et
318 3409 471 3466 temerariis
490 3412 651 3484 scrupulum
667 3413 809 3487 injectum,
827 3425 854 3474 et
878 3418 941 3476 sin-

139 3492 210 3550 ceris
237 3502 395 3551 sanctorum
424 3497 577 3554 cultoribus
605 3498 779 3557 conducibile
805 3519 865 3560 reor
884 3505 940 3560 ali-

139 3582 206 3654 quid
221 3592 397 3655 procuratum
412 3602 418 3639 :
434 3586 534 3658 quibus
557 3587 720 3658 gratandum
740 3591 854 3647 omnino
873 3608 940 3664 per-

137 3692 246 3745 censeo,
268 3677 351 3750 quod,
372 3687 453 3735 rurant
475 3681 539 3738 licet
553 3681 640 3751 venti,
665 3685 791 3754 procellae
813 3686 937 3758 seviant,

136 3771 251 3830 llumiua
280 3776 476 3844 intumescant,
503 3780 600 3836 domus
628 3788 701 3837 certe
726 3783 787 3850 Dei,
812 3782 891 3854 cujus
912 3793 938 3840 et

134 3861 253 3920 cultores
276 3873 302 3920 et
325 3867 446 3921 ministri
470 3877 559 3935 sunt,
588 3867 776 3937 intitubatam,
807 3871 937 3929 immobi-

135 3949 200 4018 lem,
223 3952 441 4026 inviolatamque
466 3955 508 4009 sui
530 3954 636 4010 roboris
660 3964 792 4013 aternum
815 3960 938 4018 obtineat

133 4042 303 4113 firmitatem,
318 4062 380 4118 quae
403 4063 459 4103 non
476 4048 571 4106 fluidis
593 4049 756 4109 incumbens
770 4055 871 4125 arenis,
891 4073 936 4114 ve·

134 4148 195 4187 rum
217 4134 354 4191 columnis
376 4137 534 4194 caelestibus
553 4138 682 4210 subnixa,
699 4151 836 4216 petraque
858 4147 937 4203 unita

132 4223 256 4295 perenni,
266 4224 461 4284 architectante
471 4230 537 4297 Deo,
548 4232 577 4287 iu
586 4232 705 4289 solidum
714 4234 932 4297 roburevaserit.

168 4316 227 4374 126.
245 4318 324 4391 Agite
341 4319 443 4393 itaque,
465 4322 599 4394 spiritalis
612 4323 735 4381 tirocinii
756 4327 934 4398 professores,

130 4408 169 4462 De
185 4407 237 4465 hac
250 4419 342 4466 autem
352 4410 497 4482 Vigilantii
512 4412 686 4486 aliorumque
701 4417 838 4472 sententia
853 4435 934 4490 super

129 4485 203 4535 statu
223 4489 379 4538 sanctorum
399 4490 459 4555 post
474 4484 561 4540 vitam
585 4501 670 4567 usque
689 4487 724 4543 ad
740 4486 841 4559 judicii
855 4490 967 4570 dieml)
987 4504 1032 4559 qu.
1051 4489 1095 4554 12,
1110 4497 1163 4545 art.

997 3214 1118 3273 denium
1128 3217 1215 3272 Deum
1226 3233 1347 3290 paganus
1356 3218 1477 3291 scripsit.
1486 3220 1594 3278 Verum
1605 3239 1641 3280 eo
1650 3225 1711 3299 ipso
1721 3226 1800 3285 Chri·

996 3305 1096 3376 stiano,
1113 3315 1139 3363 et
1155 3305 1302 3378 baptizato,
1324 3315 1351 3364 et
1374 3316 1493 3377 mortuo,
1514 3311 1593 3384 quod
1617 3317 1703 3372 semel
1722 3316 1799 3389 prube

996 3395 1113 3466 dixerat,
1128 3397 1252 3470 ineptum
1267 3398 1321 3454 fuit
1334 3398 1513 3456 obsolescere.
1527 3401 1672 3469 Quorsum
1685 3406 1734 3462 ista
1745 3414 1795 3463 1111

996 3485 1051 3541 1111
1061 3486 1147 3556 petita
1157 3484 1315 3557 principio?
1326 3486 1463 3546 Videlicet
1472 3498 1502 3546 ut
1510 3492 1647 3551 recolatis
1655 3494 1792 3566 seriptum:

995 3573 1176 3630 Adversarius
1194 3581 1285 3630 vester
1303 3574 1441 3645 diabolus,
1461 3585 1597 3652 tanquam
1619 3582 1665 3639 leo
1683 3582 1796 3656 rugiens,

994 3661 1104 3730 circuit,
1131 3679 1256 3735 quarens
1274 3679 1356 3737 quem
1379 3664 1502 3723 devoret.
1525 3668 1586 3725 Et:
1605 3670 1685 3727 Beati
1701 3671 1798 3729 muudo

994 3751 1086 3820 corde,
1102 3754 1233 3823 quoniam
1249 3752 1302 3826 ipsi
1316 3755 1403 3811 Deum
1420 3756 1566 3814 videbunt.
1588 3759 1718 3827 Quorum
1730 3763 1798 3819 alte-

993 3856 1055 3895 rum
1066 3841 1179 3898 cautelae
1189 3841 1309 3915 prolicit,
1321 3843 1439 3901 alterum
1451 3844 1555 3903 diviua
1569 3853 1796 3925 conmmplatioui

992 3932 1135 3989 conducit.

1028 4050 1088 4107 127.
1109 4051 1201 4107 Facite
1229 4051 1352 4109 vicissim
1382 4055 1579 4125 memineritis,
1610 4068 1725 4134 propter
1752 4078 1795 4116 vos

991 4137 1132 4196 Christum
1157 4149 1295 4196 mortuum
1309 4161 1316 4210 ;
1337 4149 1368 4198 ut
1386 4142 1434 4215 qui
1449 4142 1556 4214 vivitis,
1574 4162 1634 4203 non
1646 4148 1707 4220 jam
1722 4148 1793 4204 robis

989 4228 1108 4298 vivatis,
1125 4230 1172 4287 sed
1186 4231 1222 4297 ei,
1234 4231 1282 4304 qui
1296 4248 1344 4304 pro
1358 4232 1438 4289 vobis
1453 4243 1581 4292 mortuus
1596 4246 1640 4293 est
1652 4257 1659 4306 ;
1673 4254 1742 4295 neve
1753 4237 1792 4294 ad·

988 4335 1084 4376 versus
1094 4321 1181 4376 Deum
1192 4320 1295 4392 exejus
1306 4323 1577 4382 munereinssemini.
1591 4327 1723 4401 Accipite
1732 4327 1792 4384 item

1024 4410 1036 4445 ¹
1048 4416 1149 4473 Debeo
1160 4416 1391 4544 eginionelvideri
1403 4428 1491 4500 potest
1502 4421 1668 4503 S3flbomas
1681 4425 1694 4480 1
1709 4432 1790 4498 parte,

1198 4532 1205 4556 ,
1222 4495 1249 4545 et
1266 4489 1345 4558 alrbr,
1363 4490 1410 4546 ubi
1426 4507 1485 4547 eam
1501 4501 1605 4564 repert.
1623 4495 1790 4567 Cognoscere

129 4549 208 4621 plura
222 4553 295 4609 card.
311 4554 495 4611 bellarminus
507 4556 540 4612 de
555 4556 729 4614 Beatrtudine
744 4567 770 4616 et
780 4559 928 4618 Canoniza·
985 4568 1076 4615 tamen
1091 4567 1199 4616 sanctos
1214 4576 1383 4644 quaecunque
1398 4562 1428 4618 in
1440 4564 1522 4620 terris
1533 4564 1569 4622 ad
1584 4582 1614 4622 sc
1626 4568 1790 4638 pertinentia

129 4620 204 4678 tione
218 4632 375 4680 sanctorum
392 4625 439 4681 lib.
457 4643 476 4696 r,
491 4643 550 4698 cap.
568 4627 593 4682 l.

163 4694 252 4750 ‘Haec
273 4696 356 4751 etiarn
382 4696 464 4752 verba
481 4707 545 4754 suunt
569 4698 597 4754 S.
620 4699 803 4772 Hieronymi,
827 4702 926 4774 quibus

127 4777 183 4817 uon
204 4765 340 4836 significat
358 4770 477 4837 rignum,
504 4769 532 4824 id
546 4778 587 4825 est
602 4770 743 4829 Christum
766 4774 853 4828 Deum
869 4773 925 4829 ho-

127 4833 240 4902 minem,
256 4852 313 4892 esse
328 4837 357 4892 iu
372 4839 448 4894 ornari
471 4841 531 4895 loco
546 4843 655 4914 proprie
674 4841 824 4900 secuudum
847 4855 924 4901 natu·

127 4920 184 4960 ram
192 4908 340 4965 humanam
351 4925 427 4982 aeque
436 4925 468 4967 ac
477 4913 628 4969 secundum
640 4912 777 4981 divinam,
789 4931 848 4987 quae
861 4917 925 4972 Ubi·

126 4978 278 5048 quistaruur
294 4989 334 5036 est
349 4980 478 5048 baeresim
499 4983 545 5039 sed
563 4985 641 5041 illurn
656 5001 764 5040 surnrna
778 4987 923 5057 praeditum

125 5063 182 5104 esse
207 5050 333 5108 libertate
355 5053 542 5126 agilitateque,
565 5073 618 5129 qua
642 5073 707 5112 mox
730 5072 787 5113 esse
814 5060 921 5130 possit,

125 5118 281 5196 ubicunque
303 5124 372 5191 vult,
399 5125 479 5180 talem
495 5142 561 5182 vero
584 5127 739 5184 libertatem
768 5128 849 5185 etiarn
866 5131 923 5187 illis

125 5195 353 5251 ccurrnuuicalam
364 5195 402 5250 ait
412 5211 479 5264 esse,
494 5198 540 5270 qui
551 5207 703 5271 sequuntur
713 5202 832 5272 dgnunr,
858 5218 922 5273 quo·

125 5278 186 5319 curn
209 5283 241 5322 ue
255 5267 337 5334 ierit;
356 5282 387 5323 ac
401 5267 516 5339 proinde
532 5269 631 5326 lalsum
646 5287 704 5327 csse
720 5271 803 5344 (quod
823 5288 921 5329 assere·

124 5330 171 5389 bat
186 5283 375 5410 iigtlantius),
391 5355 437 5395 eos
451 5339 493 5394 vel
506 5340 534 5395 in
548 5341 747 5408 sinurlbrahae,
760 5343 802 5398 vel
819 5344 846 5398 in
863 5345 922 5401 loco

124 5405 268 5478 refrigerii,
292 5411 334 5465 vel
349 5409 443 5466 subter
461 5427 535 5467 aratu
551 5413 600 5469 llei
618 5413 760 5470 considere
784 5414 920 5484 detentos,

123 5490 167 5529 aec
187 5481 329 5546 possessis
345 5483 463 5550 tantulis,
484 5491 507 5537 et
521 5483 566 5539 ubi
588 5486 729 5552 voluerint,
745 5487 913 5556 1111111111-

122 5550 213 5602 senaa.
227 5548 321 5616 Vides,
338 5567 392 5606 non
408 5553 474 5622 dici,
498 5554 560 5611 illos
574 5555 675 5626 ubique
694 5557 787 5612 adesse
804 5573 920 5630 praesen-

123 5623 172 5686 tes,
179 5617 331 5747 ⁸{clelqeposse
345 5622 402 5677 suis
418 5625 543 5695 tumulis,
558 5634 586 5685 et
600 5636 648 5685 uba
662 5627 811 5697 volueriut,
827 5627 920 5686 adesse

123 5705 178 5765 pras
257 5705 281 5746 s.
354 5757 379 5771 Ι,

981 4640 1123 4757 qeruntur,
1149 4638 1230 4704 atque
1253 4633 1392 4704 imprimis
1418 4650 1475 4690 sese
1498 4635 1696 4694 invocantium
1719 4648 1788 4705 1111,

979 4708 1059 4760 aocet
1078 4703 1151 4759 idem
1172 4702 1228 4770 22,
1249 4720 1296 4776 qu.
1312 4703 1356 4771 83,
1374 4712 1428 4761 art.
1444 4704 1477 4773 t;
1495 4715 1523 4762 ot
1537 4723 1598 4780 par.
1617 4725 1659 4775 rrr,
1679 4725 1727 4781 qu.
1749 4709 1788 4777 lli,

978 4781 1031 4828 art.
1059 4773 1084 4829 2.
1110 4774 1170 4842 Qua
1192 4789 1257 4829 vero
1283 4775 1389 4831 ratione
1412 4793 1444 4832 ea
1467 4786 1647 4903 cognoscant,
1672 4788 1789 4861 quatuor

978 4853 1043 4900 siunt
1059 4845 1205 4901 doctorum
1221 4846 1377 4915 sententiae,
1388 4847 1481 4919 inquit
1515 4850 1657 4906 ellarmin.
1672 4852 1721 4908 lrb.
1738 4851 1787 4909 cit.

978 4915 1630 5049 1111111111111111
1644 4929 1747 5066 “dam
1762 5001 1788 5051 a

978 5035 1785 5139 Hieronymusvideturinuuere,quodanimaesanctorum,

976 5132 1047 5187 sicut
1055 5138 1137 5186 elram
1144 5131 1246 5203 augeli,
1254 5132 1447 5205 miraquadam
1455 5134 1598 5190 celeritate
1609 5144 1718 5193 natura
1723 5153 1787 5211 quo·

977 5202 1123 5258 dammodo
1134 5202 1189 5258 siut
1200 5203 1312 5276 ubique,
1321 5212 1348 5259 et
1359 5220 1406 5277 per
1416 5204 1565 5262 seaudiant
1575 5222 1674 5279 preces
1686 5208 1784 5281 suppli·

975 5273 1108 5331 cautium.
1119 5273 1188 5330 Vide
1196 5274 1395 5332 Bellarmiuum
1407 5276 1511 5332 ibidem
1522 5276 1595 5335 hanc
1605 5277 1784 5337 refutantem.

1011 5344 1024 5380 ⁶
1048 5347 1077 5401 lo
1102 5346 1224 5417 margine
1245 5344 1351 5405 codicis
1376 5346 1571 5419 Lugdunensis
1595 5349 1689 5407 nostri
1711 5350 1786 5408 auti-

994 5415 1107 5471 uissima
1121 5432 1203 5472 uranu
1218 5417 1319 5474 citatus
1335 5418 1359 5474 le
1380 5420 1435 5474 itur
1448 5419 1586 5488 Fonteium,
1603 5421 1782 5496 nescioquis,

974 5431 1222 5559 Carthaginiensis:
1236 5489 1309 5560 apud
1324 5435 1464 5548 1111111111
1481 5507 1548 5547 vero
1569 5492 1600 5548 iu
1621 5492 1686 5567 ipso
1707 5502 1784 5552 texta

974 5559 1055 5629 paulo
1068 5559 1184 5616 inferius
1199 5559 1316 5632 legitur:
1335 5562 1411 5629 Quod
1424 5562 1535 5633 quidem
1550 5563 1583 5620 dc
1599 5573 1687 5622 mente
1702 5583 1782 5622 man-

973 5629 1112 5710 11111.αά
1126 5630 1267 5686 videndum
1280 5632 1364 5689 Deum
1374 5649 1497 5707 paganus
1510 5635 1639 5692 vocatas
1662 5639 1781 5697 darua-

973 5701 1125 5773 qiacnstbus
1144 5703 1262 5776 scripsit.
