3834 6136
750 251 931 310 OPUSCULA
949 253 995 308 ΕΤ
1013 251 1205 309 herstelle.

1748 263 1802 322 990

143 404 216 461 libet
237 402 391 459 calliditate
406 403 449 458 vel
465 402 571 471 fraude,
587 403 621 460 ad
636 401 736 475 gradus
749 403 947 460 ecclesiasticos
962 407 988 466 Α
1003 419 1101 475 scopos
1110 419 1158 474 per
1175 404 1321 462 universas
1335 407 1493 479 provincias
1508 410 1682 482 constitutos,
1698 418 1800 489 passim

146 490 322 566 peruenerit,
337 491 479 548 decretum
499 501 539 549 est
553 500 585 548 ut
596 493 760 564 deponatur,
776 500 801 549 et
816 494 947 550 domiuus

142 581 208 654 ejus
222 596 288 636 eum
304 580 429 652 recipiat.
455 581 483 636 Si
508 598 573 638 vero
596 598 665 636 avus
680 589 727 637 aut
743 592 829 653 pater,
844 585 878 638 ab
893 583 947 638 alia

144 670 238 745 patria
254 669 283 723 in
297 669 381 723 aliam
394 669 525 740 migrans,
542 669 570 723 in
586 668 680 725 eadem
697 670 840 741 provincia
857 671 946 728 silium

142 760 285 835 genuerit,
302 765 329 814 et
341 757 400 828 ipse
412 757 487 813 lilius
503 757 605 816 ibidem
616 759 759 826 educatus,
771 769 797 817 et
805 759 839 816 ad
847 761 946 833 gradus

135 848 350 908 ,ecclesiasticos
374 855 517 917 promotus
541 847 635 916 luerit,
647 854 674 902 et
692 856 784 904 utrum
802 865 897 905 sertus
909 850 945 905 sit

142 939 306 1013 ignoratum
330 935 425 1003 luerit,
441 943 468 991 et
483 946 577 1008 postea
589 939 704 994 veniens
720 938 850 995 dominus
869 936 945 995 illius

141 1027 253 1100 legibus
268 1041 331 1081 eum
346 1024 515 1096 acaqmsierit,
532 1025 667 1082 sancitum
680 1033 762 1082 estut
776 1028 798 1082 si
815 1027 945 1084 dominus

140 1119 204 1191 ejus
218 1116 262 1173 illi
278 1115 433 1188 libertatem
449 1114 514 1170 dare
529 1115 658 1185 voluerit,
671 1117 700 1172 in
714 1116 800 1188 gradu
815 1133 864 1173 suo
882 1133 944 1189 per·

146 1213 272 1263 maneat.
285 1204 314 1260 Si
326 1221 392 1259 uere
400 1220 462 1259 eum
471 1212 568 1260 catena
578 1206 721 1262 servitutis
732 1207 849 1262 acastris
857 1206 944 1262 domi·

143 1297 218 1354 nicis
232 1293 380 1352 extrahere
391 1294 522 1361 voluerit,
535 1294 649 1366 gradum
664 1296 783 1364 arnittat,
792 1296 855 1368 quia
863 1296 945 1367 juxta

1001 491 1037 546 ad
1052 480 1177 546 ordinem
1203 508 1320 559 sacrunr,
1345 495 1446 568 quibus
1459 497 1537 552 nulla
1552 501 1696 570 natalium,
1722 508 1801 564 nulla

1002 598 1112 636 morum
1128 580 1247 652 dignitas
1261 584 1436 656 suffragatur,
1461 594 1488 642 et
1511 587 1561 658 qni
1573 604 1589 642 a
1603 588 1725 648 dominis
1739 596 1798 652 auis

1002 670 1157 728 libertatem
1170 673 1301 746 consequi
1312 675 1428 731 minime
1438 686 1597 748 potuerunt,
1613 678 1647 734 ad
1658 680 1799 752 fastigium

1000 759 1158 828 sacerdotii,
1179 769 1310 833 tanquam
1332 763 1442 818 servilis
1467 765 1560 821 vilitas
1575 765 1650 823 hunc
1664 765 1798 828 honorem

1000 848 1090 921 capiat
1106 848 1310 920 provehuntur,
1325 859 1353 907 et
1367 850 1478 924 probari
1499 856 1555 910 Deo
1568 872 1647 927 posse
1662 858 1797 917 creditur.

1000 940 1048 1012 qui
1064 939 1178 996 domino
1193 956 1243 996 suo
1258 940 1376 996 necdum
1391 942 1506 1015 probare
1526 959 1554 999 se
1573 946 1674 1015 potuit.
1689 949 1798 1020 Duplex

999 1028 1092 1101 itaque
1108 1029 1137 1084 in
1151 1028 1203 1085 bac
1210 1037 1286 1100 parte
1301 1038 1393 1086 reatus
1403 1041 1455 1099 est,
1465 1033 1539 1103 quod
1550 1040 1577 1088 et
1595 1050 1703 1092 merum
1716 1035 1797 1093 mini·

999 1117 1114 1173 sterium
1129 1117 1193 1173 talis
1202 1117 1333 1175 consortii
1352 1119 1457 1176 vilitate
1472 1121 1617 1192 polluitur,
1630 1130 1657 1179 et
1670 1123 1797 1182 domiuo·

1000 1223 1073 1273 rum,
1089 1215 1222 1279 quantum
1236 1206 1271 1263 ad
1285 1207 1391 1264 illicite
1413 1209 1600 1281 usurpationis
1614 1213 1796 1269 temeritatem

1000 1294 1129 1367 pertinet,
1139 1293 1203 1365 jura
1215 1297 1372 1352 solvuntur.
1389 1296 1432 1352 ab
1448 1295 1491 1352 his
1503 1298 1605 1371 itaque,
1621 1299 1720 1356 iratres
1734 1302 1795 1358 cha-

139 1403 239 1444 sacros
248 1383 360 1441 ordines
371 1382 435 1438 vilis
449 1400 565 1455 persona
576 1401 689 1442 niairens
699 1386 844 1441 sacerdotii
855 1386 943 1458 digni·
999 1385 1113 1453 rissimi,
1132 1401 1227 1441 curiles
1246 1396 1342 1443 vestre
1364 1389 1514 1460 provinciae
1534 1388 1690 1447 abstineant
1709 1408 1795 1449 sacer.

139 1485 201 1534 tate
216 1475 295 1547 fungi
306 1491 362 1532 non
377 1483 476 1546 potest.
494 1477 532 1531 De
546 1475 627 1531 rebus
637 1491 703 1531 vero
713 1475 825 1530 illorum
838 1476 880 1530 vel
899 1492 942 1547 pe·
999 1473 1077 1531 dotes
1093 1494 1099 1531 ;
1116 1483 1142 1530 et
1163 1493 1218 1532 non
1234 1485 1340 1532 tantum
1354 1476 1388 1532 ab
1407 1477 1460 1545 his,
1484 1479 1530 1535 sed
1550 1487 1577 1535 et
1589 1479 1622 1535 ab
1634 1480 1697 1536 aliis
1711 1481 1794 1538 etiam

141 1567 256 1635 culiari,
270 1565 335 1638 quia
349 1582 365 1620 a
383 1564 500 1638 propriis
515 1565 638 1622 dominis
649 1565 776 1622 libertate
791 1565 941 1634 donantur,
998 1567 1045 1638 qui
1061 1566 1188 1638 originali
1201 1566 1285 1622 alicui
1296 1565 1449 1622 conditioni
1460 1566 1573 1640 obligati
1582 1577 1655 1637 sunt,
1665 1570 1794 1625 volumus

140 1667 178 1715 ut
205 1656 239 1712 ad
267 1654 366 1728 gradus
395 1655 594 1711 ecclesiasticos
624 1654 686 1725 jure
714 1664 939 1727 promoveantur,
997 1659 1154 1728 temperari,
1170 1657 1223 1713 nisi
1239 1657 1310 1713 lorte
1329 1674 1424 1713 eorum
1437 1660 1533 1730 petitio
1544 1669 1591 1716 aut
1605 1662 1794 1720 voluntasac-

139 1757 278 1806 statutum
295 1756 336 1802 est
354 1753 385 1800 ut
404 1745 432 1800 in
449 1752 582 1817 potestate
597 1746 781 1831 ⁸dominorum
797 1746 939 1815 consistat,
954 1758 978 1819 Β
996 1747 1118 1814 cesserit,
1129 1749 1176 1821 qui
1187 1748 1294 1820 aliquid
1308 1748 1360 1803 sibi
1372 1750 1400 1804 in
1417 1765 1464 1805 eos
1478 1751 1622 1808 vindicant
1638 1753 1792 1823 potestatis.

138 1848 238 1895 utrum
254 1836 311 1892 illis
329 1835 479 1891 concedere
498 1852 531 1891 an
555 1836 608 1892 sihi
630 1835 773 1891 uindicare
787 1836 938 1893 soluerint.

140 1927 279 1985 Caeterum
295 1925 317 1982 si
338 1933 399 1995 post
411 1925 613 1981 ordinationem
629 1924 735 1997 aliquid
749 1925 938 1998 acquisierint,

139 2016 216 2073 illud
230 2017 392 2072 observetur
416 2015 489 2085 quod
513 2015 540 2070 in
556 2014 710 2072 canonibus
724 2015 758 2071 de
772 2015 939 2072 consecratis

139 2105 217 2163 nihil
242 2104 409 2161 habentibus
429 2104 612 2159 constitutum
636 2112 686 2159 est.
707 2105 746 2160 De
760 2105 938 2161 ecclesiarum

139 2210 210 2251 vero
231 2195 329 2261 servis,
354 2195 495 2249 ceninruni
525 2193 660 2249 sentemia
680 2194 819 2250 decretum
845 2203 886 2249 est
909 2202 940 2248 ut

136 2283 342 2356 archiepiscopi
358 2297 407 2354 per
425 2283 547 2353 singulas
562 2282 718 2354 provincias
731 2283 875 2338 constituti
890 2299 938 2338 no·

138 2383 226 2431 stram
241 2373 443 2438 auctoritatem,
460 2371 623 2443 sullraganei
640 2387 705 2426 vero
721 2371 831 2426 illorum
846 2389 937 2428 exem·

138 2466 202 2538 plar
216 2463 292 2519 illius
316 2479 398 2535 penes
425 2479 453 2516 se
478 2461 609 2527 lnheant,
626 2469 652 2516 et
667 2462 889 2533 quandocunque
904 2461 938 2518 de

138 2551 248 2611 {nmilia
259 2551 381 2608 ecclesiae
407 2551 484 2605 utilis
503 2550 633 2605 laurentus
649 2548 751 2621 aliquis
766 2548 938 2605 ordinandus

135 2653 191 2712 est,
201 2643 230 2698 in
240 2643 357 2700 ambone
366 2642 424 2714 ipsa
437 2642 586 2697 auctoritas
601 2657 692 2696 coram
703 2642 804 2712 populo
820 2642 935 2712 legatur,

135 2745 167 2792 et
182 2750 274 2791 coram
289 2732 478 2790 sacerdotibus
488 2733 531 2788 rel
543 2732 671 2788 fidelibus
682 2733 759 2789 laicis
773 2739 836 2787 ante
851 2750 937 2788 cornu

136 2824 245 2892 altaris,
267 2823 341 2879 sicut
362 2823 501 2879 innostra
520 2822 683 2878 auctoritate
700 2822 867 2888 continetur,
888 2839 937 2876 re-

138 2923 217 2970 mota
225 2912 347 2986 qualibet
356 2912 508 2970 calliditate
520 2911 673 2967 libertatem
685 2919 900 2982 consequantur,
910 2919 936 2967 et

135 3013 200 3061 tum
212 3005 322 3061 demum
336 3004 370 3060 ad
384 3005 482 3077 gradus
498 3003 696 3060 ecclesiasticos
711 3012 934 3075 promoveantur.

994 1839 1082 1896 Debet
1092 1839 1165 1896 enim
1176 1856 1234 1896 esse
1245 1840 1379 1897 irrniiunis
1387 1842 1422 1897 ab
1432 1842 1556 1915 aliis,qui
1571 1844 1674 1901 divinas
1685 1845 1793 1903 militie

994 1926 1080 1983 fuerit
1094 1927 1291 2000 aggregandus,
1308 1938 1338 1985 ut
1357 1945 1373 1984 a
1394 1931 1492 1986 castris
1511 1933 1675 2000 Dominicis,
1691 1933 1792 2004 quibus

995 2031 1095 2072 nomen
1112 2015 1172 2087 ejus
1194 2018 1352 2085 ascribitur,
1379 2021 1465 2075 nullis
1481 2021 1653 2076 necessitatis
1671 2021 1792 2077 vinculis

992 2105 1178 2164 abstrabatur.
1196 2132 1206 2155 ›
1226 2108 1262 2162 Et
1272 2109 1350 2180 quasi
1364 2108 1424 2165 haec
1439 2108 1468 2163 in
1484 2125 1527 2163 me
1540 2109 1717 2180 exponendo,
1734 2109 1792 2166 haec

992 2195 1137 2266 sequentia
1151 2195 1332 2252 subinfertis:
1356 2223 1365 2244 ι
1380 2199 1415 2253 Et
1431 2206 1492 2269 post
1506 2197 1642 2254 decretam
1658 2199 1790 2255 natalium

993 2283 1175 2350 honestatem,
1198 2300 1286 2339 meres
1301 2283 1519 2341 ordinandorum
1535 2286 1704 2356 describens,
1720 2287 1792 2345 hanc

993 2375 1201 2432 conclusionem
1225 2374 1367 2446 subjungit
1381 2377 1454 2446 (Leo,
1469 2377 1563 2431 ibidem
1580 2378 1609 2431 in
1624 2377 1690 2448 line)
1710 2396 1716 2434 :
1733 2380 1790 2435 lloc

993 2464 1085 2536 itaque
1112 2463 1265 2520 admonitio
1289 2464 1549 2530 nostradenuntiat‚
1574 2464 1648 2536 quod
1672 2465 1695 2521 si
1723 2467 1786 2537 quis

992 2556 1109 2609 fratrum
1124 2561 1220 2610 contra
1234 2552 1293 2610 haec
1313 2554 1464 2609 constituta
1479 2554 1573 2610 venire
1587 2554 1744 2622 tentaverit,
1761 2565 1789 2611 et

992 2640 1135 2714 prohibita
1150 2642 1233 2696 luerit
1255 2658 1346 2697 ausus·
1359 2642 1514 2709 admittere,
1530 2659 1546 2698 a
1561 2660 1611 2699 suo
1629 2658 1657 2699 se
1679 2645 1788 2700 noverit

991 2731 1083 2786 officio
1093 2730 1380 2799 sulunouendummec
1389 2732 1595 2787 communionis
1605 2740 1705 2788 nostre
1715 2732 1788 2795 futu

991 2837 1054 2876 rum
1068 2837 1126 2877 esse
1148 2829 1314 2888 consortem,
1334 2821 1381 2892 qui
1406 2821 1499 2877 socius
1513 2837 1571 2876 esse
1590 2821 1680 2877 noluit
1698 2820 1788 2877 disci-

991 2913 1084 2984 pline.
1101 2937 1110 2959 ·
1133 2913 1222 2983 Atque
1232 2911 1400 2983 adjungitis:
1424 2937 1433 2961 ‹
1448 2912 1595 2968 Sciendum
1608 2929 1673 2969 vero
1687 2921 1730 2969 est
1743 2913 1789 2973 hic

991 3020 1047 3059 non
1062 3019 1158 3060 vacare
1173 3019 1189 3059 a
1203 3002 1369 3060 discretione
1383 3004 1538 3060 strationis
1553 3004 1721 3076 specialitate
1735 3008 1788 3062 hec

135 3096 393 3167 Similiterquoque
405 3095 438 3151 de
454 3094 497 3150 his
512 3094 646 3165 agendum
662 3101 781 3166 estquos
796 3094 935 3164 prepositi
954 3119 975 3180 ο
991 3109 1143 3165 pronomen
1155 3094 1269 3164 pluralis
1280 3095 1407 3149 sinirieri:
1430 3093 1476 3147 «Si
1488 3093 1549 3163 quis
1560 3093 1676 3148 fratrum
1691 3103 1787 3150 contra

134 3184 333 3242 canonicorum
345 3194 391 3240 aut
408 3184 607 3239 monachorum
618 3183 787 3239 ordinandos
796 3185 935 3256 expetive-
998 3210 1007 3231 ι
1021 3185 1074 3238 hec
1084 3183 1236 3239 constituta
1245 3181 1341 3237 venire
1351 3181 1509 3248 tentaverit,
1522 3205 1530 3227 ι
1548 3188 1574 3235 et
1585 3181 1690 3253 reliqua
1700 3198 1786 3254 usque

85 3288 88 3292 ’
135 3275 207 3342 rint,
223 3274 315 3331 omem
333 3274 420 3330 lorma
436 3274 657 3330 servandaest.»
680 3273 875 3343 llujusautem
892 3291 935 3331 ca·
990 3273 1057 3331 dum
1081 3272 1291 3346 prosequimini,
1328 3279 1516 3342 «repetamus
1542 3271 1683 3342 superiora
1704 3269 1787 3341 hujus

131 3363 219 3436 pituli
239 3370 332 3420 tenore
356 3374 509 3437 perspecto,
532 3378 693 3434 responsum
712 3363 746 3418 de
762 3362 935 3418 ordinatione
990 3364 1150 3435 epistolae.»
1180 3361 1281 3417 Scitote
1304 3376 1355 3416 nec
1379 3359 1451 3414 istud
1476 3362 1522 3414 boe
1550 3360 1697 3431 singulare,
1712 3360 1787 3430 quod

130 3454 229 3510 clerici
248 3455 333 3509 vestri
345 3470 449 3520 meum,
466 3453 488 3506 si
504 3468 519 3507 a
534 3469 577 3506 me
592 3452 697 3508 factum
711 3461 762 3520 est,
775 3461 898 3525 tempore
908 3462 936 3510 et
989 3453 1110 3525 pertinet
1123 3452 1157 3506 ad
1172 3465 1279 3515 ornnes,
1295 3466 1311 3504 a
1325 3450 1403 3505 beato
1412 3463 1480 3519 papa
1490 3449 1579 3504 Leone
1594 3448 1725 3518 positum,
1735 3463 1787 3506 nec

132 3544 196 3600 loco
212 3561 276 3602 cum
293 3559 417 3612 congruo
432 3551 498 3596 tunc
512 3540 646 3596 canonico
660 3550 826 3612 exspectate,
843 3549 872 3597 et
887 3544 936 3600 in-
990 3545 1042 3599 ista
1052 3545 1105 3598 baec
1116 3541 1300 3614 pronominis,
1315 3558 1376 3614 que
1390 3541 1544 3611 respiciunt
1553 3540 1588 3595 ad
1602 3555 1785 3612 unumquem-

132 3641 207 3691 terea
222 3634 257 3688 de
272 3648 334 3687 niea
356 3630 499 3702 irregulari
523 3630 696 3686 ordinatione
713 3630 838 3702 judicare
857 3633 935 3688 desi·
989 3649 1052 3706 que,
1076 3647 1136 3705 quae
1157 3633 1201 3687 vel
1225 3631 1352 3703 superius
1375 3629 1409 3685 de
1433 3629 1555 3701 ejusdem
1580 3629 1690 3685 statutis
1710 3646 1786 3701 pape

129 3726 208 3794 stite,
224 3724 356 3796 quoniam
371 3730 513 3778 accusator
532 3722 615 3777 simul
628 3730 656 3778 et
666 3721 754 3793 judex
774 3739 830 3780 non
845 3724 932 3781 eritis.
989 3723 1187 3796 praeposuistis,
1202 3730 1249 3777 aut
1266 3723 1381 3778 inferius
1391 3721 1568 3794 subjungitis,
1578 3730 1605 3778 et
1616 3722 1688 3778 sicut
1699 3721 1786 3778 vultis

131 3814 279 3872 Adsertim
294 3813 478 3869 nibilominus
493 3813 521 3867 in
533 3813 586 3868 hoc
601 3811 666 3884 quid
678 3812 730 3884 ipsi
746 3813 779 3869 de
794 3814 933 3885 posterio-
988 3815 1137 3885 exponitis,
1154 3814 1183 3868 in
1193 3813 1245 3870 hac
1254 3812 1288 3869 de
1301 3830 1353 3886 qua
1362 3813 1442 3885 agitis
1452 3813 1563 3885 querela
1572 3810 1703 3883 quiddam
1715 3810 1785 3866 mihi

130 3906 210 3964 ribus
220 3906 343 3963 scribitis
356 3904 519 3970 carronibus,
535 3914 566 3959 ut
581 3905 675 3960 nullus
691 3903 840 3960 servilibus
853 3905 933 3962 colo-
988 3904 1101 3959 obviare
1111 3923 1120 3969 ;
1130 3903 1194 3977 quia
1203 3918 1253 3958 nec
1264 3903 1389 3973 intelligo
1403 3918 1454 3958 nec
1465 3901 1589 3957 intellexi
1600 3900 1786 3957 admittendos

131 3997 275 4070 uariisque
284 3994 495 4053 conditionibus
506 3995 643 4065 obligatus
650 3994 732 4065 juxta
744 4003 846 4051 statuta
860 3997 933 4053 sedis
987 3993 1022 4048 ad
1036 3994 1147 4048 ordines
1161 4009 1253 4049 sacres
1270 3993 1398 4048 servituti
1424 3991 1569 4059 obnoxios,
1586 3990 1639 4046 nisi
1660 3990 1785 4047 libertate

130 4088 294 4160 apostolice
306 4088 341 4142 ad
351 4087 470 4141 honores
481 4085 683 4141 ecclesiasticos
693 4085 866 4154 admittatur,
878 4087 932 4142 nisi
988 4081 1164 4137 dominorum
1190 4098 1303 4135 sumum
1329 4082 1458 4146 donatos,
1485 4096 1573 4153 neque
1592 4081 1720 4135 inventes
1738 4087 1785 4136 aut

130 4177 211 4249 prius
226 4184 274 4232 aut
287 4184 463 4243 testamento,
479 4185 525 4231 ant
546 4192 595 4247 per
609 4176 717 4232 tabulas
731 4192 792 4231 eum
811 4177 932 4247 legitime
988 4170 1109 4226 detectos
1124 4176 1214 4224 statuo
1231 4171 1398 4234 retinendos,
1411 4169 1542 4239 nequead
1557 4169 1608 4224 hos
1623 4171 1723 4240 pmcn
1736 4168 1785 4223 vi-

83 4268 86 4276 '
130 4266 289 4323 constiterit
312 4265 479 4320 absolutum.
506 4266 572 4332 Quae
601 4265 624 4319 si
653 4265 931 4338 quisepiscoporum‚
986 4263 1103 4318 duarum
1125 4258 1310 4326 maritos,aut
1329 4257 1783 4329 quibusnumeresaluerintcon·

131 4355 193 4427 ejus
214 4355 260 4427 qui
283 4354 427 4410 ordinatur
449 4353 638 4410 conditionem
662 4355 761 4422 sciens,
778 4356 931 4427 transgredi
985 4349 1071 4422 jugia,
1087 4349 1145 4403 ullo
1168 4357 1247 4419 pacto
1262 4346 1406 4418 acquiesco
1427 4346 1471 4400 vel
1487 4344 1612 4416 acquievi
1632 4344 1782 4415 suscipien-

130 4444 402 4518 perordinationem
419 4443 570 4499 inhibitam
589 4443 704 4498 sortasse
719 4445 848 4512 voluerit,
864 4447 928 4502 anni
945 4478 969 4536 D
987 4437 1036 4494 llos
1053 4458 1058 4495 :
1075 4453 1164 4509 neque
1179 4436 1289 4509 aliquod
1304 4435 1392 4506 turpis
1411 4433 1481 4489 lucri
1501 4433 1592 4497 fenus,
1610 4440 1658 4487 ant
1672 4448 1722 4487 auo
1736 4439 1784 4487 aut

128 4533 223 4606 spatio
235 4533 330 4589 missas
342 4534 430 4590 facere
441 4550 496 4589 non
508 4533 715 4604 praesumatDe
725 4535 839 4590 scientia
848 4535 932 4607 hujus
986 4528 1079 4599 aliquo
1104 4525 1217 4582 immitit·
1240 4525 1360 4595 aliquem
1384 4523 1547 4578 clericorum
1576 4522 1688 4593 impune
1712 4520 1783 4576 duco

129 4623 227 4680 elerici
243 4623 425 4691 conditionis,
440 4623 509 4678 etde
521 4623 738 4693 transgressione
756 4639 802 4695 per
823 4624 931 4681 ordina·
987 4624 1179 4681 exerffisslssfflt
1196 4623 1222 4669 θῑ
1238 4613 1299 4669 lll⁰0
1313 4619 1340 4668 θῑ
1356 4611 1426 4667 lund
1441 4612 1487 4665 '²⁰⁶
1502 4654 1508 4680 ‚
1525 4617 1552 4666 θῑ
1567 4609 1619 4666 isla
1633 4611 1696 4677 lieo,
1718 4625 1782 4666 ⁰⁰¹⁰

129 4711 237 4767 tionem
246 4712 392 4767 inhibitam
403 4720 477 4784 patet
487 4712 774 4785 quoddeccrneretur:
784 4731 845 4785 que
855 4715 931 4786 prius
986 4707 1102 4779 reliquis
1111 4722 1172 4778 quae
1186 4704 1326 4777 prohibita
1336 4711 1400 4759 sunt
1410 4718 1546 4759 exsecror.
1558 4701 1611 4758 Sed
1621 4710 1657 4770 et,
1670 4701 1692 4757 si
1705 4699 1781 4769 libet,

127 4800 153 4857 ai
168 4801 259 4871 placet
269 4801 433 4872 opponenda
442 4811 492 4868 est,
508 4808 592 4858 etant
606 4801 930 4861 contessoautconvicto
986 4797 1062 4868 prius
1072 4794 1194 4850 officium
1205 4793 1370 4851 accusatoris
1379 4792 1527 4864 judiciario
1535 4791 1632 4849 ordine
1641 4790 1781 4859 assumite,

128 4887 330 4945 inculcandum
345 4890 398 4945 erit
412 4890 561 4962 judicium,
578 4891 652 4962 quod
671 4891 729 4962 jam
753 4891 817 4966 licet
838 4893 872 4948 de
888 4911 930 4951 me
985 4894 1013 4942 et
1027 4887 1159 4943 canonice
1175 4884 1245 4941 illud
1260 4883 1456 4956 exsequimini,
1473 4890 1500 4938 et
1523 4885 1657 4940 canonice
1672 4891 1781 4954 paratus

128 4994 187 5037 non
201 4981 332 5037 convicto
347 4998 397 5037 nec
408 4983 542 5049 confesso,
559 4981 661 5053 absque
677 4982 735 5036 ulla
751 4983 929 5054 syriodo,sine
984 4993 1031 5032 ero
1046 4978 1199 5045 ostendere,
1216 4977 1334 5048 qualiter
1349 4983 1444 5031 contra
1458 4975 1564 5031 meista
1578 4990 1633 5029 non
1647 4985 1781 5040 cognosco

125 5069 187 5125 ulla
199 5068 361 5140 hujusmodi
378 5070 603 5141 interrogatione,
617 5078 665 5124 aut
679 5071 870 5140 requisitione,
882 5080 930 5128 aut
984 5067 1121 5139 pertinere
1139 5086 1144 5122 :
1165 5074 1192 5121 et
1207 5068 1326 5139 qualiter
1349 5082 1380 5121 ee
1406 5065 1558 5134 intelligam
1574 5070 1601 5118 et
1619 5059 1780 5131 amplectar,

126 5157 258 5230 presenti
274 5158 507 5229 interpellatione.
526 5158 648 5215 cilicium
663 5159 831 5215 accusatoris
844 5161 928 5217 simul
984 5167 1095 5230 paratus
1109 5174 1156 5213 ero
1171 5157 1285 5213 verbum
1306 5174 1340 5213 ex
1363 5157 1447 5212 verbo
1461 5152 1594 5227 usquead
1612 5153 1668 5206 iota
1681 5165 1780 5215 unum,

125 5252 155 5300 ct
176 5244 292 5314 judicis,
318 5254 372 5301 tam
397 5246 431 5301 de
453 5247 564 5302 absente
589 5263 669 5318 quain
695 5246 802 5302 absenti
826 5249 929 5320 scripto
983 5268 1018 5308 ex
1035 5251 1099 5306 fidei
1126 5250 1282 5307 subtemine
1302 5266 1362 5323 qum
1385 5250 1419 5305 ab
1443 5248 1539 5305 eodem
1564 5261 1633 5318 papa
1651 5250 1780 5301 contexta

126 5331 209 5390 uobis
232 5333 415 5400 vindicantes,
440 5335 619 5391 exercueritis
638 5335 676 5391 ita
696 5337 903 5405 pronuntiando
920 5356 926 5394 :
983 5352 1047 5399 sunt
1062 5358 1181 5398 exerere.
1194 5340 1321 5396 Scribitis
1336 5356 1443 5413 quoque
1458 5338 1492 5393 ad
1509 5339 1598 5391 locum
1617 5353 1623 5390 :
1642 5334 1719 5389 «Hos
1733 5349 1779 5389 gu.

132 5445 142 5471 ι
153 5423 225 5489 Quia
235 5441 301 5481 vero
311 5426 402 5498 ipsum
413 5427 545 5483 clericum
556 5434 653 5483 contra
663 5427 770 5498 regulas
780 5428 927 5497 ordinasti,
982 5440 1037 5489 tem
1053 5430 1210 5487 Gallicanos
1221 5444 1351 5496 canones,
1367 5428 1467 5500 quibus
1477 5441 1547 5497 saepe
1563 5425 1592 5480 in
1603 5423 1659 5481 tuis
1669 5423 1779 5494 scriptis

125 5514 230 5587 regule
248 5531 330 5572 sacre
351 5516 542 5572 demonstrant
564 5515 689 5572 dicentes
701 5516 790 5588 (epist.
808 5519 835 5589 l)
850 5536 856 5574 :
872 5519 928 5575 Ad·
982 5521 1079 5589 uteris,
1094 5526 1120 5576 et
1134 5533 1182 5590 per
1196 5532 1264 5591 quos
1280 5523 1305 5572 te
1325 5517 1468 5583 reclamas,
1486 5514 1543 5570 acio
1557 5513 1622 5586 quia
1637 5528 1694 5568 non
1710 5510 1778 5584 abji-

125 5602 289 5673 mittuntur,
305 5605 396 5676 inquit
409 5605 463 5663 Leo
479 5607 508 5662 in
524 5607 642 5679 epistola
659 5606 693 5663 ad
708 5607 856 5666 universos
871 5609 926 5681 epi·
981 5609 1047 5666 cies.
1065 5636 1075 5659 »
1094 5609 1130 5665 Et
1145 5607 1209 5682 quia
1220 5623 1294 5663 nunc
1309 5608 1422 5679 longum
1439 5621 1471 5663 ac
1484 5619 1686 5678 supervacuum
1702 5603 1778 5660 vide·
