3834 6136
66 196 121 261 ste
629 202 676 260 nn
695 199 885 264 uiniomis
903 207 932 265 s.
952 166 1165 266 nnvsoicm.
1665 213 1717 272 sio

65 366 203 434 quantum
223 356 341 414 dilectus
367 360 434 427 Deo,
456 360 635 436 amabilisque
652 362 710 434 ipse
724 364 868 421 thesaurus
883 367 904 426 A
922 373 972 432 set,
985 362 1152 436 credendum
1164 373 1204 421 est
1220 381 1281 422 eum
1293 383 1349 438 prm
1359 367 1488 424 omnihus
1502 369 1571 425 locis
1584 372 1716 442 pluseum

64 450 114 517 sit,
140 455 278 504 testantur
296 447 449 505 innumere
468 449 601 506 debilium
624 451 754 509 sanitates
767 470 869 526 corpo-
922 453 1053 510 dilexisse
1068 471 1123 528 quo
1133 455 1393 529 prescivitpropria
1403 473 1463 513 ossa
1481 458 1599 530 propriis
1614 461 1717 519 relictis

64 554 141 606 rum,
158 535 335 609 maximeque
360 537 514 596 animarum
538 540 663 610 medelae,
696 559 755 616 quae
782 560 869 616 usque
922 542 1033 600 sedibus
1048 544 1364 619 transferendazinquo
1379 545 1602 605 hacteiiustanta
1611 561 1718 611 constat

63 624 152 682 hodie
166 622 332 680 mortalibus
344 641 393 696 pro
403 625 472 682 tanti
493 626 547 682 viri
562 626 667 685 honore
680 629 869 686 tribuuntura
922 639 1074 688 monstrata
1086 631 1229 701 miracula,
1241 642 1272 690 ut
1286 634 1309 690 si
1325 634 1520 704 scriberentur,
1536 637 1648 709 proprio
1669 639 1719 694 in-

62 717 197 775 Domino.
213 715 267 773 Sed
281 715 396 773 etiocus
408 717 495 774 isdem
510 717 590 790 cujus
600 720 636 776 sit
653 720 816 791 nobilitatis,
833 738 869 779 ex
922 719 1050 792 digerent
1062 720 1145 791 libro,
1161 729 1308 794 prestante
1322 723 1441 780 Domino
1451 732 1545 782 nostro
1560 725 1625 783 Iesu
1639 726 1718 785 Cbri·

61 804 174 864 actibus
200 804 275 862 beati
303 805 357 860 viri
384 805 580 879 comprehendi
601 816 700 881 potest.
725 810 868 867 Namcum
922 817 975 865 sto.
991 809 1090 867 Amen.

61 895 156 953 eidem
173 893 235 951 viro
250 892 408 951 machinam
423 895 452 950 in
468 895 583 968 sphaere
597 897 710 955 modum
726 900 869 957 ostendis-

61 1016 225 1068 recurreute
238 1008 343 1090 Relatio
366 1025 414 1065 seu
436 1011 531 1090 ¹lllotio
545 1012 668 1082 corporis
681 1012 709 1068 S.
725 1013 868 1071 Benedicti
921 1017 966 1144 gut
976 1023 1082 1073 constat
1095 1032 1132 1073 ex
1145 1016 1256 1074 Rodulli
1270 1017 1388 1075 Tortaiii
1403 1018 1475 1076 libro
1487 1020 1583 1078 ldirac.
1594 1020 1621 1077 S.
1633 1021 1718 1078 Bene-

61 1097 101 1138 ex
113 1081 182 1138 urbe
196 1081 410 1137 Aurelianorum
434 1096 463 1136 in
479 1083 678 1139 monasterium
694 1084 868 1142 Floriacense
941 1087 1001 1156 icti,
1020 1103 1079 1160 cap.
1096 1087 1140 1156 33,
1155 1104 1235 1160 quein
1252 1089 1354 1145 librum
1370 1091 1608 1149 loannesBoscius
1618 1101 1717 1166 quarto

60 1153 139 1210 circa
153 1151 244 1225 princi
264 1158 341 1207 atum
356 1150 550 1208 Carolomanni
573 1153 707 1211 liudovici
721 1154 801 1211 Balbi
816 1156 868 1213 filii
922 1159 983 1215 loco
1001 1158 1052 1214 sub
1066 1158 1207 1231 Anonymi
1217 1159 1328 1215 nomine
1343 1161 1457 1234 edidit),
1475 1171 1569 1244 postea
1583 1163 1718 1220 litationis

61 1223 139 1307 facta
162 1231 213 1280 est.
238 1167 383 1305 ssostroma
395 1222 454 1279 baec
469 1223 677 1299 festivitasque
689 1225 740 1282 sub
755 1227 868 1284 nomine
921 1243 1023 1286 nomen
1032 1228 1163 1299 obtinuit,
1175 1237 1202 1286 et
1220 1230 1413 1288 Tomofotioiiis
1427 1232 1592 1305 antiquioris
1605 1233 1719 1292 celebri·

62 1304 181 1370 antiquo
200 1295 396 1353 famulationis
409 1293 501 1354 adbuc
517 1295 618 1354 secum
634 1312 663 1354 11
679 1296 868 1356 celebrabatur
922 1301 986 1356 tatis
1001 1301 1161 1358 memoriam
1180 1299 1350 1359 obscuravit.

789 1445 991 1512 Annsnnix.

392 1564 446 1629 Em
461 1562 598 1632 historio
607 1564 745 1648 propria
768 1566 1007 1634 rramtoitoiits
1021 1589 1033 1618 ·
1047 1577 1170 1637 sancte
1183 1570 1398 1638 scholastico.

104 1698 224 1758 Tandem
245 1695 329 1772 igitur
357 1698 470 1755 Domini
493 1699 667 1773 providentia
681 1709 819 1775 preeunte
837 1717 869 1759 ac
885 1702 948 1768 BS.
970 1701 1043 1759 Petri
1068 1701 1125 1775 jam
1153 1702 1338 1772 dedicaverat,
1363 1703 1491 1762 decenter
1513 1710 1541 1761 et
1559 1702 1719 1762 solemniter

64 1794 250 1868 subsequente
264 1808 364 1866 eosque
375 1791 526 1850 comitante
537 1794 572 1850 ad
587 1794 799 1853 cenomanicam
814 1812 868 1852 ur·
922 1799 985 1864 post
999 1791 1084 1849 altare
1106 1793 1271 1850 collocavit:
1291 1793 1479 1867 ordinatisque
1502 1810 1562 1867 quae
1576 1801 1653 1850 eraut
1665 1809 1719 1849 ne-

63 1881 130 1941 bsm
144 1882 381 1956 propinquavere:
404 1882 506 1955 quibus
520 1883 640 1940 domnus
659 1884 787 1941 Berarius
801 1902 867 1957 pon·
922 1878 1040 1937 cessaria
1070 1880 1182 1937 feminis
1204 1883 1261 1938 Deo
1277 1882 1391 1939 sacratis
1409 1881 1549 1955 vitamque
1566 1883 1719 1956 regularem

63 1972 137 2032 tifex
151 1970 382 2028 venerahilisuna
395 1988 458 2028 cum
479 1974 617 2031 revestitis
639 1972 827 2031 sacerdotibus
841 1980 868 2031 et
922 1968 1097 2038 ducentibus,
1116 1969 1186 2027 infra
1200 1970 1284 2027 breve
1298 1971 1419 2044 spatium
1433 1971 1566 2043 temporis
1587 1972 1720 2044 plurimas

63 2061 194 2118 omnium
215 2060 348 2133 graduum
368 2060 478 2118 clericis
492 2060 672 2119 devotissime
690 2063 822 2131 occurrit,
841 2069 869 2119 et
923 2060 1070 2128 nobilium,
1086 2059 1114 2116 id
1129 2067 1170 2118 est
1184 2078 1240 2117 non
1252 2061 1344 2117 minus
1358 2077 1440 2134 quam
1452 2069 1564 2117 centum
1579 2062 1722 2134 sexaginta

63 2149 280 2208 sacratissimum
297 2149 326 2207 S.
342 2148 517 2223 Scholastica
527 2151 651 2224 corporis
665 2150 764 2224 pignus
778 2167 869 2209 vene·
923 2148 1090 2205 feminarum
1110 2152 1139 2207 iri
1156 2149 1250 2206 eodem
1263 2149 1430 2206 monisterio
1443 2149 1556 2206 Domini
1575 2150 1721 2208 famulatui

63 2239 191 2297 rabiliter
205 2238 343 2310 suscepit:
370 2247 400 2294 et
417 2238 560 2294 civitatem
573 2239 741 2310 ingrediens,
757 2239 792 2296 ad
803 2257 868 2298 mo·
922 2242 1088 2315 aggregavit,
1111 2251 1138 2299 et
1171 2244 1261 2315 ipsum
1284 2245 1482 2302 monasterinm
1506 2247 1540 2303 de
1564 2246 1646 2303 rebus
1677 2249 1721 2304 sui

63 2328 218 2387 nestorium
228 2327 302 2401 quod
316 2325 413 2384 adhoc
424 2326 467 2399 (ut
481 2327 617 2402 diximus)
630 2345 698 2401 opus
713 2329 785 2384 inter
801 2345 868 2385 mu·
922 2331 1095 2404 episcopatus
1107 2330 1238 2388 nobiliter
1248 2331 1360 2402 ditavit,
1380 2333 1525 2407 ipsumque
1539 2352 1603 2392 cum
1624 2336 1721 2392 omni-

64 2434 128 2475 rum
143 2416 266 2475 civitatis
279 2424 306 2473 et
316 2410 528 2473 lluvinmSirtae
539 2418 672 2475 nobiliter
681 2427 762 2492 atque
770 2418 868 2476 decen·
921 2420 974 2478 bus
1003 2419 1037 2476 ad
1061 2437 1089 2477 se
1105 2421 1309 2493 pertinentibus
1322 2438 1378 2479 siiae
1393 2423 1451 2479 sedi
1465 2428 1492 2478 et
1504 2424 1585 2480 matri
1599 2424 1719 2482 ecclesie

64 2516 109 2566 ter
133 2508 167 2565 ab
197 2508 262 2565 imis
289 2507 464 2577 fundaverat,
481 2524 544 2564 curn
569 2524 676 2564 summa
690 2507 868 2564 veneratione
922 2512 967 2570 oui
984 2511 1147 2585 praesidebat
1159 2511 1349 2587 subjectumin
1359 2512 1523 2587 perpetuum
1533 2514 1591 2572 fore
1601 2516 1718 2574 censuit.

65 2597 196 2656 devexit:
214 2597 307 2671 ibique
324 2596 395 2653 illud
409 2597 440 2653 in
453 2596 568 2655 ecclesia
581 2613 663 2670 quani
684 2597 715 2653 iu
734 2596 866 2654 honorem

101 2737 113 2766 ¹
129 2725 193 2783 llaeo
209 2725 366 2783 Translatio
380 2727 530 2800 quotannis
549 2726 578 2781 in
593 2727 708 2784 civitate
727 2726 868 2786 Cenoma·
921 2729 1144 2802 persuasionibus
1158 2747 1189 2787 ac
1203 2731 1310 2789 civium
1324 2730 1507 2806 quorumdam
1520 2728 1678 2805 proditione
1691 2733 1721 2790 iu

65 2798 130 2855 nica
148 2798 309 2854 solemniter
323 2797 477 2853 celebratur
495 2798 540 2854 die
561 2814 591 2853 xi
606 2798 683 2866 Iulii,
704 2815 759 2871 quo
783 2815 867 2856 sacrae
921 2803 1017 2858 urbem
1035 2802 1159 2870 admissi,
1175 2802 1292 2875 direptis
1314 2803 1397 2859 rebus
1422 2803 1507 2860 sacris
1535 2819 1566 2859 ac
1605 2804 1720 2874 rofanis,

64 2869 98 2926 B.
114 2869 290 2926 Scholastica
305 2870 427 2941 reliquie
442 2886 489 2942 per
509 2868 603 2925 urbem
617 2871 711 2926 aulaeis
725 2879 752 2926 et
762 2871 867 2942 tapeti·
921 2872 966 2928 die
982 2873 1014 2928 l0
1030 2873 1097 2929 tulii
1116 2874 1144 2929 in
1160 2873 1255 2946 vigilia
1270 2873 1469 2930 Translationis
1492 2875 1518 2931 S.
1545 2819 1721 2932 Scbblasticae

67 2939 120 2997 bus
129 2940 290 2997 adornatam
304 2941 561 2998 circumducuntur.
577 2942 685 2997 Exusto
698 2941 867 2997 aNorman-
921 2944 1012 3000 subita
1034 2943 1184 3000 formidine
1210 2945 1341 3018 correpti,
1364 2946 1392 3000 in
1408 2945 1499 3018 fugam
1516 2945 1626 3001 nemine
1650 2946 1720 3003 inse-

65 3011 174 3068 nissub
189 3011 271 3066 finem
286 3012 377 3067 saeculi
395 3029 423 3067 ni
437 3013 615 3081 monasterio,
630 3012 658 3067 in
674 3028 728 3085 quo
739 3012 766 3068 S.
778 3012 865 3068 Bera-
939 3024 1020 3071 uonte
1038 3016 1164 3071 conversi
1193 3026 1273 3073 sunt:
1307 3016 1381 3089 quod
1396 3016 1547 3074 Cenomani
1575 3024 1720 3088 acceptum

65 3085 129 3139 rius
146 3082 177 3138 B.
193 3081 368 3138 Scholastica
380 3099 480 3155 corpus
490 3085 662 3156 deposuerat,
677 3099 753 3139 sacra
776 3083 864 3154 ipsius
882 3071 903 3129 C
918 3032 1010 3141 bruni
1034 3087 1140 3142 meritis
1162 3085 1188 3142 S.
1214 3087 1400 3154 Scholastica,
1448 3103 1509 3142 uam
1522 3094 1554 3141 ut
1575 3088 1720 3145 tutelarem

66 3155 153 3209 tbeca
174 3153 390 3209 Normannorum
412 3155 500 3212 furori
523 3154 669 3222 subducta,
686 3153 863 3209 inurbanam
919 3173 950 3212 ac
966 3165 1107 3228 patronam
1122 3156 1288 3229 praecipuam
1300 3159 1406 3213 colunt.
1427 3102 1495 3224 bitae
1512 3156 1546 3211 de
1565 3157 1593 3212 S.
1609 3158 1720 3215 Schola·

68 3224 98 3281 S.
117 3223 190 3279 Petri
203 3223 362 3293 Ecclesiam,
379 3242 439 3298 quai
453 3225 510 3298 jam
525 3226 729 3297 collegiataest,
741 3226 865 3298 Hugonis
920 3228 995 3284 sticai
1023 3227 1201 3300 reliquiarum
1220 3227 1316 3298 majori
1350 3235 1408 3283 arte
1428 3227 1647 3298 perhichildem
1662 3229 1719 3286 Ca-

65 3293 181 3352 comitis
194 3292 295 3365 studio,
308 3296 420 3352 ineunte
430 3313 449 3352 x
462 3298 575 3365 saeculo,
586 3306 683 3370 quarta
693 3296 739 3353 die
748 3296 863 3352 Novem·
919 3298 972 3355 roli
987 3296 1064 3355 Calvi
1080 3295 1225 3369 conjugem
1240 3313 1314 3353 anno
1327 3245 1380 3355 gp,
1390 3299 1523 3354 translata
1537 3297 1567 3352 iii
1583 3307 1718 3355 monaste·

65 3365 127 3423 bris
139 3366 271 3422 translata
286 3376 337 3423 est.
352 3369 409 3424 Hoc
423 3369 501 3424 etiam
515 3369 633 3423 seviente
651 3369 769 3439 promito
790 3368 865 3423 Nor·
921 3369 991 3425 rium
1021 3368 1214 3424 JuvIniacense
1239 3369 1485 3434 circiiinleruntur,
1514 3369 1619 3424 incerta
1644 3377 1719 3427 sunt.

65 3452 232 3564 ιιιειιιῐικίιὲιιιιί]ί
243 3437 347 3565 (ingulf
362 3439 448 3497 Vetus
462 3441 576 3508 Auctor,
587 3438 665 3519 cujus
680 3439 864 3510 fragmentum
920 3440 1000 3497 Certe
1023 3439 1152 3511 Algulfus
1174 3438 1221 3494 SS.
1245 3439 1388 3495 Benedicti
1412 3445 1439 3494 et
1456 3439 1631 3496 Scholasticis
1659 3457 1721 3496 ossa

65 3515 139 3565 tom.
227 3516 271 3564 ist.

67 3579 244 3638 eminentia
280 3581 445 3648 devastatur,
473 3586 497 3634 et
523 3581 666 3635 cenobium
697 3579 725 3636 S.
755 3581 866 3652 virginis
919 3581 1063 3638 brachium
1077 3580 1183 3636 ossibus
1199 3587 1317 3636 etcarne
1331 3581 1472 3653 integrum
1489 3581 1519 3636 in
1538 3580 1634 3637 eodem
1662 3598 1720 3638 mo·

67 3651 236 3708 Scholasticis
251 3656 330 3706 extra
342 3667 449 3705 murum
463 3651 537 3707 orbis
552 3650 631 3705 situm
643 3657 764 3706 exustam
778 3658 826 3720 est,
843 3658 867 3706 et
920 3653 1040 3709 nasteiio
1051 3651 1184 3707 asservari
1200 3651 1312 3720 dicitur,
1339 3652 1379 3707 uti
1399 3659 1426 3708 et
1441 3652 1583 3724 cingulum
1598 3650 1720 3724 ejusdem

64 3739 164 3795 corpus
177 3723 262 3794 ipsius
276 3739 359 3776 sooroe
371 3722 484 3794 virginis
508 3723 582 3778 intra
604 3721 720 3791 ejusdem
734 3723 810 3778 urbia
825 3723 867 3777 si·
920 3733 1033 3793 sanctas,
1048 3739 1103 3795 quo
1116 3724 1197 3779 Anno
1211 3724 1356 3778 Austrioca
1375 3723 1464 3779 felicis
1480 3723 1618 3779 memoriae
1638 3724 1721 3789 Fron·

64 3809 142 3849 simii
151 3794 269 3876 positam
283 3801 307 3848 et
320 3800 510 3849 conservatum.
537 3793 616 3861 Quod
641 3793 774 3851 accidisse
794 3810 867 3850 anno
921 3811 1015 3851 eorum
1032 3794 1125 3866 regina
1136 3795 1166 3850 in
1180 3795 1324 3876 puerperio
1338 3793 1516 3850 invictissimi
1536 3793 1608 3865 regis
1633 3795 1721 3851 nostri

64 3864 264 3924 obediemus
274 3881 308 3921 ex
319 3865 459 3937 Anonymi
469 3865 601 3922 chronico
609 3865 782 3937 perantiquo,
794 3865 867 3938 quod
924 3866 1056 3922 budovici
1076 3865 1142 3923 xiv
1157 3865 1239 3922 modo
1254 3865 1419 3937 imperantis
1442 3882 1490 3921 usa
1505 3875 1555 3922 est.
1576 3866 1661 3921 Porro
1676 3867 1721 3922 Ju-

64 3935 196 3995 Audress
224 3936 359 3995 Chesnius
373 3935 464 3992 Gestis
478 3937 628 3992 Normann.
652 3936 797 4008 praemisit.
813 3937 868 3992 Nec
921 3937 1080 3994 viniaoensc
1101 3936 1258 3994 Parthenon
1277 3936 1337 3994 ord.
1366 3938 1393 3993 S.
1415 3936 1517 3993 bened.
1548 3937 1578 3992 in
1599 3937 1721 3993 confinio

64 4007 174 4064 minori
187 4024 252 4065 sane
274 4007 409 4064 miraculo
431 4005 554 4078 ejusdem
576 4004 604 4061 S.
629 4005 805 4063 Scholastica
819 4023 868 4061 ar·
922 4007 1048 4064 dloecesis
1074 4008 1245 4065 Trevirensls
1270 4008 1378 4065 duabus
1393 4009 1550 4064 aSatanaco
1569 4007 1672 4080 oppido
1686 4008 1722 4065 ad

65 4087 169 4152 gentes
183 4096 263 4152 capsa
277 4078 415 4135 divinitus
437 4078 578 4135 subtracta
604 4084 645 4133 est
661 4075 790 4134 manibus
813 4093 868 4133 sas-
922 4079 1023 4136 Carum
1038 4094 1147 4133 amnem
1161 4080 1293 4151 positum,
1308 4079 1343 4135 ab
1359 4081 1419 4160 ipso
1445 4079 1561 4136 conditu
1581 4094 1722 4151 nuncupa·

64 4151 207 4208 vientium
229 4150 454 4218 calvinistarum,
470 4149 517 4222 qui
532 4163 604 4204 anno
616 4148 685 4205 tect
697 4147 743 4204 die
755 4148 869 4221 3Apri-
923 4157 982 4205 tum
1000 4155 1041 4205 est
1056 4148 1083 4204 S.
1096 4148 1282 4215 Scholasticis,
1298 4165 1358 4220 qum
1373 4149 1442 4206 inibi
1453 4151 1537 4205 etiam
1553 4166 1627 4208 nuuc
1641 4151 1723 4207 mira·

67 4222 117 4290 lis,
132 4221 243 4279 bferlioi
257 4221 399 4293 cujusdam
418 4221 602 4294 impurissimi
621 4218 766 4276 nebulonis
793 4219 870 4276 falsis
923 4221 985 4278 cula
999 4219 1102 4292 saepius
1116 4220 1222 4292 operari
1238 4219 1335 4275 fertur.

306 3524 381 3564 ranc.
398 3508 635 3566 Andremeesnii
651 3509 866 3580 referturl,iirlis
920 3509 997 3566 arida
1018 3526 1053 3566 eu
1075 3509 1154 3564 ltalia
1177 3507 1307 3565 advexit:
1333 3518 1360 3565 et
1384 3517 1476 3565 tamen
1495 3511 1523 3566 S.
1544 3509 1721 3568 Scholastica

423 4529 802 4645 Mienonnii
861 4532 913 4642 s,
976 4527 1373 4689 suumomni

337 4740 462 4783 PATRATA
480 4738 509 4781 tlt
528 4738 628 4782 dantia
650 4740 714 4782 POST
732 4739 958 4782 rnansus'rioitutt
977 4737 1013 4778 Al)
1032 4736 1142 4779 ueniunt
1158 4737 1243 4786 USQUE
1257 4736 1392 4782 SAECULUH
1410 4738 1448 4780 11.

667 4842 795 4926 Scripta
810 4844 851 4908 ab
870 4843 1129 4909 Annnvltno.

147 4965 243 5043 (Apud
257 4962 376 5038 flabili,
389 4969 458 5027 Acta
471 4967 518 5026 SS.
536 4965 643 5025 ordinis
657 4965 686 5024 S.
702 4965 816 5037 Beued,
832 4971 900 5023 tom.
916 4966 951 5036 ll,
966 4981 1002 5023 ex
1015 4965 1129 5024 loannis
1142 4966 1234 5025 Boscli
1254 4966 1419 5026 Bibliothec.
1433 4964 1562 5033 floriac,
1582 4961 1647 5033 eto.)

829 5100 951 5112 ——a

279 5184 463 5245 PROLOGUS
477 5181 661 5244 AbcrontS.
884 5198 910 5257 ῃ
925 5183 1051 5254 nequiret
1063 5177 1137 5255 quod
1147 5198 1203 5240 non
1213 5180 1446 5256 praeoccupaverit
1460 5178 1594 5252 majorum
1605 5173 1719 5250 diligen·
1789 5199 1793 5210 ·

294 5273 382 5334 ltsrfioe
391 5279 451 5334 laus
464 5282 488 5333 et
500 5276 651 5348 descriptio.
927 5269 976 5326 tia.
994 5269 1180 5343 Scriptoribiis
1203 5287 1322 5345 namque
1332 5267 1564 5343 praestantissimis
1578 5273 1721 5340 suppetere

109 5366 199 5440 Regni
213 5366 303 5425 italici
318 5383 457 5423 summum
473 5382 504 5423 ac
518 5366 679 5439 praeclarum
690 5362 773 5420 decus
786 5377 818 5419 ea
833 5361 875 5417 iu·
929 5358 1080 5433 plurimum
1088 5358 1234 5414 videbatur
1244 5359 1330 5431 ipsius
1338 5354 1484 5414 laudabilis
1495 5363 1573 5412 terra
1584 5354 1722 5412 excellens

71 5459 180 5519 stantia
193 5475 209 5515 a
224 5456 491 5531 praepollentissimis
508 5464 632 5513 veterum
644 5459 787 5511 auctorum
802 5451 875 5524 inge·
931 5446 1055 5516 materia,
1070 5444 1133 5505 coeli
1147 5445 1254 5504 scilicet
1266 5446 1408 5520 temperie,
1420 5445 1543 5503 locorum
1549 5443 1721 5515 salubritate,

71 5548 131 5609 niis
139 5551 288 5605 tractatum
297 5546 504 5622 esteditumque
510 5553 627 5615 constat,
635 5536 876 5618 quojamin'veniri
932 5538 1075 5598 fertilitate
1088 5537 1151 5606 soli,
1167 5536 1302 5611 opacitate
1316 5535 1553 5594 abundantissima
1566 5549 1721 5604 nemorum,
1814 5548 1815 5551 ’
