<?xml version="1.0" encoding="UTF-8"?>
<!DOCTYPE html PUBLIC "-//W3C//DTD XHTML 1.0 Transitional//EN"
    "http://www.w3.org/TR/xhtml1/DTD/xhtml1-transitional.dtd">
<html xmlns="http://www.w3.org/1999/xhtml" xml:lang="en" lang="en">
 <head>
  <title>
</title>
<meta http-equiv="Content-Type" content="text/html;charset=utf-8" />
  <meta name='ocr-system' content='tesseract 3.04.00' />
  <meta name='ocr-capabilities' content='ocr_page ocr_carea ocr_par ocr_line ocrx_word'/>
</head>
<body>
  <div class='ocr_page' id='page_1' title='image "./patrologiaecurs76unkngoog_0423.png"; bbox 0 0 3834 6136; ppageno 0'>
   <div class='ocr_carea' id='block_1_1' title="bbox 155 214 206 270">
    <p class='ocr_par' dir='ltr' id='par_1_1' title="bbox 155 214 206 270">
     <span class='ocr_line' id='line_1_1' title="bbox 155 214 206 270; baseline 0 0"><span class='ocrx_word' id='word_1_1' title='bbox 155 214 206 270; x_wconf 75' lang='lat'>835</span> 
     </span>
    </p>
   </div>
   <div class='ocr_carea' id='block_1_2' title="bbox 806 199 1147 257">
    <p class='ocr_par' dir='ltr' id='par_1_2' title="bbox 806 199 1147 257">
     <span class='ocr_line' id='line_1_2' title="bbox 806 199 1147 257; baseline -0.006 -1"><span class='ocrx_word' id='word_1_2' title='bbox 806 199 958 257; x_wconf 76' lang='lat' dir='ltr'>estisne}</span> <span class='ocrx_word' id='word_1_3' title='bbox 977 199 1147 257; x_wconf 81' lang='lat' dir='ltr'>MONACffl.</span> 
     </span>
    </p>
   </div>
   <div class='ocr_carea' id='block_1_3' title="bbox 1751 191 1805 254">
    <p class='ocr_par' dir='ltr' id='par_1_3' title="bbox 1751 191 1805 254">
     <span class='ocr_line' id='line_1_3' title="bbox 1751 191 1805 254; baseline 0 0"><span class='ocrx_word' id='word_1_4' title='bbox 1751 191 1805 254; x_wconf 73' lang='lat'>⁸³⁸</span> 
     </span>
    </p>
   </div>
   <div class='ocr_carea' id='block_1_4' title="bbox 154 321 1804 469">
    <p class='ocr_par' dir='ltr' id='par_1_4' title="bbox 154 321 1804 469">
     <span class='ocr_line' id='line_1_4' title="bbox 154 321 1804 407; baseline -0.01 -12"><span class='ocrx_word' id='word_1_5' title='bbox 154 337 294 395; x_wconf 88' lang='lat' dir='ltr'>dicuntur.</span> <span class='ocrx_word' id='word_1_6' title='bbox 321 327 422 386; x_wconf 87' lang='lat' dir='ltr'>Omnia</span> <span class='ocrx_word' id='word_1_7' title='bbox 436 329 541 385; x_wconf 89' lang='lat' dir='ltr'>Adonis</span> <span class='ocrx_word' id='word_1_8' title='bbox 555 325 639 382; x_wconf 84' lang='lat' dir='ltr'>rerba</span> <span class='ocrx_word' id='word_1_9' title='bbox 652 327 682 382; x_wconf 90' lang='lat' dir='ltr'>in</span> <span class='ocrx_word' id='word_1_10' title='bbox 697 329 804 381; x_wconf 82' lang='lat' dir='ltr'>testum</span> <span class='ocrx_word' id='word_1_11' title='bbox 820 333 948 407; x_wconf 69' lang='lat' dir='ltr'>nosrrum</span> <span class='ocrx_word' id='word_1_12' title='bbox 963 331 988 388; x_wconf 87' lang='lat' dir='ltr'>A</span> <span class='ocrx_word' id='word_1_13' title='bbox 1003 328 1149 398; x_wconf 74' lang='lat' dir='ltr'>populares</span> <span class='ocrx_word' id='word_1_14' title='bbox 1167 324 1327 407; x_wconf 59' lang='lat' dir='ltr'>spoletanis</span> <span class='ocrx_word' id='word_1_15' title='bbox 1349 340 1409 405; x_wconf 86' lang='lat' dir='ltr'>ego,</span> <span class='ocrx_word' id='word_1_16' title='bbox 1431 322 1626 404; x_wconf 66' lang='lat' dir='ltr'>centrorersim</span> <span class='ocrx_word' id='word_1_17' title='bbox 1653 321 1804 402; x_wconf 78' lang='lat' dir='ltr'>momentis</span> 
     </span>
     <span class='ocr_line' id='line_1_5' title="bbox 154 392 1802 469; baseline -0.012 -4"><span class='ocrx_word' id='word_1_18' title='bbox 154 408 286 465; x_wconf 91' lang='lat' dir='ltr'>translata</span> <span class='ocrx_word' id='word_1_19' title='bbox 303 408 386 468; x_wconf 88' lang='lat' dir='ltr'>sunt;</span> <span class='ocrx_word' id='word_1_20' title='bbox 408 415 458 454; x_wconf 94' lang='lat' dir='ltr'>nee</span> <span class='ocrx_word' id='word_1_21' title='bbox 472 401 529 457; x_wconf 91' lang='lat' dir='ltr'>scio</span> <span class='ocrx_word' id='word_1_22' title='bbox 543 399 613 455; x_wconf 90' lang='lat' dir='ltr'>Aeta</span> <span class='ocrx_word' id='word_1_23' title='bbox 628 399 685 452; x_wconf 90' lang='lat' dir='ltr'>ulla</span> <span class='ocrx_word' id='word_1_24' title='bbox 699 413 791 452; x_wconf 86' lang='lat' dir='ltr'>esrum</span> <span class='ocrx_word' id='word_1_25' title='bbox 808 398 948 469; x_wconf 84' lang='lat' dir='ltr'>virgiuum</span> <span class='ocrx_word' id='word_1_26' title='bbox 1003 399 1127 454; x_wconf 92' lang='lat' dir='ltr'>nondum</span> <span class='ocrx_word' id='word_1_27' title='bbox 1148 404 1215 453; x_wconf 90' lang='lat' dir='ltr'>satis</span> <span class='ocrx_word' id='word_1_28' title='bbox 1237 404 1414 463; x_wconf 79' lang='lat' dir='ltr'>examinatis,</span> <span class='ocrx_word' id='word_1_29' title='bbox 1440 395 1517 450; x_wconf 86' lang='lat' dir='ltr'>litem</span> <span class='ocrx_word' id='word_1_30' title='bbox 1536 393 1691 450; x_wconf 86' lang='lat' dir='ltr'>indecisam</span> <span class='ocrx_word' id='word_1_31' title='bbox 1715 392 1802 447; x_wconf 92' lang='lat' dir='ltr'>relin-</span> 
     </span>
    </p>
   </div>
   <div class='ocr_carea' id='block_1_5' title="bbox 150 491 949 1540">
    <p class='ocr_par' dir='ltr' id='par_1_5' title="bbox 154 491 304 535">
     <span class='ocr_line' id='line_1_6' title="bbox 154 491 304 535; baseline -0.033 0"><span class='ocrx_word' id='word_1_32' title='bbox 154 497 186 535; x_wconf 92' lang='lat' dir='ltr'>su</span> <span class='ocrx_word' id='word_1_33' title='bbox 206 491 304 534; x_wconf 88' lang='lat' dir='ltr'>cresse.</span> 
     </span>
    </p>

    <p class='ocr_par' dir='ltr' id='par_1_6' title="bbox 150 497 949 1540">
     <span class='ocr_line' id='line_1_7' title="bbox 188 497 949 612; baseline -0.016 -7"><span class='ocrx_word' id='word_1_34' title='bbox 188 497 255 607; x_wconf 71' lang='lat' dir='ltr'>iiixl</span> <span class='ocrx_word' id='word_1_35' title='bbox 275 549 302 602; x_wconf 92' lang='lat' dir='ltr'>in</span> <span class='ocrx_word' id='word_1_36' title='bbox 318 545 458 602; x_wconf 88' lang='lat' dir='ltr'>Auctariis</span> <span class='ocrx_word' id='word_1_37' title='bbox 471 543 516 599; x_wconf 91' lang='lat' dir='ltr'>die</span> <span class='ocrx_word' id='word_1_38' title='bbox 526 539 700 612; x_wconf 78' lang='lat' dir='ltr'>praecedenti,</span> <span class='ocrx_word' id='word_1_39' title='bbox 714 539 870 608; x_wconf 82' lang='lat' dir='ltr'>Grepoiiam</span> <span class='ocrx_word' id='word_1_40' title='bbox 882 538 949 609; x_wconf 89' lang='lat' dir='ltr'>Spo-</span> 
     </span>
     <span class='ocr_line' id='line_1_8' title="bbox 154 611 948 682; baseline -0.016 -4"><span class='ocrx_word' id='word_1_41' title='bbox 154 623 275 678; x_wconf 88' lang='lat' dir='ltr'>letanuni</span> <span class='ocrx_word' id='word_1_42' title='bbox 287 619 325 675; x_wconf 91' lang='lat' dir='ltr'>ibi</span> <span class='ocrx_word' id='word_1_43' title='bbox 336 634 352 673; x_wconf 87' lang='lat' dir='ltr'>a</span> <span class='ocrx_word' id='word_1_44' title='bbox 362 617 473 674; x_wconf 86' lang='lat' dir='ltr'>Rebano</span> <span class='ocrx_word' id='word_1_45' title='bbox 482 628 545 670; x_wconf 92' lang='lat' dir='ltr'>curri</span> <span class='ocrx_word' id='word_1_46' title='bbox 558 612 647 682; x_wconf 88' lang='lat' dir='ltr'>elogio</span> <span class='ocrx_word' id='word_1_47' title='bbox 658 611 801 677; x_wconf 89' lang='lat' dir='ltr'>celebrari,</span> <span class='ocrx_word' id='word_1_48' title='bbox 835 617 948 680; x_wconf 92' lang='lat' dir='ltr'>utatque</span> 
     </span>
     <span class='ocr_line' id='line_1_9' title="bbox 154 681 947 763; baseline -0.018 -15"><span class='ocrx_word' id='word_1_49' title='bbox 154 692 325 750; x_wconf 89' lang='lat' dir='ltr'>Castellanus</span> <span class='ocrx_word' id='word_1_50' title='bbox 336 689 369 745; x_wconf 92' lang='lat' dir='ltr'>ad</span> <span class='ocrx_word' id='word_1_51' title='bbox 379 703 441 743; x_wconf 91' lang='lat' dir='ltr'>enm</span> <span class='ocrx_word' id='word_1_52' title='bbox 452 685 525 740; x_wconf 89' lang='lat' dir='ltr'>diem</span> <span class='ocrx_word' id='word_1_53' title='bbox 536 683 628 755; x_wconf 90' lang='lat' dir='ltr'>potius</span> <span class='ocrx_word' id='word_1_54' title='bbox 642 682 788 763; x_wconf 88' lang='lat' dir='ltr'>pertinere.</span> <span class='ocrx_word' id='word_1_55' title='bbox 826 681 947 735; x_wconf 90' lang='lat' dir='ltr'>ihilomi-</span> 
     </span>
     <span class='ocr_line' id='line_1_10' title="bbox 154 751 947 835; baseline -0.015 -16"><span class='ocrx_word' id='word_1_56' title='bbox 154 780 206 820; x_wconf 92' lang='lat' dir='ltr'>nus</span> <span class='ocrx_word' id='word_1_57' title='bbox 223 761 337 818; x_wconf 88' lang='lat' dir='ltr'>Romani</span> <span class='ocrx_word' id='word_1_58' title='bbox 349 758 427 831; x_wconf 88' lang='lat' dir='ltr'>parvi</span> <span class='ocrx_word' id='word_1_59' title='bbox 445 765 550 822; x_wconf 82' lang='lat' dir='ltr'>auctor,</span> <span class='ocrx_word' id='word_1_60' title='bbox 561 754 608 835; x_wconf 87' lang='lat' dir='ltr'>qui</span> <span class='ocrx_word' id='word_1_61' title='bbox 624 753 744 824; x_wconf 89' lang='lat' dir='ltr'>virgines</span> <span class='ocrx_word' id='word_1_62' title='bbox 754 769 789 807; x_wconf 83' lang='lat' dir='ltr'>im</span> <span class='ocrx_word' id='word_1_63' title='bbox 800 751 947 807; x_wconf 89' lang='lat' dir='ltr'>Antioche·</span> 
     </span>
     <span class='ocr_line' id='line_1_11' title="bbox 154 822 947 904; baseline -0.016 -14"><span class='ocrx_word' id='word_1_64' title='bbox 154 851 203 890; x_wconf 89' lang='lat' dir='ltr'>nas</span> <span class='ocrx_word' id='word_1_65' title='bbox 213 832 360 904; x_wconf 82' lang='lat' dir='ltr'>ignoravit,</span> <span class='ocrx_word' id='word_1_66' title='bbox 373 832 411 884; x_wconf 92' lang='lat' dir='ltr'>ita</span> <span class='ocrx_word' id='word_1_67' title='bbox 425 828 478 882; x_wconf 89' lang='lat' dir='ltr'>hoc</span> <span class='ocrx_word' id='word_1_68' title='bbox 492 826 537 881; x_wconf 88' lang='lat' dir='ltr'>die</span> <span class='ocrx_word' id='word_1_69' title='bbox 551 825 652 881; x_wconf 92' lang='lat' dir='ltr'>diserte</span> <span class='ocrx_word' id='word_1_70' title='bbox 667 823 762 879; x_wconf 81' lang='lat' dir='ltr'><strong>scribit</strong></span> <span class='ocrx_word' id='word_1_71' title='bbox 775 841 781 878; x_wconf 73' lang='grc' dir='ltr'>ε</span> <span class='ocrx_word' id='word_1_72' title='bbox 794 822 874 892; x_wconf 85' lang='lat' dir='ltr'>Apud</span> <span class='ocrx_word' id='word_1_73' title='bbox 884 823 947 893; x_wconf 82' lang='lat' dir='ltr'>spo-</span> 
     </span>
     <span class='ocr_line' id='line_1_12' title="bbox 156 893 947 973; baseline -0.018 -12"><span class='ocrx_word' id='word_1_74' title='bbox 156 907 243 971; x_wconf 81' lang='lat' dir='ltr'>letum,</span> <span class='ocrx_word' id='word_1_75' title='bbox 260 901 382 973; x_wconf 79' lang='lat' dir='ltr'>Gregorii</span> <span class='ocrx_word' id='word_1_76' title='bbox 392 897 539 971; x_wconf 73' lang='lat' dir='ltr'>presbyteri</span> <span class='ocrx_word' id='word_1_77' title='bbox 552 902 576 950; x_wconf 85' lang='lat' dir='ltr'>et</span> <span class='ocrx_word' id='word_1_78' title='bbox 590 895 728 966; x_wconf 77' lang='lat' dir='ltr'>martyria.</span> <span class='ocrx_word' id='word_1_79' title='bbox 759 893 878 965; x_wconf 79' lang='lat' dir='ltr'><strong>Insignis</strong></span> <span class='ocrx_word' id='word_1_80' title='bbox 889 893 947 948; x_wconf 92' lang='lat' dir='ltr'>hu-</span> 
     </span>
     <span class='ocr_line' id='line_1_13' title="bbox 155 964 947 1090; baseline -0.014 -59"><span class='ocrx_word' id='word_1_81' title='bbox 155 976 197 1031; x_wconf 82' lang='lat' dir='ltr'>‘us</span> <span class='ocrx_word' id='word_1_82' title='bbox 212 975 341 1046; x_wconf 83' lang='lat' dir='ltr'>martyris</span> <span class='ocrx_word' id='word_1_83' title='bbox 356 975 435 1037; x_wconf 88' lang='lat' dir='ltr'>Acta,</span> <span class='ocrx_word' id='word_1_84' title='bbox 456 967 557 1041; x_wconf 92' lang='lat' dir='ltr'>quibus</span> <span class='ocrx_word' id='word_1_85' title='bbox 571 965 630 1020; x_wconf 84' lang='lat' dir='ltr'>e&#39;us</span> <span class='ocrx_word' id='word_1_86' title='bbox 646 967 745 1037; x_wconf 82' lang='lat' dir='ltr'>passio,</span> <span class='ocrx_word' id='word_1_87' title='bbox 769 966 828 1090; x_wconf 49' lang='grc' dir='ltr'>ὶῑεο</span> <span class='ocrx_word' id='word_1_88' title='bbox 843 964 947 1045; x_wconf 82' lang='lat' dir='ltr'>fatente</span> 
     </span>
     <span class='ocr_line' id='line_1_14' title="bbox 151 993 946 1118; baseline -0.014 -17"><span class='ocrx_word' id='word_1_89' title='bbox 151 993 331 1101; x_wconf 62' lang='lat' dir='ltr'>iilleniontio</span> <span class='ocrx_word' id='word_1_90' title='bbox 347 1051 421 1096; x_wconf 92' lang='lat' dir='ltr'>temo</span> <span class='ocrx_word' id='word_1_91' title='bbox 437 1041 471 1105; x_wconf 86' lang='lat' dir='ltr'>V,</span> <span class='ocrx_word' id='word_1_92' title='bbox 487 1055 546 1118; x_wconf 86' lang='lat' dir='ltr'>pag.</span> <span class='ocrx_word' id='word_1_93' title='bbox 600 1039 626 1104; x_wconf 83' lang='lat'>7,</span> <span class='ocrx_word' id='word_1_94' title='bbox 641 1038 708 1092; x_wconf 87' lang='lat' dir='ltr'>satis</span> <span class='ocrx_word' id='word_1_95' title='bbox 720 1037 784 1108; x_wconf 90' lang='lat' dir='ltr'>pulc</span> <span class='ocrx_word' id='word_1_96' title='bbox 806 1051 834 1090; x_wconf 89' lang='lat' dir='ltr'>re</span> <span class='ocrx_word' id='word_1_97' title='bbox 845 1034 946 1090; x_wconf 87' lang='lat' dir='ltr'>deseri·</span> 
     </span>
     <span class='ocr_line' id='line_1_15' title="bbox 152 1107 947 1187; baseline -0.016 -15"><span class='ocrx_word' id='word_1_98' title='bbox 152 1116 238 1182; x_wconf 87' lang='lat' dir='ltr'>bitur,</span> <span class='ocrx_word' id='word_1_99' title='bbox 252 1117 281 1170; x_wconf 92' lang='lat' dir='ltr'>iii</span> <span class='ocrx_word' id='word_1_100' title='bbox 295 1114 411 1170; x_wconf 88' lang='lat' dir='ltr'>Suriana</span> <span class='ocrx_word' id='word_1_101' title='bbox 425 1110 589 1166; x_wconf 89' lang='lat' dir='ltr'>collectione</span> <span class='ocrx_word' id='word_1_102' title='bbox 601 1107 674 1162; x_wconf 86' lang='lat' dir='ltr'>edita</span> <span class='ocrx_word' id='word_1_103' title='bbox 691 1115 765 1162; x_wconf 92' lang='lat' dir='ltr'>sunt.</span> <span class='ocrx_word' id='word_1_104' title='bbox 781 1107 868 1173; x_wconf 89' lang='lat' dir='ltr'>Talia,</span> <span class='ocrx_word' id='word_1_105' title='bbox 884 1122 947 1187; x_wconf 82' lang='lat' dir='ltr'>pro·</span> 
     </span>
     <span class='ocr_line' id='line_1_16' title="bbox 152 1177 945 1252; baseline -0.015 -9"><span class='ocrx_word' id='word_1_106' title='bbox 152 1188 197 1243; x_wconf 90' lang='lat' dir='ltr'>cul</span> <span class='ocrx_word' id='word_1_107' title='bbox 211 1186 307 1252; x_wconf 91' lang='lat' dir='ltr'>dubio,</span> <span class='ocrx_word' id='word_1_108' title='bbox 319 1183 415 1238; x_wconf 87' lang='lat' dir='ltr'>habuit</span> <span class='ocrx_word' id='word_1_109' title='bbox 432 1180 607 1246; x_wconf 84' lang='lat' dir='ltr'>Viennensis,</span> <span class='ocrx_word' id='word_1_110' title='bbox 619 1194 735 1250; x_wconf 89' lang='lat' dir='ltr'>quorum</span> <span class='ocrx_word' id='word_1_111' title='bbox 750 1177 945 1248; x_wconf 76' lang='lat' dir='ltr'>compendium</span> 
     </span>
     <span class='ocr_line' id='line_1_17' title="bbox 152 1248 947 1322; baseline -0.014 -9"><span class='ocrx_word' id='word_1_112' title='bbox 152 1257 342 1322; x_wconf 71' lang='lat' dir='ltr'>exbibet-tam</span> <span class='ocrx_word' id='word_1_113' title='bbox 359 1250 690 1322; x_wconf 75' lang='lat' dir='ltr'>circumspecteallostro</span> <span class='ocrx_word' id='word_1_114' title='bbox 700 1248 901 1315; x_wconf 83' lang='lat' dir='ltr'>abbreviatum,</span> <span class='ocrx_word' id='word_1_115' title='bbox 916 1255 947 1302; x_wconf 93' lang='lat' dir='ltr'>ut</span> 
     </span>
     <span class='ocr_line' id='line_1_18' title="bbox 151 1320 947 1391; baseline -0.014 -7"><span class='ocrx_word' id='word_1_116' title='bbox 151 1328 257 1384; x_wconf 89' lang='lat' dir='ltr'>nnllam</span> <span class='ocrx_word' id='word_1_117' title='bbox 272 1326 377 1383; x_wconf 88' lang='lat' dir='ltr'>criticis</span> <span class='ocrx_word' id='word_1_118' title='bbox 392 1322 539 1378; x_wconf 82' lang='lat' dir='ltr'>vettieaiidi</span> <span class='ocrx_word' id='word_1_119' title='bbox 553 1337 646 1376; x_wconf 92' lang='lat' dir='ltr'>ansam</span> <span class='ocrx_word' id='word_1_120' title='bbox 660 1320 808 1391; x_wconf 85' lang='lat' dir='ltr'>relinquat.</span> <span class='ocrx_word' id='word_1_121' title='bbox 836 1320 867 1374; x_wconf 92' lang='lat' dir='ltr'>ln</span> <span class='ocrx_word' id='word_1_122' title='bbox 883 1322 947 1374; x_wconf 84' lang='lat' dir='ltr'>Au-</span> 
     </span>
     <span class='ocr_line' id='line_1_19' title="bbox 151 1390 946 1463; baseline -0.015 -8"><span class='ocrx_word' id='word_1_123' title='bbox 151 1399 245 1456; x_wconf 91' lang='lat' dir='ltr'>ctariis</span> <span class='ocrx_word' id='word_1_124' title='bbox 259 1397 315 1453; x_wconf 92' lang='lat' dir='ltr'>diei</span> <span class='ocrx_word' id='word_1_125' title='bbox 329 1412 390 1450; x_wconf 85' lang='lat' dir='ltr'>xirn</span> <span class='ocrx_word' id='word_1_126' title='bbox 402 1394 542 1458; x_wconf 88' lang='lat' dir='ltr'>asseritur,</span> <span class='ocrx_word' id='word_1_127' title='bbox 555 1391 680 1463; x_wconf 74' lang='lat' dir='ltr'>Gregorii</span> <span class='ocrx_word' id='word_1_128' title='bbox 690 1390 773 1462; x_wconf 83' lang='lat' dir='ltr'>hujus</span> <span class='ocrx_word' id='word_1_129' title='bbox 784 1406 885 1461; x_wconf 90' lang='lat' dir='ltr'>corpus</span> <span class='ocrx_word' id='word_1_130' title='bbox 895 1390 946 1447; x_wconf 92' lang='lat' dir='ltr'>Co·</span> 
     </span>
     <span class='ocr_line' id='line_1_20' title="bbox 150 1462 946 1540; baseline -0.011 -14"><span class='ocrx_word' id='word_1_131' title='bbox 150 1471 253 1526; x_wconf 89' lang='lat' dir='ltr'>leniam</span> <span class='ocrx_word' id='word_1_132' title='bbox 277 1466 456 1540; x_wconf 81' lang='lat' dir='ltr'>Agrippinam</span> <span class='ocrx_word' id='word_1_133' title='bbox 479 1464 642 1520; x_wconf 91' lang='lat' dir='ltr'>translatum</span> <span class='ocrx_word' id='word_1_134' title='bbox 659 1462 753 1517; x_wconf 88' lang='lat' dir='ltr'>luisse.</span> <span class='ocrx_word' id='word_1_135' title='bbox 783 1463 946 1533; x_wconf 74' lang='lat' dir='ltr'>Depugnant</span> 
     </span>
    </p>
   </div>
   <div class='ocr_carea' id='block_1_6' title="bbox 996 484 1800 1533">
    <p class='ocr_par' dir='ltr' id='par_1_7' title="bbox 1027 485 1072 524">
     <span class='ocr_line' id='line_1_21' title="bbox 1027 485 1072 524; baseline 0 0"><span class='ocrx_word' id='word_1_136' title='bbox 1027 485 1072 524; x_wconf 92' lang='lat' dir='ltr'>uo.</span> 
     </span>
    </p>

    <p class='ocr_par' dir='ltr' id='par_1_8' title="bbox 996 484 1800 1533">
     <span class='ocr_line' id='line_1_22' title="bbox 1006 484 1799 611; baseline -0.005 -16"><span class='ocrx_word' id='word_1_137' title='bbox 1006 484 1186 595; x_wconf 82' lang='lat' dir='ltr'>qlaecs&#39;anuin</span> <span class='ocrx_word' id='word_1_138' title='bbox 1212 538 1413 611; x_wconf 79' lang='lat' dir='ltr'>Tripolitanum</span> <span class='ocrx_word' id='word_1_139' title='bbox 1447 551 1504 590; x_wconf 90' lang='lat' dir='ltr'>non</span> <span class='ocrx_word' id='word_1_140' title='bbox 1531 543 1689 591; x_wconf 89' lang='lat' dir='ltr'>memorant</span> <span class='ocrx_word' id='word_1_141' title='bbox 1727 532 1799 591; x_wconf 90' lang='lat' dir='ltr'>soliti</span> 
     </span>
     <span class='ocr_line' id='line_1_23' title="bbox 1002 606 1798 678; baseline -0.011 -11"><span class='ocrx_word' id='word_1_142' title='bbox 1002 611 1119 667; x_wconf 91' lang='lat' dir='ltr'>Usuardi</span> <span class='ocrx_word' id='word_1_143' title='bbox 1144 610 1246 678; x_wconf 88' lang='lat' dir='ltr'>duees;</span> <span class='ocrx_word' id='word_1_144' title='bbox 1267 614 1421 665; x_wconf 90' lang='lat' dir='ltr'>memorant</span> <span class='ocrx_word' id='word_1_145' title='bbox 1439 606 1661 678; x_wconf 85' lang='lat' dir='ltr'>Hieronymiana</span> <span class='ocrx_word' id='word_1_146' title='bbox 1681 619 1798 676; x_wconf 77' lang='lat' dir='ltr'>apogra-</span> 
     </span>
     <span class='ocr_line' id='line_1_24' title="bbox 1002 676 1796 757; baseline -0.01 -19"><span class='ocrx_word' id='word_1_147' title='bbox 1002 682 1065 753; x_wconf 93' lang='lat' dir='ltr'>pba,</span> <span class='ocrx_word' id='word_1_148' title='bbox 1095 682 1225 737; x_wconf 91' lang='lat' dir='ltr'>ultimum</span> <span class='ocrx_word' id='word_1_149' title='bbox 1256 697 1362 751; x_wconf 88' lang='lat' dir='ltr'>semper</span> <span class='ocrx_word' id='word_1_150' title='bbox 1384 677 1476 735; x_wconf 81' lang='lat' dir='ltr'>Nostri</span> <span class='ocrx_word' id='word_1_151' title='bbox 1502 676 1652 747; x_wconf 70' lang='lat' dir='ltr'>refugium.</span> <span class='ocrx_word' id='word_1_152' title='bbox 1681 677 1796 757; x_wconf 83' lang='lat' dir='ltr'>Expres-</span> 
     </span>
     <span class='ocr_line' id='line_1_25' title="bbox 1001 750 1797 820; baseline -0.006 -12"><span class='ocrx_word' id='word_1_153' title='bbox 1001 753 1108 808; x_wconf 89' lang='lat' dir='ltr'>sissima</span> <span class='ocrx_word' id='word_1_154' title='bbox 1122 761 1164 808; x_wconf 92' lang='lat' dir='ltr'>est</span> <span class='ocrx_word' id='word_1_155' title='bbox 1178 750 1360 808; x_wconf 88' lang='lat' dir='ltr'>vetustissimi</span> <span class='ocrx_word' id='word_1_156' title='bbox 1375 750 1587 820; x_wconf 87' lang='lat' dir='ltr'>Epternaeensis</span> <span class='ocrx_word' id='word_1_157' title='bbox 1609 755 1797 816; x_wconf 84' lang='lat' dir='ltr'>annuntiatio,</span> 
     </span>
     <span class='ocr_line' id='line_1_26' title="bbox 1020 818 1796 895; baseline -0.006 -16"><span class='ocrx_word' id='word_1_158' title='bbox 1020 825 1090 879; x_wconf 90' lang='lat' dir='ltr'>rimo</span> <span class='ocrx_word' id='word_1_159' title='bbox 1117 824 1178 880; x_wconf 91' lang='lat' dir='ltr'>loco</span> <span class='ocrx_word' id='word_1_160' title='bbox 1206 824 1313 895; x_wconf 92' lang='lat' dir='ltr'>posita:</span> <span class='ocrx_word' id='word_1_161' title='bbox 1341 823 1375 878; x_wconf 85' lang='lat' dir='ltr'>In</span> <span class='ocrx_word' id='word_1_162' title='bbox 1406 820 1520 890; x_wconf 80' lang='lat' dir='ltr'>Tripoli,</span> <span class='ocrx_word' id='word_1_163' title='bbox 1544 818 1647 873; x_wconf 83' lang='lat' dir='ltr'>netolic</span> <span class='ocrx_word' id='word_1_164' title='bbox 1676 818 1796 874; x_wconf 72' lang='lat' dir='ltr'>emunt.</span> 
     </span>
     <span class='ocr_line' id='line_1_27' title="bbox 1000 840 1800 962; baseline -0.009 -10"><span class='ocrx_word' id='word_1_165' title='bbox 1000 840 1138 952; x_wconf 70' lang='lat' dir='ltr'>Consonat</span> <span class='ocrx_word' id='word_1_166' title='bbox 1152 894 1240 951; x_wconf 80' lang='lat' dir='ltr'>codex</span> <span class='ocrx_word' id='word_1_167' title='bbox 1255 892 1397 958; x_wconf 85' lang='lat' dir='ltr'>Lucensis,</span> <span class='ocrx_word' id='word_1_168' title='bbox 1426 891 1496 946; x_wconf 90' lang='lat' dir='ltr'>male</span> <span class='ocrx_word' id='word_1_169' title='bbox 1511 906 1562 962; x_wconf 89' lang='lat' dir='ltr'>pro</span> <span class='ocrx_word' id='word_1_170' title='bbox 1579 889 1700 961; x_wconf 76' lang='lat' dir='ltr'>Tripoli,</span> <span class='ocrx_word' id='word_1_171' title='bbox 1728 889 1800 945; x_wconf 80' lang='lat' dir='ltr'>scri-</span> 
     </span>
     <span class='ocr_line' id='line_1_28' title="bbox 999 958 1799 1037; baseline -0.004 -17"><span class='ocrx_word' id='word_1_172' title='bbox 999 965 1066 1021; x_wconf 88' lang='lat' dir='ltr'>bens</span> <span class='ocrx_word' id='word_1_173' title='bbox 1093 967 1219 1037; x_wconf 85' lang='lat' dir='ltr'>Tropoli&#39;:</span> <span class='ocrx_word' id='word_1_174' title='bbox 1245 973 1360 1035; x_wconf 91' lang='lat' dir='ltr'>uterque</span> <span class='ocrx_word' id='word_1_175' title='bbox 1387 978 1453 1018; x_wconf 81' lang='lat' dir='ltr'>vero</span> <span class='ocrx_word' id='word_1_176' title='bbox 1480 967 1628 1033; x_wconf 75' lang='lat' dir='ltr'>sequentes</span> <span class='ocrx_word' id='word_1_177' title='bbox 1651 960 1683 1015; x_wconf 91' lang='lat' dir='ltr'>in</span> <span class='ocrx_word' id='word_1_178' title='bbox 1708 958 1799 1017; x_wconf 82' lang='lat' dir='ltr'>eetiem</span> 
     </span>
     <span class='ocr_line' id='line_1_29' title="bbox 1000 1032 1799 1107; baseline -0.001 -18"><span class='ocrx_word' id='word_1_179' title='bbox 1000 1037 1123 1093; x_wconf 90' lang='lat' dir='ltr'>indiculo</span> <span class='ocrx_word' id='word_1_180' title='bbox 1145 1045 1280 1107; x_wconf 78' lang='lat' dir='ltr'>martyres</span> <span class='ocrx_word' id='word_1_181' title='bbox 1303 1034 1470 1100; x_wconf 83' lang='lat' dir='ltr'>Metrobiaot,</span> <span class='ocrx_word' id='word_1_182' title='bbox 1495 1032 1624 1098; x_wconf 84' lang='lat' dir='ltr'>Paulum,</span> <span class='ocrx_word' id='word_1_183' title='bbox 1651 1037 1720 1098; x_wconf 78' lang='lat' dir='ltr'>ete,</span> <span class='ocrx_word' id='word_1_184' title='bbox 1747 1048 1799 1089; x_wconf 88' lang='lat' dir='ltr'>nou</span> 
     </span>
     <span class='ocr_line' id='line_1_30' title="bbox 1000 1101 1799 1188; baseline -0.004 -27"><span class='ocrx_word' id='word_1_185' title='bbox 1000 1107 1115 1188; x_wconf 85' lang='lat' dir='ltr'>Tripoli,</span> <span class='ocrx_word' id='word_1_186' title='bbox 1145 1108 1192 1163; x_wconf 90' lang='lat' dir='ltr'>sed</span> <span class='ocrx_word' id='word_1_187' title='bbox 1216 1109 1308 1164; x_wconf 87' lang='lat' dir='ltr'>lloinoe</span> <span class='ocrx_word' id='word_1_188' title='bbox 1329 1105 1430 1162; x_wconf 90' lang='lat' dir='ltr'>diserte</span> <span class='ocrx_word' id='word_1_189' title='bbox 1453 1102 1576 1183; x_wconf 80' lang='lat' dir='ltr'>ascribit.</span> <span class='ocrx_word' id='word_1_190' title='bbox 1612 1101 1725 1160; x_wconf 82' lang='lat' dir='ltr'>Feiellit</span> <span class='ocrx_word' id='word_1_191' title='bbox 1752 1101 1799 1158; x_wconf 81' lang='lat' dir='ltr'>Da·</span> 
     </span>
     <span class='ocr_line' id='line_1_31' title="bbox 999 1171 1796 1243; baseline -0.004 -11"><span class='ocrx_word' id='word_1_192' title='bbox 999 1194 1109 1232; x_wconf 87' lang='lat' dir='ltr'>renium</span> <span class='ocrx_word' id='word_1_193' title='bbox 1138 1179 1328 1233; x_wconf 89' lang='lat' dir='ltr'>Plantinianus</span> <span class='ocrx_word' id='word_1_194' title='bbox 1355 1176 1438 1241; x_wconf 86' lang='lat' dir='ltr'>Beda,</span> <span class='ocrx_word' id='word_1_195' title='bbox 1467 1182 1515 1229; x_wconf 85' lang='lat' dir='ltr'>aut</span> <span class='ocrx_word' id='word_1_196' title='bbox 1539 1174 1567 1230; x_wconf 93' lang='lat' dir='ltr'>id</span> <span class='ocrx_word' id='word_1_197' title='bbox 1598 1188 1686 1243; x_wconf 88' lang='lat' dir='ltr'>genus</span> <span class='ocrx_word' id='word_1_198' title='bbox 1710 1171 1796 1229; x_wconf 81' lang='lat' dir='ltr'>codex</span> 
     </span>
     <span class='ocr_line' id='line_1_32' title="bbox 1000 1244 1799 1318; baseline -0.004 -15"><span class='ocrx_word' id='word_1_199' title='bbox 1000 1249 1080 1315; x_wconf 89' lang='lat' dir='ltr'>alius,</span> <span class='ocrx_word' id='word_1_200' title='bbox 1105 1248 1229 1304; x_wconf 87' lang='lat' dir='ltr'>diversos</span> <span class='ocrx_word' id='word_1_201' title='bbox 1255 1256 1388 1318; x_wconf 87' lang='lat' dir='ltr'>martyres</span> <span class='ocrx_word' id='word_1_202' title='bbox 1412 1245 1463 1301; x_wconf 91' lang='lat' dir='ltr'>sub</span> <span class='ocrx_word' id='word_1_203' title='bbox 1488 1261 1544 1300; x_wconf 94' lang='lat' dir='ltr'>una</span> <span class='ocrx_word' id='word_1_204' title='bbox 1567 1244 1709 1316; x_wconf 89' lang='lat' dir='ltr'>positione</span> <span class='ocrx_word' id='word_1_205' title='bbox 1726 1260 1799 1300; x_wconf 88' lang='lat' dir='ltr'>cen-</span> 
     </span>
     <span class='ocr_line' id='line_1_33' title="bbox 996 1315 1794 1391; baseline -0.003 -18"><span class='ocrx_word' id='word_1_206' title='bbox 996 1319 1124 1391; x_wconf 87' lang='lat' dir='ltr'>jungens.</span> <span class='ocrx_word' id='word_1_207' title='bbox 1152 1321 1192 1376; x_wconf 91' lang='lat' dir='ltr'>De</span> <span class='ocrx_word' id='word_1_208' title='bbox 1208 1319 1329 1374; x_wconf 72' lang='lat' dir='ltr'>liuciano</span> <span class='ocrx_word' id='word_1_209' title='bbox 1347 1317 1418 1373; x_wconf 91' lang='lat' dir='ltr'>nihil</span> <span class='ocrx_word' id='word_1_210' title='bbox 1434 1315 1573 1385; x_wconf 79' lang='lat' dir='ltr'>historici,</span> <span class='ocrx_word' id='word_1_211' title='bbox 1602 1315 1677 1387; x_wconf 87' lang='lat' dir='ltr'>quod</span> <span class='ocrx_word' id='word_1_212' title='bbox 1698 1315 1794 1382; x_wconf 72' lang='lat' dir='ltr'>sciam</span> 
     </span>
     <span class='ocr_line' id='line_1_34' title="bbox 999 1386 1794 1462; baseline -0.005 -17"><span class='ocrx_word' id='word_1_213' title='bbox 999 1398 1132 1462; x_wconf 86' lang='lat' dir='ltr'>superest.</span> <span class='ocrx_word' id='word_1_214' title='bbox 1161 1391 1275 1447; x_wconf 89' lang='lat' dir='ltr'>lntorim</span> <span class='ocrx_word' id='word_1_215' title='bbox 1305 1388 1339 1444; x_wconf 86' lang='lat' dir='ltr'>ad</span> <span class='ocrx_word' id='word_1_216' title='bbox 1365 1387 1553 1444; x_wconf 87' lang='lat' dir='ltr'>omnimodam</span> <span class='ocrx_word' id='word_1_217' title='bbox 1582 1393 1678 1444; x_wconf 82' lang='lat' dir='ltr'>textus</span> <span class='ocrx_word' id='word_1_218' title='bbox 1706 1386 1794 1444; x_wconf 83' lang='lat' dir='ltr'>nostri</span> 
     </span>
     <span class='ocr_line' id='line_1_35' title="bbox 1000 1461 1511 1533; baseline -0.004 -17"><span class='ocrx_word' id='word_1_219' title='bbox 1000 1461 1147 1533; x_wconf 88' lang='lat' dir='ltr'>puritatem</span> <span class='ocrx_word' id='word_1_220' title='bbox 1163 1461 1234 1516; x_wconf 91' lang='lat' dir='ltr'>nibil</span> <span class='ocrx_word' id='word_1_221' title='bbox 1251 1461 1343 1517; x_wconf 80' lang='lat' dir='ltr'>deesse</span> <span class='ocrx_word' id='word_1_222' title='bbox 1359 1475 1511 1516; x_wconf 81' lang='lat' dir='ltr'>censemus.</span> 
     </span>
    </p>
   </div>
   <div class='ocr_carea' id='block_1_7' title="bbox 185 1603 1798 1849">
    <p class='ocr_par' dir='ltr' id='par_1_9' title="bbox 185 1603 1798 1849">
     <span class='ocr_line' id='line_1_36' title="bbox 880 1603 1072 1662; baseline 0 -2"><span class='ocrx_word' id='word_1_223' title='bbox 880 1603 1072 1662; x_wconf 88' lang='lat' dir='ltr'>AUCTAlllA.</span> 
     </span>
     <span class='ocr_line' id='line_1_37' title="bbox 185 1720 1798 1849; baseline -0.003 -66"><span class='ocrx_word' id='word_1_224' title='bbox 185 1728 339 1783; x_wconf 75' lang='lat' dir='ltr'>Pessima.</span> <span class='ocrx_word' id='word_1_225' title='bbox 377 1726 406 1781; x_wconf 91' lang='lat' dir='ltr'>in</span> <span class='ocrx_word' id='word_1_226' title='bbox 429 1724 535 1780; x_wconf 89' lang='lat' dir='ltr'>duabus</span> <span class='ocrx_word' id='word_1_227' title='bbox 555 1724 652 1849; x_wconf 67' lang='lat' dir='ltr'>primis</span> <span class='ocrx_word' id='word_1_228' title='bbox 672 1740 758 1796; x_wconf 90' lang='lat' dir='ltr'>purus</span> <span class='ocrx_word' id='word_1_229' title='bbox 783 1732 863 1792; x_wconf 87' lang='lat' dir='ltr'>esset,</span> <span class='ocrx_word' id='word_1_230' title='bbox 891 1723 946 1778; x_wconf 91' lang='lat' dir='ltr'>nisi</span> <span class='ocrx_word' id='word_1_231' title='bbox 962 1728 985 1788; x_wconf 86' lang='grc' dir='ltr'><strong>Β</strong></span> <span class='ocrx_word' id='word_1_232' title='bbox 1000 1723 1155 1805; x_wconf 82' lang='lat' dir='ltr'>virginibus</span> <span class='ocrx_word' id='word_1_233' title='bbox 1170 1721 1350 1796; x_wconf 85' lang='lat' dir='ltr'>quadraginta</span> <span class='ocrx_word' id='word_1_234' title='bbox 1364 1736 1440 1792; x_wconf 91' lang='lat' dir='ltr'>pure.</span> <span class='ocrx_word' id='word_1_235' title='bbox 1468 1723 1507 1777; x_wconf 89' lang='lat' dir='ltr'>De</span> <span class='ocrx_word' id='word_1_236' title='bbox 1522 1720 1658 1792; x_wconf 73' lang='lat' dir='ltr'>Gregorio</span> <span class='ocrx_word' id='word_1_237' title='bbox 1670 1720 1732 1778; x_wconf 80' lang='lat' dir='ltr'>inse</span> <span class='ocrx_word' id='word_1_238' title='bbox 1744 1723 1798 1794; x_wconf 90' lang='lat' dir='ltr'>egit</span> 
     </span>
    </p>
   </div>
   <div class='ocr_carea' id='block_1_8' title="bbox 132 1797 944 4413">
    <p class='ocr_par' dir='ltr' id='par_1_10' title="bbox 147 1797 944 1996">
     <span class='ocr_line' id='line_1_38' title="bbox 148 1797 531 1872; baseline -0.018 -17"><span class='ocrx_word' id='word_1_239' title='bbox 148 1816 199 1872; x_wconf 92' lang='lat' dir='ltr'>pro</span> <span class='ocrx_word' id='word_1_240' title='bbox 215 1801 333 1855; x_wconf 81' lang='lat' dir='ltr'>Deciano</span> <span class='ocrx_word' id='word_1_241' title='bbox 346 1797 531 1867; x_wconf 80' lang='lat' dir='ltr'>persecutione,</span> 
     </span>
     <span class='ocr_line' id='line_1_39' title="bbox 149 1864 944 1938; baseline -0.006 -14"><span class='ocrx_word' id='word_1_242' title='bbox 149 1871 264 1925; x_wconf 81' lang='lat' dir='ltr'>cletioiii&#39;.</span> <span class='ocrx_word' id='word_1_243' title='bbox 277 1870 350 1925; x_wconf 90' lang='lat' dir='ltr'>Duas</span> <span class='ocrx_word' id='word_1_244' title='bbox 359 1867 427 1922; x_wconf 90' lang='lat' dir='ltr'>alias</span> <span class='ocrx_word' id='word_1_245' title='bbox 442 1868 521 1937; x_wconf 88' lang='lat' dir='ltr'>plane</span> <span class='ocrx_word' id='word_1_246' title='bbox 535 1866 629 1921; x_wconf 91' lang='lat' dir='ltr'>omisit</span> <span class='ocrx_word' id='word_1_247' title='bbox 642 1865 730 1938; x_wconf 89' lang='lat' dir='ltr'>:quod</span> <span class='ocrx_word' id='word_1_248' title='bbox 744 1867 774 1920; x_wconf 89' lang='lat' dir='ltr'>in</span> <span class='ocrx_word' id='word_1_249' title='bbox 788 1867 839 1921; x_wconf 92' lang='lat' dir='ltr'>hoc</span> <span class='ocrx_word' id='word_1_250' title='bbox 848 1864 944 1921; x_wconf 88' lang='lat' dir='ltr'>codiee</span> 
     </span>
     <span class='ocr_line' id='line_1_40' title="bbox 147 1946 386 1996; baseline -0.008 -1"><span class='ocrx_word' id='word_1_251' title='bbox 147 1957 250 1996; x_wconf 91' lang='lat' dir='ltr'>novum</span> <span class='ocrx_word' id='word_1_252' title='bbox 267 1946 386 1994; x_wconf 90' lang='lat' dir='ltr'>nonest.</span> 
     </span>
    </p>

    <p class='ocr_par' dir='ltr' id='par_1_11' title="bbox 145 2005 942 2576">
     <span class='ocr_line' id='line_1_41' title="bbox 184 2005 942 2077; baseline -0.005 -13"><span class='ocrx_word' id='word_1_253' title='bbox 184 2012 362 2064; x_wconf 77' lang='lat' dir='ltr'>Dnrxsmnis.</span> <span class='ocrx_word' id='word_1_254' title='bbox 377 2025 383 2061; x_wconf 91' lang='lat'>:</span> <span class='ocrx_word' id='word_1_255' title='bbox 404 2006 527 2077; x_wconf 79' lang='lat' dir='ltr'>«Vigilia</span> <span class='ocrx_word' id='word_1_256' title='bbox 540 2007 640 2061; x_wconf 90' lang='lat' dir='ltr'>natalis</span> <span class='ocrx_word' id='word_1_257' title='bbox 653 2005 763 2062; x_wconf 84' lang='lat' dir='ltr'>Domini</span> <span class='ocrx_word' id='word_1_258' title='bbox 782 2006 867 2061; x_wconf 88' lang='lat' dir='ltr'>nostri</span> <span class='ocrx_word' id='word_1_259' title='bbox 878 2006 942 2061; x_wconf 87' lang='lat' dir='ltr'>Jesu</span> 
     </span>
     <span class='ocr_line' id='line_1_42' title="bbox 148 2077 940 2149; baseline -0.005 -13"><span class='ocrx_word' id='word_1_260' title='bbox 148 2080 261 2137; x_wconf 89' lang='lat' dir='ltr'>Christi.</span> <span class='ocrx_word' id='word_1_261' title='bbox 278 2077 357 2149; x_wconf 82' lang='lat' dir='ltr'>Apud</span> <span class='ocrx_word' id='word_1_262' title='bbox 372 2077 549 2132; x_wconf 80' lang='lat' dir='ltr'>Antiochiam</span> <span class='ocrx_word' id='word_1_263' title='bbox 566 2077 663 2147; x_wconf 74' lang='lat' dir='ltr'>Syriae,</span> <span class='ocrx_word' id='word_1_264' title='bbox 680 2077 768 2132; x_wconf 89' lang='lat' dir='ltr'>natale</span> <span class='ocrx_word' id='word_1_265' title='bbox 783 2085 940 2132; x_wconf 90' lang='lat' dir='ltr'>sanctarum</span> 
     </span>
     <span class='ocr_line' id='line_1_43' title="bbox 147 2147 940 2220; baseline -0.001 -16"><span class='ocrx_word' id='word_1_266' title='bbox 147 2151 286 2220; x_wconf 87' lang='lat' dir='ltr'>virginum</span> <span class='ocrx_word' id='word_1_267' title='bbox 299 2148 478 2220; x_wconf 81' lang='lat' dir='ltr'>qnadraginta</span> <span class='ocrx_word' id='word_1_268' title='bbox 489 2149 696 2213; x_wconf 92' lang='lat' dir='ltr'>canonicarum,</span> <span class='ocrx_word' id='word_1_269' title='bbox 707 2158 733 2202; x_wconf 89' lang='lat' dir='ltr'>et</span> <span class='ocrx_word' id='word_1_270' title='bbox 744 2148 861 2203; x_wconf 91' lang='lat' dir='ltr'>aliorum</span> <span class='ocrx_word' id='word_1_271' title='bbox 874 2147 940 2203; x_wconf 92' lang='lat' dir='ltr'>duo·</span> 
     </span>
     <span class='ocr_line' id='line_1_44' title="bbox 147 2218 940 2284; baseline -0.004 -8"><span class='ocrx_word' id='word_1_272' title='bbox 147 2238 209 2276; x_wconf 90' lang='lat' dir='ltr'>rum</span> <span class='ocrx_word' id='word_1_273' title='bbox 234 2220 334 2277; x_wconf 89' lang='lat' dir='ltr'>Donati</span> <span class='ocrx_word' id='word_1_274' title='bbox 349 2227 377 2273; x_wconf 93' lang='lat' dir='ltr'>et</span> <span class='ocrx_word' id='word_1_275' title='bbox 393 2219 485 2273; x_wconf 88' lang='lat' dir='ltr'>Drusi.</span> <span class='ocrx_word' id='word_1_276' title='bbox 510 2219 563 2284; x_wconf 78' lang='lat' dir='ltr'>Qui</span> <span class='ocrx_word' id='word_1_277' title='bbox 578 2218 629 2273; x_wconf 87' lang='lat' dir='ltr'>sub</span> <span class='ocrx_word' id='word_1_278' title='bbox 643 2219 772 2283; x_wconf 87' lang='lat' dir='ltr'>Deciana,</span> <span class='ocrx_word' id='word_1_279' title='bbox 790 2244 799 2265; x_wconf 76' lang='grc' dir='ltr'><strong>ι</strong></span> <span class='ocrx_word' id='word_1_280' title='bbox 825 2226 876 2273; x_wconf 88' lang='lat' dir='ltr'>etc.</span> <span class='ocrx_word' id='word_1_281' title='bbox 902 2220 940 2274; x_wconf 90' lang='lat' dir='ltr'>De</span> 
     </span>
     <span class='ocr_line' id='line_1_45' title="bbox 147 2288 940 2364; baseline -0.005 -16"><span class='ocrx_word' id='word_1_282' title='bbox 147 2292 278 2364; x_wconf 87' lang='lat' dir='ltr'>Gregorio</span> <span class='ocrx_word' id='word_1_283' title='bbox 294 2289 400 2356; x_wconf 88' lang='lat' dir='ltr'>inserit,</span> <span class='ocrx_word' id='word_1_284' title='bbox 419 2289 489 2344; x_wconf 79' lang='lat' dir='ltr'>«sub</span> <span class='ocrx_word' id='word_1_285' title='bbox 501 2288 594 2360; x_wconf 79' lang='lat' dir='ltr'>judice</span> <span class='ocrx_word' id='word_1_286' title='bbox 607 2289 714 2344; x_wconf 82' lang='lat' dir='ltr'>Flacco.</span> <span class='ocrx_word' id='word_1_287' title='bbox 732 2291 834 2356; x_wconf 77' lang='lat' dir='ltr'>nome,</span> <span class='ocrx_word' id='word_1_288' title='bbox 850 2289 940 2344; x_wconf 90' lang='lat' dir='ltr'>natale</span> 
     </span>
     <span class='ocr_line' id='line_1_46' title="bbox 146 2359 938 2427; baseline -0.005 -9"><span class='ocrx_word' id='word_1_289' title='bbox 146 2371 302 2418; x_wconf 85' lang='lat' dir='ltr'>sanctoruni</span> <span class='ocrx_word' id='word_1_290' title='bbox 314 2369 384 2415; x_wconf 90' lang='lat' dir='ltr'>niart</span> <span class='ocrx_word' id='word_1_291' title='bbox 406 2376 465 2414; x_wconf 90' lang='lat' dir='ltr'>rum</span> <span class='ocrx_word' id='word_1_292' title='bbox 478 2359 615 2426; x_wconf 86' lang='lat' dir='ltr'>Metrobii,</span> <span class='ocrx_word' id='word_1_293' title='bbox 627 2359 714 2427; x_wconf 88' lang='lat' dir='ltr'>Pauli,</span> <span class='ocrx_word' id='word_1_294' title='bbox 727 2361 834 2426; x_wconf 88' lang='lat' dir='ltr'>Zenoti,</span> <span class='ocrx_word' id='word_1_295' title='bbox 850 2360 938 2414; x_wconf 92' lang='lat' dir='ltr'>Temi·</span> 
     </span>
     <span class='ocr_line' id='line_1_47' title="bbox 145 2376 939 2502; baseline -0.005 -13"><span class='ocrx_word' id='word_1_296' title='bbox 145 2435 214 2489; x_wconf 89' lang='lat' dir='ltr'>stiet</span> <span class='ocrx_word' id='word_1_297' title='bbox 224 2432 368 2488; x_wconf 78' lang='lat' dir='ltr'>luciani·</span> <span class='ocrx_word' id='word_1_298' title='bbox 385 2376 514 2502; x_wconf 71' lang='lat' dir='ltr'>isquam</span> <span class='ocrx_word' id='word_1_299' title='bbox 523 2431 699 2486; x_wconf 89' lang='lat' dir='ltr'>annuntiatio</span> <span class='ocrx_word' id='word_1_300' title='bbox 712 2431 829 2485; x_wconf 88' lang='lat' dir='ltr'>ultima:</span> <span class='ocrx_word' id='word_1_301' title='bbox 846 2429 939 2501; x_wconf 81' lang='lat' dir='ltr'>«Apud</span> 
     </span>
     <span class='ocr_line' id='line_1_48' title="bbox 145 2503 546 2576; baseline 0 -19"><span class='ocrx_word' id='word_1_302' title='bbox 145 2505 278 2576; x_wconf 86' lang='lat' dir='ltr'>Tripolim</span> <span class='ocrx_word' id='word_1_303' title='bbox 295 2503 445 2568; x_wconf 85' lang='lat' dir='ltr'>civitatem,</span> <span class='ocrx_word' id='word_1_304' title='bbox 464 2527 473 2549; x_wconf 78' lang='grc' dir='ltr'><strong>ι</strong></span> <span class='ocrx_word' id='word_1_305' title='bbox 495 2510 546 2557; x_wconf 87' lang='lat' dir='ltr'>ele.</span> 
     </span>
    </p>

    <p class='ocr_par' dir='ltr' id='par_1_12' title="bbox 138 2571 936 3564">
     <span class='ocr_line' id='line_1_49' title="bbox 182 2571 936 2642; baseline -0.001 -15"><span class='ocrx_word' id='word_1_306' title='bbox 182 2576 361 2627; x_wconf 77' lang='lat' dir='ltr'>Hsenuorms.</span> <span class='ocrx_word' id='word_1_307' title='bbox 378 2590 383 2625; x_wconf 92' lang='lat'><strong>:</strong></span> <span class='ocrx_word' id='word_1_308' title='bbox 413 2596 421 2616; x_wconf 82' lang='grc' dir='ltr'>ι</span> <span class='ocrx_word' id='word_1_309' title='bbox 437 2573 540 2642; x_wconf 87' lang='lat' dir='ltr'>Vigilia</span> <span class='ocrx_word' id='word_1_310' title='bbox 554 2572 707 2627; x_wconf 87' lang='lat' dir='ltr'>nativitatis</span> <span class='ocrx_word' id='word_1_311' title='bbox 721 2571 834 2627; x_wconf 90' lang='lat' dir='ltr'>Domini</span> <span class='ocrx_word' id='word_1_312' title='bbox 850 2571 936 2626; x_wconf 90' lang='lat' dir='ltr'>nostri</span> 
     </span>
     <span class='ocr_line' id='line_1_50' title="bbox 144 2642 936 2713; baseline 0 -16"><span class='ocrx_word' id='word_1_313' title='bbox 144 2643 208 2698; x_wconf 81' lang='lat' dir='ltr'>lesu</span> <span class='ocrx_word' id='word_1_314' title='bbox 223 2642 337 2699; x_wconf 81' lang='lat' dir='ltr'>Christi.</span> <span class='ocrx_word' id='word_1_315' title='bbox 354 2665 363 2689; x_wconf 71' lang='grc' dir='ltr'><strong>ι</strong></span> <span class='ocrx_word' id='word_1_316' title='bbox 384 2643 414 2697; x_wconf 93' lang='lat' dir='ltr'>ln</span> <span class='ocrx_word' id='word_1_317' title='bbox 434 2642 588 2713; x_wconf 80' lang='lat' dir='ltr'>virginibus</span> <span class='ocrx_word' id='word_1_318' title='bbox 602 2643 784 2700; x_wconf 84' lang='lat' dir='ltr'>Antiochenis</span> <span class='ocrx_word' id='word_1_319' title='bbox 798 2649 825 2699; x_wconf 89' lang='lat' dir='ltr'>ct</span> <span class='ocrx_word' id='word_1_320' title='bbox 837 2643 936 2712; x_wconf 88' lang='lat' dir='ltr'>Grego-</span> 
     </span>
     <span class='ocr_line' id='line_1_51' title="bbox 145 2712 935 2791; baseline 0 -23"><span class='ocrx_word' id='word_1_321' title='bbox 145 2714 187 2768; x_wconf 91' lang='lat' dir='ltr'>rio</span> <span class='ocrx_word' id='word_1_322' title='bbox 201 2714 346 2784; x_wconf 86' lang='lat' dir='ltr'>Spoletano</span> <span class='ocrx_word' id='word_1_323' title='bbox 368 2728 452 2791; x_wconf 88' lang='lat' dir='ltr'>purus</span> <span class='ocrx_word' id='word_1_324' title='bbox 466 2720 516 2768; x_wconf 85' lang='lat' dir='ltr'>est.</span> <span class='ocrx_word' id='word_1_325' title='bbox 544 2713 693 2783; x_wconf 82' lang='lat' dir='ltr'>Sequitur:</span> <span class='ocrx_word' id='word_1_326' title='bbox 734 2712 860 2768; x_wconf 82' lang='lat' dir='ltr'>«Eodem</span> <span class='ocrx_word' id='word_1_327' title='bbox 879 2713 935 2780; x_wconf 90' lang='lat' dir='ltr'>die,</span> 
     </span>
     <span class='ocr_line' id='line_1_52' title="bbox 144 2783 936 2855; baseline 0 -18"><span class='ocrx_word' id='word_1_328' title='bbox 144 2784 280 2855; x_wconf 87' lang='lat' dir='ltr'>depositio</span> <span class='ocrx_word' id='word_1_329' title='bbox 291 2789 377 2837; x_wconf 88' lang='lat' dir='ltr'>saneti</span> <span class='ocrx_word' id='word_1_330' title='bbox 392 2783 535 2851; x_wconf 84' lang='lat' dir='ltr'>Dagoherti</span> <span class='ocrx_word' id='word_1_331' title='bbox 549 2784 620 2853; x_wconf 88' lang='lat' dir='ltr'>regis</span> <span class='ocrx_word' id='word_1_332' title='bbox 633 2784 764 2850; x_wconf 83' lang='lat' dir='ltr'>Franciae,</span> <span class='ocrx_word' id='word_1_333' title='bbox 776 2784 823 2854; x_wconf 90' lang='lat' dir='ltr'>qni</span> <span class='ocrx_word' id='word_1_334' title='bbox 836 2783 879 2837; x_wconf 78' lang='lat' dir='ltr'>sir</span> <span class='ocrx_word' id='word_1_335' title='bbox 889 2799 936 2854; x_wconf 93' lang='lat' dir='ltr'>per</span> 
     </span>
     <span class='ocr_line' id='line_1_53' title="bbox 144 2853 935 2924; baseline 0.001 -17"><span class='ocrx_word' id='word_1_336' title='bbox 144 2854 237 2907; x_wconf 88' lang='lat' dir='ltr'>onmia</span> <span class='ocrx_word' id='word_1_337' title='bbox 252 2854 340 2907; x_wconf 92' lang='lat' dir='ltr'>bonus</span> <span class='ocrx_word' id='word_1_338' title='bbox 352 2858 409 2905; x_wconf 88' lang='lat' dir='ltr'>erat</span> <span class='ocrx_word' id='word_1_339' title='bbox 425 2862 451 2906; x_wconf 88' lang='lat' dir='ltr'>et</span> <span class='ocrx_word' id='word_1_340' title='bbox 465 2853 617 2907; x_wconf 89' lang='lat' dir='ltr'>catholicus</span> <span class='ocrx_word' id='word_1_341' title='bbox 633 2863 660 2908; x_wconf 88' lang='lat' dir='ltr'>et</span> <span class='ocrx_word' id='word_1_342' title='bbox 679 2854 806 2908; x_wconf 79' lang='lat' dir='ltr'>defensor</span> <span class='ocrx_word' id='word_1_343' title='bbox 827 2869 935 2924; x_wconf 89' lang='lat' dir='ltr'>paupe-</span> 
     </span>
     <span class='ocr_line' id='line_1_54' title="bbox 143 2922 934 2995; baseline 0 -16"><span class='ocrx_word' id='word_1_344' title='bbox 143 2940 205 2979; x_wconf 91' lang='lat' dir='ltr'>rum</span> <span class='ocrx_word' id='word_1_345' title='bbox 217 2943 224 2989; x_wconf 84' lang='lat'>·,</span> <span class='ocrx_word' id='word_1_346' title='bbox 237 2924 282 2995; x_wconf 92' lang='lat' dir='ltr'>qui</span> <span class='ocrx_word' id='word_1_347' title='bbox 299 2923 332 2977; x_wconf 93' lang='lat' dir='ltr'>de</span> <span class='ocrx_word' id='word_1_348' title='bbox 343 2922 422 2975; x_wconf 89' lang='lat' dir='ltr'>bonis</span> <span class='ocrx_word' id='word_1_349' title='bbox 433 2922 489 2977; x_wconf 89' lang='lat' dir='ltr'>suis</span> <span class='ocrx_word' id='word_1_350' title='bbox 504 2924 631 2977; x_wconf 89' lang='lat' dir='ltr'>eeclesias</span> <span class='ocrx_word' id='word_1_351' title='bbox 640 2923 796 2989; x_wconf 74' lang='lat' dir='ltr'>aedificavit,</span> <span class='ocrx_word' id='word_1_352' title='bbox 808 2936 832 2978; x_wconf 87' lang='lat' dir='ltr'>ei</span> <span class='ocrx_word' id='word_1_353' title='bbox 844 2924 934 2994; x_wconf 88' lang='lat' dir='ltr'>plures</span> 
     </span>
     <span class='ocr_line' id='line_1_55' title="bbox 143 2991 933 3058; baseline -0.005 -6"><span class='ocrx_word' id='word_1_354' title='bbox 143 2995 210 3052; x_wconf 89' lang='lat' dir='ltr'>alias</span> <span class='ocrx_word' id='word_1_355' title='bbox 224 2994 304 3050; x_wconf 91' lang='lat' dir='ltr'>benis</span> <span class='ocrx_word' id='word_1_356' title='bbox 321 2993 378 3048; x_wconf 89' lang='lat' dir='ltr'>suis</span> <span class='ocrx_word' id='word_1_357' title='bbox 392 2991 492 3049; x_wconf 87' lang='lat' dir='ltr'>ditans.</span> <span class='ocrx_word' id='word_1_358' title='bbox 508 2993 594 3058; x_wconf 82' lang='lat' dir='ltr'>Quem</span> <span class='ocrx_word' id='word_1_359' title='bbox 609 3009 672 3049; x_wconf 91' lang='lat' dir='ltr'>eum</span> <span class='ocrx_word' id='word_1_360' title='bbox 683 2995 757 3048; x_wconf 90' lang='lat' dir='ltr'>Dens</span> <span class='ocrx_word' id='word_1_361' title='bbox 768 2993 933 3048; x_wconf 90' lang='lat' dir='ltr'>mirabiliter</span> 
     </span>
     <span class='ocr_line' id='line_1_56' title="bbox 142 3062 930 3137; baseline -0.001 -17"><span class='ocrx_word' id='word_1_362' title='bbox 142 3066 261 3137; x_wconf 91' lang='lat' dir='ltr'>probans</span> <span class='ocrx_word' id='word_1_363' title='bbox 270 3074 297 3121; x_wconf 91' lang='lat' dir='ltr'>et</span> <span class='ocrx_word' id='word_1_364' title='bbox 306 3063 478 3131; x_wconf 83' lang='lat' dir='ltr'>examinans,</span> <span class='ocrx_word' id='word_1_365' title='bbox 489 3066 576 3119; x_wconf 92' lang='lat' dir='ltr'>multa</span> <span class='ocrx_word' id='word_1_366' title='bbox 587 3064 658 3119; x_wconf 91' lang='lat' dir='ltr'>bella</span> <span class='ocrx_word' id='word_1_367' title='bbox 668 3062 718 3120; x_wconf 91' lang='lat' dir='ltr'>sub</span> <span class='ocrx_word' id='word_1_368' title='bbox 729 3080 761 3119; x_wconf 92' lang='lat' dir='ltr'>eo</span> <span class='ocrx_word' id='word_1_369' title='bbox 770 3063 930 3132; x_wconf 89' lang='lat' dir='ltr'>concitavit,</span> 
     </span>
     <span class='ocr_line' id='line_1_57' title="bbox 141 3134 932 3217; baseline -0.001 -26"><span class='ocrx_word' id='word_1_370' title='bbox 141 3153 202 3217; x_wconf 78' lang='lat' dir='ltr'>quai</span> <span class='ocrx_word' id='word_1_371' title='bbox 218 3144 310 3192; x_wconf 88' lang='lat' dir='ltr'>tamen</span> <span class='ocrx_word' id='word_1_372' title='bbox 325 3134 467 3190; x_wconf 86' lang='lat' dir='ltr'>curialiter</span> <span class='ocrx_word' id='word_1_373' title='bbox 480 3135 610 3208; x_wconf 84' lang='lat' dir='ltr'>placavit,</span> <span class='ocrx_word' id='word_1_374' title='bbox 624 3134 692 3191; x_wconf 88' lang='lat' dir='ltr'>dans</span> <span class='ocrx_word' id='word_1_375' title='bbox 706 3136 732 3191; x_wconf 89' lang='lat' dir='ltr'>ei</span> <span class='ocrx_word' id='word_1_376' title='bbox 747 3135 876 3190; x_wconf 89' lang='lat' dir='ltr'>similiter</span> <span class='ocrx_word' id='word_1_377' title='bbox 895 3134 932 3190; x_wconf 88' lang='lat' dir='ltr'>ti-</span> 
     </span>
     <span class='ocr_line' id='line_1_58' title="bbox 142 3205 931 3287; baseline -0.003 -25"><span class='ocrx_word' id='word_1_378' title='bbox 142 3208 207 3262; x_wconf 91' lang='lat' dir='ltr'>liam</span> <span class='ocrx_word' id='word_1_379' title='bbox 221 3207 342 3273; x_wconf 89' lang='lat' dir='ltr'>surdam,</span> <span class='ocrx_word' id='word_1_380' title='bbox 366 3222 464 3261; x_wconf 79' lang='lat' dir='ltr'>cacani</span> <span class='ocrx_word' id='word_1_381' title='bbox 481 3214 507 3262; x_wconf 89' lang='lat' dir='ltr'>et</span> <span class='ocrx_word' id='word_1_382' title='bbox 522 3215 636 3273; x_wconf 90' lang='lat' dir='ltr'>mutam,</span> <span class='ocrx_word' id='word_1_383' title='bbox 662 3223 744 3287; x_wconf 90' lang='lat' dir='ltr'>quam</span> <span class='ocrx_word' id='word_1_384' title='bbox 759 3222 807 3278; x_wconf 91' lang='lat' dir='ltr'>per</span> <span class='ocrx_word' id='word_1_385' title='bbox 822 3205 931 3261; x_wconf 91' lang='lat' dir='ltr'>beatum</span> 
     </span>
     <span class='ocr_line' id='line_1_59' title="bbox 140 3276 933 3352; baseline -0.003 -18"><span class='ocrx_word' id='word_1_386' title='bbox 140 3279 313 3335; x_wconf 90' lang='lat' dir='ltr'>Florentium</span> <span class='ocrx_word' id='word_1_387' title='bbox 327 3276 489 3333; x_wconf 89' lang='lat' dir='ltr'>heremitam</span> <span class='ocrx_word' id='word_1_388' title='bbox 500 3276 618 3344; x_wconf 87' lang='lat' dir='ltr'>curavit,</span> <span class='ocrx_word' id='word_1_389' title='bbox 635 3277 779 3352; x_wconf 87' lang='lat' dir='ltr'>liliumque</span> <span class='ocrx_word' id='word_1_390' title='bbox 788 3276 847 3349; x_wconf 90' lang='lat' dir='ltr'>ejus</span> <span class='ocrx_word' id='word_1_391' title='bbox 860 3278 933 3332; x_wconf 92' lang='lat' dir='ltr'>mala</span> 
     </span>
     <span class='ocr_line' id='line_1_60' title="bbox 140 3348 932 3421; baseline -0.003 -17"><span class='ocrx_word' id='word_1_392' title='bbox 140 3359 228 3406; x_wconf 92' lang='lat' dir='ltr'>morte</span> <span class='ocrx_word' id='word_1_393' title='bbox 243 3357 393 3415; x_wconf 89' lang='lat' dir='ltr'>mortuum,</span> <span class='ocrx_word' id='word_1_394' title='bbox 410 3364 457 3420; x_wconf 91' lang='lat' dir='ltr'>per</span> <span class='ocrx_word' id='word_1_395' title='bbox 471 3349 581 3405; x_wconf 89' lang='lat' dir='ltr'>beatum</span> <span class='ocrx_word' id='word_1_396' title='bbox 599 3348 780 3421; x_wconf 89' lang='lat' dir='ltr'>Arhogastum</span> <span class='ocrx_word' id='word_1_397' title='bbox 798 3349 932 3419; x_wconf 86' lang='lat' dir='ltr'>Argenti-</span> 
     </span>
     <span class='ocr_line' id='line_1_61' title="bbox 139 3418 929 3493; baseline -0.001 -18"><span class='ocrx_word' id='word_1_398' title='bbox 139 3436 252 3477; x_wconf 89' lang='lat' dir='ltr'>nensem</span> <span class='ocrx_word' id='word_1_399' title='bbox 262 3421 419 3493; x_wconf 85' lang='lat' dir='ltr'>episcopum</span> <span class='ocrx_word' id='word_1_400' title='bbox 430 3421 584 3477; x_wconf 86' lang='lat' dir='ltr'>suscitavit.</span> <span class='ocrx_word' id='word_1_401' title='bbox 596 3443 605 3466; x_wconf 73' lang='grc' dir='ltr'>ι</span> <span class='ocrx_word' id='word_1_402' title='bbox 626 3421 743 3476; x_wconf 89' lang='lat' dir='ltr'>Demum</span> <span class='ocrx_word' id='word_1_403' title='bbox 754 3420 787 3476; x_wconf 89' lang='lat' dir='ltr'>de</span> <span class='ocrx_word' id='word_1_404' title='bbox 798 3418 929 3488; x_wconf 81' lang='lat' dir='ltr'>Lucieno,</span> 
     </span>
     <span class='ocr_line' id='line_1_62' title="bbox 138 3492 295 3564; baseline -0.006 -16"><span class='ocrx_word' id='word_1_405' title='bbox 138 3492 295 3564; x_wconf 87' lang='lat' dir='ltr'>satispure.</span> 
     </span>
    </p>

    <p class='ocr_par' dir='ltr' id='par_1_13' title="bbox 136 3560 931 3825">
     <span class='ocr_line' id='line_1_63' title="bbox 173 3560 931 3633; baseline 0 -17"><span class='ocrx_word' id='word_1_406' title='bbox 173 3561 635 3619; x_wconf 71' lang='lat' dir='ltr'>Marma-Caurus.-Unrisiirscm:</span> <span class='ocrx_word' id='word_1_407' title='bbox 671 3585 680 3607; x_wconf 73' lang='grc' dir='ltr'>ι</span> <span class='ocrx_word' id='word_1_408' title='bbox 705 3560 816 3633; x_wconf 88' lang='lat' dir='ltr'>Vigilia.</span> <span class='ocrx_word' id='word_1_409' title='bbox 848 3560 931 3632; x_wconf 86' lang='lat' dir='ltr'>Apud</span> 
     </span>
     <span class='ocr_line' id='line_1_64' title="bbox 138 3631 929 3708; baseline 0.001 -23"><span class='ocrx_word' id='word_1_410' title='bbox 138 3631 327 3695; x_wconf 86' lang='lat' dir='ltr'>Antiochiam,</span> <span class='ocrx_word' id='word_1_411' title='bbox 342 3642 496 3686; x_wconf 88' lang='lat' dir='ltr'>sanctarum</span> <span class='ocrx_word' id='word_1_412' title='bbox 512 3632 690 3704; x_wconf 85' lang='lat' dir='ltr'>quadraginta</span> <span class='ocrx_word' id='word_1_413' title='bbox 705 3631 929 3708; x_wconf 71' lang='lat' dir='ltr'>virginumque</span> 
     </span>
     <span class='ocr_line' id='line_1_65' title="bbox 138 3700 928 3773; baseline 0.001 -18"><span class='ocrx_word' id='word_1_414' title='bbox 138 3700 254 3755; x_wconf 81' lang='lat' dir='ltr'>diversis</span> <span class='ocrx_word' id='word_1_415' title='bbox 275 3701 419 3755; x_wconf 88' lang='lat' dir='ltr'>tormentis</span> <span class='ocrx_word' id='word_1_416' title='bbox 440 3717 524 3771; x_wconf 82' lang='lat' dir='ltr'>passae</span> <span class='ocrx_word' id='word_1_417' title='bbox 550 3711 623 3758; x_wconf 89' lang='lat' dir='ltr'>sunl.</span> <span class='ocrx_word' id='word_1_418' title='bbox 650 3701 772 3773; x_wconf 79' lang='lat' dir='ltr'>Gregorii</span> <span class='ocrx_word' id='word_1_419' title='bbox 790 3702 928 3772; x_wconf 84' lang='lat' dir='ltr'>martyris.</span> 
     </span>
     <span class='ocr_line' id='line_1_66' title="bbox 136 3769 390 3825; baseline -0.008 0"><span class='ocrx_word' id='word_1_420' title='bbox 136 3771 228 3825; x_wconf 88' lang='lat' dir='ltr'>Sancti</span> <span class='ocrx_word' id='word_1_421' title='bbox 241 3769 364 3824; x_wconf 84' lang='lat' dir='ltr'>Luciaiii.</span> <span class='ocrx_word' id='word_1_422' title='bbox 382 3795 390 3815; x_wconf 79' lang='grc' dir='ltr'>ι</span> 
     </span>
    </p>

    <p class='ocr_par' dir='ltr' id='par_1_14' title="bbox 134 3840 929 4106">
     <span class='ocr_line' id='line_1_67' title="bbox 172 3840 929 3912; baseline 0.003 -17"><span class='ocrx_word' id='word_1_423' title='bbox 172 3841 436 3896; x_wconf 65' lang='lat' dir='ltr'>cisum-Kissia:</span> <span class='ocrx_word' id='word_1_424' title='bbox 475 3865 484 3888; x_wconf 85' lang='grc' dir='ltr'>ι</span> <span class='ocrx_word' id='word_1_425' title='bbox 510 3840 592 3912; x_wconf 85' lang='lat' dir='ltr'>Apud</span> <span class='ocrx_word' id='word_1_426' title='bbox 617 3841 758 3912; x_wconf 88' lang='lat' dir='ltr'>Spoletum</span> <span class='ocrx_word' id='word_1_427' title='bbox 788 3840 929 3897; x_wconf 88' lang='lat' dir='ltr'>civitatem</span> 
     </span>
     <span class='ocr_line' id='line_1_68' title="bbox 135 3909 928 3993; baseline 0.001 -28"><span class='ocrx_word' id='word_1_428' title='bbox 135 3909 252 3977; x_wconf 73' lang='lat' dir='ltr'>Tusciae,</span> <span class='ocrx_word' id='word_1_429' title='bbox 266 3910 353 3966; x_wconf 91' lang='lat' dir='ltr'>sancti</span> <span class='ocrx_word' id='word_1_430' title='bbox 365 3910 498 3982; x_wconf 93' lang='lat' dir='ltr'>Alnulphi</span> <span class='ocrx_word' id='word_1_431' title='bbox 511 3910 639 3981; x_wconf 90' lang='lat' dir='ltr'>martyris</span> <span class='ocrx_word' id='word_1_432' title='bbox 649 3919 676 3966; x_wconf 91' lang='lat' dir='ltr'>et</span> <span class='ocrx_word' id='word_1_433' title='bbox 686 3912 850 3993; x_wconf 84' lang='lat' dir='ltr'>presbyteri,</span> <span class='ocrx_word' id='word_1_434' title='bbox 861 3919 928 3967; x_wconf 92' lang='lat' dir='ltr'>tem·</span> 
     </span>
     <span class='ocr_line' id='line_1_69' title="bbox 134 3980 921 4106; baseline 0.003 -70"><span class='ocrx_word' id='word_1_435' title='bbox 134 3981 248 4106; x_wconf 54' lang='lat' dir='ltr'>poribus</span> <span class='ocrx_word' id='word_1_436' title='bbox 270 3980 433 4036; x_wconf 88' lang='lat' dir='ltr'>Diocletiani</span> <span class='ocrx_word' id='word_1_437' title='bbox 455 3991 482 4037; x_wconf 91' lang='lat' dir='ltr'>et</span> <span class='ocrx_word' id='word_1_438' title='bbox 500 3981 661 4037; x_wconf 83' lang='lat' dir='ltr'>Maximiani</span> <span class='ocrx_word' id='word_1_439' title='bbox 685 3991 921 4056; x_wconf 79' lang='lat' dir='ltr'>imperatorum.»</span> 
     </span>
    </p>

    <p class='ocr_par' dir='ltr' id='par_1_15' title="bbox 134 4050 929 4248">
     <span class='ocr_line' id='line_1_70' title="bbox 157 4050 928 4179; baseline 0.006 -74"><span class='ocrx_word' id='word_1_440' title='bbox 157 4058 204 4105; x_wconf 92' lang='lat' dir='ltr'>uto</span> <span class='ocrx_word' id='word_1_441' title='bbox 219 4050 395 4107; x_wconf 79' lang='lat' dir='ltr'>manifestum</span> <span class='ocrx_word' id='word_1_442' title='bbox 408 4068 466 4108; x_wconf 89' lang='lat' dir='ltr'>esse</span> <span class='ocrx_word' id='word_1_443' title='bbox 481 4051 555 4125; x_wconf 90' lang='lat' dir='ltr'>quod</span> <span class='ocrx_word' id='word_1_444' title='bbox 570 4052 718 4179; x_wconf 57' lang='lat' dir='ltr'>Gregorius</span> <span class='ocrx_word' id='word_1_445' title='bbox 739 4061 831 4110; x_wconf 88' lang='lat' dir='ltr'>noster</span> <span class='ocrx_word' id='word_1_446' title='bbox 854 4054 928 4126; x_wconf 91' lang='lat' dir='ltr'>Spo-</span> 
     </span>
     <span class='ocr_line' id='line_1_71' title="bbox 134 4121 929 4202; baseline 0.006 -25"><span class='ocrx_word' id='word_1_447' title='bbox 134 4121 242 4202; x_wconf 82' lang='lat' dir='ltr'>letanus</span> <span class='ocrx_word' id='word_1_448' title='bbox 261 4121 387 4194; x_wconf 91' lang='lat' dir='ltr'>imperite</span> <span class='ocrx_word' id='word_1_449' title='bbox 406 4123 452 4180; x_wconf 90' lang='lat' dir='ltr'>bic</span> <span class='ocrx_word' id='word_1_450' title='bbox 475 4124 504 4179; x_wconf 94' lang='lat' dir='ltr'>in</span> <span class='ocrx_word' id='word_1_451' title='bbox 525 4124 627 4195; x_wconf 82' lang='lat' dir='ltr'>Aliiulp</span> <span class='ocrx_word' id='word_1_452' title='bbox 648 4141 691 4178; x_wconf 86' lang='lat' dir='ltr'>um</span> <span class='ocrx_word' id='word_1_453' title='bbox 716 4125 929 4182; x_wconf 81' lang='lat' dir='ltr'>transformatus</span> 
     </span>
     <span class='ocr_line' id='line_1_72' title="bbox 134 4200 179 4248; baseline 0 -1"><span class='ocrx_word' id='word_1_454' title='bbox 134 4200 179 4248; x_wconf 89' lang='lat' dir='ltr'>sit.</span> 
     </span>
    </p>

    <p class='ocr_par' dir='ltr' id='par_1_16' title="bbox 132 4262 926 4413">
     <span class='ocr_line' id='line_1_73' title="bbox 168 4262 925 4338; baseline 0.005 -20"><span class='ocrx_word' id='word_1_455' title='bbox 168 4262 262 4319; x_wconf 87' lang='lat' dir='ltr'>Editio</span> <span class='ocrx_word' id='word_1_456' title='bbox 277 4264 464 4323; x_wconf 75' lang='lat' dir='ltr'>scisco-eoi.</span> <span class='ocrx_word' id='word_1_457' title='bbox 480 4284 486 4323; x_wconf 91' lang='lat'>:</span> <span class='ocrx_word' id='word_1_458' title='bbox 507 4291 516 4314; x_wconf 79' lang='grc' dir='ltr'>ι</span> <span class='ocrx_word' id='word_1_459' title='bbox 531 4265 634 4338; x_wconf 86' lang='lat' dir='ltr'>Vigilia</span> <span class='ocrx_word' id='word_1_460' title='bbox 649 4267 803 4323; x_wconf 81' lang='lat' dir='ltr'>nativitatis</span> <span class='ocrx_word' id='word_1_461' title='bbox 812 4267 925 4323; x_wconf 92' lang='lat' dir='ltr'>Domini</span> 
     </span>
     <span class='ocr_line' id='line_1_74' title="bbox 132 4335 926 4413; baseline 0.009 -24"><span class='ocrx_word' id='word_1_462' title='bbox 132 4335 219 4391; x_wconf 91' lang='lat' dir='ltr'>nostri</span> <span class='ocrx_word' id='word_1_463' title='bbox 233 4335 297 4393; x_wconf 88' lang='lat' dir='ltr'>Jesn</span> <span class='ocrx_word' id='word_1_464' title='bbox 311 4337 415 4397; x_wconf 84' lang='lat' dir='ltr'>Christi</span> <span class='ocrx_word' id='word_1_465' title='bbox 430 4338 581 4395; x_wconf 88' lang='lat' dir='ltr'>seeundum</span> <span class='ocrx_word' id='word_1_466' title='bbox 595 4354 715 4395; x_wconf 89' lang='lat' dir='ltr'>carnem.</span> <span class='ocrx_word' id='word_1_467' title='bbox 728 4365 737 4386; x_wconf 76' lang='grc' dir='ltr'><strong>ι</strong></span> <span class='ocrx_word' id='word_1_468' title='bbox 752 4339 882 4413; x_wconf 86' lang='lat' dir='ltr'>Sequitur</span> <span class='ocrx_word' id='word_1_469' title='bbox 892 4339 926 4396; x_wconf 87' lang='lat' dir='ltr'>de</span> 
     </span>
    </p>
   </div>
   <div class='ocr_carea' id='block_1_9' title="bbox 948 3067 1527 3140">
    <p class='ocr_par' dir='ltr' id='par_1_17' title="bbox 948 3067 1527 3140">
     <span class='ocr_line' id='line_1_75' title="bbox 948 3067 1527 3140; baseline 0.003 -18"><span class='ocrx_word' id='word_1_470' title='bbox 948 3075 970 3134; x_wconf 81' lang='lat' dir='ltr'>c</span> <span class='ocrx_word' id='word_1_471' title='bbox 987 3067 1078 3134; x_wconf 90' lang='lat' dir='ltr'>nialis,</span> <span class='ocrx_word' id='word_1_472' title='bbox 1094 3068 1185 3123; x_wconf 75' lang='lat' dir='ltr'>amitae</span> <span class='ocrx_word' id='word_1_473' title='bbox 1200 3068 1287 3123; x_wconf 90' lang='lat' dir='ltr'>sancti</span> <span class='ocrx_word' id='word_1_474' title='bbox 1303 3067 1427 3140; x_wconf 88' lang='lat' dir='ltr'>Gregorii</span> <span class='ocrx_word' id='word_1_475' title='bbox 1442 3083 1527 3140; x_wconf 76' lang='lat' dir='ltr'>papae.</span> 
     </span>
    </p>
   </div>
   <div class='ocr_carea' id='block_1_10' title="bbox 568 1792 1798 1878">
    <p class='ocr_par' dir='ltr' id='par_1_18' title="bbox 568 1792 1798 1878">
     <span class='ocr_line' id='line_1_76' title="bbox 568 1792 1798 1878; baseline 0.002 -30"><span class='ocrx_word' id='word_1_476' title='bbox 568 1805 658 1865; x_wconf 86' lang='lat' dir='ltr'>egeret</span> <span class='ocrx_word' id='word_1_477' title='bbox 673 1797 851 1865; x_wconf 81' lang='lat' dir='ltr'>persecutione</span> <span class='ocrx_word' id='word_1_478' title='bbox 873 1795 945 1849; x_wconf 87' lang='lat' dir='ltr'>Dio-</span> <span class='ocrx_word' id='word_1_479' title='bbox 998 1808 1124 1878; x_wconf 83' lang='lat' dir='ltr'>superius</span> <span class='ocrx_word' id='word_1_480' title='bbox 1151 1810 1221 1849; x_wconf 83' lang='lat' dir='ltr'>xxii.</span> <span class='ocrx_word' id='word_1_481' title='bbox 1249 1796 1289 1850; x_wconf 92' lang='lat' dir='ltr'>De</span> <span class='ocrx_word' id='word_1_482' title='bbox 1312 1792 1434 1849; x_wconf 86' lang='lat' dir='ltr'>Luciano</span> <span class='ocrx_word' id='word_1_483' title='bbox 1456 1793 1497 1849; x_wconf 91' lang='lat' dir='ltr'>sie</span> <span class='ocrx_word' id='word_1_484' title='bbox 1519 1792 1619 1848; x_wconf 87' lang='lat' dir='ltr'>habet:</span> <span class='ocrx_word' id='word_1_485' title='bbox 1658 1792 1798 1851; x_wconf 80' lang='lat' dir='ltr'>«Ciuitate</span> 
     </span>
    </p>
   </div>
   <div class='ocr_carea' id='block_1_11' title="bbox 980 1863 1796 4399">
    <p class='ocr_par' dir='ltr' id='par_1_19' title="bbox 992 1863 1796 2643">
     <span class='ocr_line' id='line_1_77' title="bbox 998 1863 1794 1938; baseline 0.001 -18"><span class='ocrx_word' id='word_1_486' title='bbox 998 1866 1114 1935; x_wconf 84' lang='lat' dir='ltr'>Tripoli,</span> <span class='ocrx_word' id='word_1_487' title='bbox 1143 1865 1231 1921; x_wconf 87' lang='lat' dir='ltr'>sancti</span> <span class='ocrx_word' id='word_1_488' title='bbox 1262 1865 1377 1920; x_wconf 83' lang='lat' dir='ltr'>Luciani</span> <span class='ocrx_word' id='word_1_489' title='bbox 1405 1863 1605 1920; x_wconf 80' lang='lat' dir='ltr'>confessoris·</span> <span class='ocrx_word' id='word_1_490' title='bbox 1649 1863 1794 1938; x_wconf 84' lang='lat' dir='ltr'>Sequitur:</span> 
     </span>
     <span class='ocr_line' id='line_1_78' title="bbox 1005 1934 1795 2008; baseline 0.004 -18"><span class='ocrx_word' id='word_1_491' title='bbox 1005 1936 1161 2003; x_wconf 78' lang='lat' dir='ltr'>«Treveris,</span> <span class='ocrx_word' id='word_1_492' title='bbox 1174 1936 1202 1991; x_wconf 92' lang='lat' dir='ltr'>in</span> <span class='ocrx_word' id='word_1_493' title='bbox 1215 1936 1392 2001; x_wconf 88' lang='lat' dir='ltr'>monasterio,</span> <span class='ocrx_word' id='word_1_494' title='bbox 1404 1935 1477 2008; x_wconf 89' lang='lat' dir='ltr'>quod</span> <span class='ocrx_word' id='word_1_495' title='bbox 1485 1934 1589 1991; x_wconf 91' lang='lat' dir='ltr'>dieitur</span> <span class='ocrx_word' id='word_1_496' title='bbox 1597 1935 1747 2003; x_wconf 84' lang='lat' dir='ltr'>Horreum,</span> <span class='ocrx_word' id='word_1_497' title='bbox 1755 1934 1795 1993; x_wconf 88' lang='lat' dir='ltr'>de·</span> 
     </span>
     <span class='ocr_line' id='line_1_79' title="bbox 997 2005 1796 2079; baseline 0.003 -17"><span class='ocrx_word' id='word_1_498' title='bbox 997 2007 1098 2078; x_wconf 88' lang='lat' dir='ltr'>positio</span> <span class='ocrx_word' id='word_1_499' title='bbox 1111 2010 1210 2062; x_wconf 79' lang='lat' dir='ltr'>sanctie</span> <span class='ocrx_word' id='word_1_500' title='bbox 1226 2006 1366 2060; x_wconf 89' lang='lat' dir='ltr'>liiinninae</span> <span class='ocrx_word' id='word_1_501' title='bbox 1382 2006 1511 2076; x_wconf 88' lang='lat' dir='ltr'>virginis,</span> <span class='ocrx_word' id='word_1_502' title='bbox 1533 2020 1618 2078; x_wconf 85' lang='lat' dir='ltr'>quarn</span> <span class='ocrx_word' id='word_1_503' title='bbox 1645 2012 1724 2078; x_wconf 87' lang='lat' dir='ltr'>pater</span> <span class='ocrx_word' id='word_1_504' title='bbox 1740 2005 1796 2079; x_wconf 80' lang='lat' dir='ltr'>ejus</span> 
     </span>
     <span class='ocr_line' id='line_1_80' title="bbox 996 2077 1795 2148; baseline 0.003 -16"><span class='ocrx_word' id='word_1_505' title='bbox 996 2093 1042 2132; x_wconf 84' lang='lat' dir='ltr'>rer</span> <span class='ocrx_word' id='word_1_506' title='bbox 1062 2077 1182 2132; x_wconf 81' lang='lat' dir='ltr'>Francia</span> <span class='ocrx_word' id='word_1_507' title='bbox 1197 2077 1377 2148; x_wconf 86' lang='lat' dir='ltr'>Dagohertus,</span> <span class='ocrx_word' id='word_1_508' title='bbox 1396 2084 1504 2135; x_wconf 69' lang='lat' dir='ltr'>monna</span> <span class='ocrx_word' id='word_1_509' title='bbox 1518 2085 1618 2145; x_wconf 89' lang='lat' dir='ltr'>matre,</span> <span class='ocrx_word' id='word_1_510' title='bbox 1643 2078 1795 2135; x_wconf 59' lang='lat' dir='ltr'>sanctino*</span> 
     </span>
     <span class='ocr_line' id='line_1_81' title="bbox 996 2148 1793 2214; baseline 0.003 -11"><span class='ocrx_word' id='word_1_511' title='bbox 996 2149 1096 2203; x_wconf 90' lang='lat' dir='ltr'>nialem</span> <span class='ocrx_word' id='word_1_512' title='bbox 1113 2149 1140 2202; x_wconf 94' lang='lat' dir='ltr'>in</span> <span class='ocrx_word' id='word_1_513' title='bbox 1155 2149 1204 2202; x_wconf 93' lang='lat' dir='ltr'>illo</span> <span class='ocrx_word' id='word_1_514' title='bbox 1219 2148 1279 2204; x_wconf 91' lang='lat' dir='ltr'>loco</span> <span class='ocrx_word' id='word_1_515' title='bbox 1295 2148 1370 2214; x_wconf 85' lang='lat' dir='ltr'>feeit,</span> <span class='ocrx_word' id='word_1_516' title='bbox 1394 2158 1421 2202; x_wconf 92' lang='lat' dir='ltr'>et</span> <span class='ocrx_word' id='word_1_517' title='bbox 1435 2148 1469 2202; x_wconf 89' lang='lat' dir='ltr'>de</span> <span class='ocrx_word' id='word_1_518' title='bbox 1485 2148 1569 2203; x_wconf 80' lang='lat' dir='ltr'>horso</span> <span class='ocrx_word' id='word_1_519' title='bbox 1585 2165 1639 2204; x_wconf 89' lang='lat' dir='ltr'>sno</span> <span class='ocrx_word' id='word_1_520' title='bbox 1654 2149 1793 2205; x_wconf 79' lang='lat' dir='ltr'>ecelesiam</span> 
     </span>
     <span class='ocr_line' id='line_1_82' title="bbox 995 2218 1792 2289; baseline 0.003 -15"><span class='ocrx_word' id='word_1_521' title='bbox 995 2219 1150 2274; x_wconf 82' lang='lat' dir='ltr'>consecrari</span> <span class='ocrx_word' id='word_1_522' title='bbox 1165 2218 1248 2273; x_wconf 87' lang='lat' dir='ltr'>iecit:</span> <span class='ocrx_word' id='word_1_523' title='bbox 1277 2219 1474 2273; x_wconf 91' lang='lat' dir='ltr'>monasterium</span> <span class='ocrx_word' id='word_1_524' title='bbox 1490 2219 1637 2289; x_wconf 89' lang='lat' dir='ltr'>virginum</span> <span class='ocrx_word' id='word_1_525' title='bbox 1652 2219 1792 2276; x_wconf 89' lang='lat' dir='ltr'>constituit</span> 
     </span>
     <span class='ocr_line' id='line_1_83' title="bbox 995 2288 1792 2361; baseline 0.004 -17"><span class='ocrx_word' id='word_1_526' title='bbox 995 2305 1027 2345; x_wconf 92' lang='lat' dir='ltr'>ac</span> <span class='ocrx_word' id='word_1_527' title='bbox 1041 2290 1137 2344; x_wconf 91' lang='lat' dir='ltr'>multis</span> <span class='ocrx_word' id='word_1_528' title='bbox 1153 2288 1306 2344; x_wconf 89' lang='lat' dir='ltr'>redditibus</span> <span class='ocrx_word' id='word_1_529' title='bbox 1321 2289 1439 2358; x_wconf 86' lang='lat' dir='ltr'>detavit,</span> <span class='ocrx_word' id='word_1_530' title='bbox 1462 2305 1597 2361; x_wconf 84' lang='lat' dir='ltr'>suamque</span> <span class='ocrx_word' id='word_1_531' title='bbox 1622 2289 1712 2347; x_wconf 79' lang='lat' dir='ltr'>liliam</span> <span class='ocrx_word' id='word_1_532' title='bbox 1733 2290 1792 2348; x_wconf 84' lang='lat' dir='ltr'>aliis</span> 
     </span>
     <span class='ocr_line' id='line_1_84' title="bbox 994 2359 1792 2432; baseline 0.005 -17"><span class='ocrx_word' id='word_1_533' title='bbox 994 2361 1079 2416; x_wconf 88' lang='lat' dir='ltr'>sacris</span> <span class='ocrx_word' id='word_1_534' title='bbox 1088 2359 1243 2431; x_wconf 86' lang='lat' dir='ltr'>virginibus</span> <span class='ocrx_word' id='word_1_535' title='bbox 1253 2360 1281 2413; x_wconf 89' lang='lat' dir='ltr'>iri</span> <span class='ocrx_word' id='word_1_536' title='bbox 1293 2361 1448 2431; x_wconf 83' lang='lat' dir='ltr'>magistram</span> <span class='ocrx_word' id='word_1_537' title='bbox 1465 2361 1600 2432; x_wconf 75' lang='lat' dir='ltr'>prefecit,</span> <span class='ocrx_word' id='word_1_538' title='bbox 1614 2361 1665 2417; x_wconf 86' lang='lat' dir='ltr'>nbi</span> <span class='ocrx_word' id='word_1_539' title='bbox 1678 2369 1708 2417; x_wconf 90' lang='lat' dir='ltr'>et</span> <span class='ocrx_word' id='word_1_540' title='bbox 1725 2377 1792 2420; x_wconf 82' lang='lat' dir='ltr'>nune</span> 
     </span>
     <span class='ocr_line' id='line_1_85' title="bbox 994 2431 1790 2502; baseline 0.006 -17"><span class='ocrx_word' id='word_1_541' title='bbox 994 2432 1023 2485; x_wconf 93' lang='lat' dir='ltr'>in</span> <span class='ocrx_word' id='word_1_542' title='bbox 1039 2434 1177 2486; x_wconf 87' lang='lat' dir='ltr'>mausoleo</span> <span class='ocrx_word' id='word_1_543' title='bbox 1193 2431 1350 2502; x_wconf 89' lang='lat' dir='ltr'>requiescit.</span> <span class='ocrx_word' id='word_1_544' title='bbox 1367 2455 1377 2479; x_wconf 74' lang='grc' dir='ltr'>ι</span> <span class='ocrx_word' id='word_1_545' title='bbox 1407 2431 1478 2487; x_wconf 88' lang='lat' dir='ltr'>Vide</span> <span class='ocrx_word' id='word_1_546' title='bbox 1492 2431 1527 2487; x_wconf 92' lang='lat' dir='ltr'>de</span> <span class='ocrx_word' id='word_1_547' title='bbox 1542 2431 1595 2487; x_wconf 86' lang='lat' dir='ltr'>hac</span> <span class='ocrx_word' id='word_1_548' title='bbox 1609 2432 1728 2501; x_wconf 85' lang='lat' dir='ltr'>irmina,</span> <span class='ocrx_word' id='word_1_549' title='bbox 1740 2433 1790 2490; x_wconf 84' lang='lat' dir='ltr'>ad-</span> 
     </span>
     <span class='ocr_line' id='line_1_86' title="bbox 994 2501 1788 2570; baseline 0.006 -14"><span class='ocrx_word' id='word_1_550' title='bbox 994 2504 1163 2557; x_wconf 89' lang='lat' dir='ltr'>notationem</span> <span class='ocrx_word' id='word_1_551' title='bbox 1182 2501 1348 2558; x_wconf 88' lang='lat' dir='ltr'>Castellani:</span> <span class='ocrx_word' id='word_1_552' title='bbox 1381 2502 1509 2559; x_wconf 79' lang='lat' dir='ltr'>«Eodem</span> <span class='ocrx_word' id='word_1_553' title='bbox 1529 2502 1586 2570; x_wconf 91' lang='lat' dir='ltr'>die,</span> <span class='ocrx_word' id='word_1_554' title='bbox 1612 2505 1704 2561; x_wconf 85' lang='lat' dir='ltr'>sancti</span> <span class='ocrx_word' id='word_1_555' title='bbox 1721 2505 1788 2561; x_wconf 75' lang='lat' dir='ltr'>isui·</span> 
     </span>
     <span class='ocr_line' id='line_1_87' title="bbox 992 2572 1401 2643; baseline -0.015 -16"><span class='ocrx_word' id='word_1_556' title='bbox 992 2573 1052 2627; x_wconf 91' lang='lat' dir='ltr'>neri</span> <span class='ocrx_word' id='word_1_557' title='bbox 1069 2573 1139 2643; x_wconf 90' lang='lat' dir='ltr'>regis</span> <span class='ocrx_word' id='word_1_558' title='bbox 1154 2580 1181 2627; x_wconf 93' lang='lat' dir='ltr'>et</span> <span class='ocrx_word' id='word_1_559' title='bbox 1194 2572 1372 2627; x_wconf 87' lang='lat' dir='ltr'>ceriiessoiis.</span> <span class='ocrx_word' id='word_1_560' title='bbox 1392 2598 1401 2621; x_wconf 78' lang='grc'><strong>»</strong></span> 
     </span>
    </p>

    <p class='ocr_par' dir='ltr' id='par_1_20' title="bbox 988 2643 1784 3128">
     <span class='ocr_line' id='line_1_88' title="bbox 1027 2643 1784 2725; baseline 0.007 -27"><span class='ocrx_word' id='word_1_561' title='bbox 1027 2644 1152 2701; x_wconf 83' lang='lat' dir='ltr'>Gnsvrn.</span> <span class='ocrx_word' id='word_1_562' title='bbox 1168 2660 1173 2696; x_wconf 92' lang='lat'><strong>:</strong></span> <span class='ocrx_word' id='word_1_563' title='bbox 1191 2664 1200 2691; x_wconf 86' lang='grc' dir='ltr'>ι</span> <span class='ocrx_word' id='word_1_564' title='bbox 1214 2643 1310 2698; x_wconf 89' lang='lat' dir='ltr'>Abdiae</span> <span class='ocrx_word' id='word_1_565' title='bbox 1321 2651 1348 2698; x_wconf 91' lang='lat' dir='ltr'>et</span> <span class='ocrx_word' id='word_1_566' title='bbox 1359 2644 1447 2700; x_wconf 90' lang='lat' dir='ltr'>Naum</span> <span class='ocrx_word' id='word_1_567' title='bbox 1464 2644 1677 2725; x_wconf 87' lang='lat' dir='ltr'>prophetarum.</span> <span class='ocrx_word' id='word_1_568' title='bbox 1689 2646 1784 2715; x_wconf 81' lang='lat' dir='ltr'>Roma,</span> 
     </span>
     <span class='ocr_line' id='line_1_89' title="bbox 991 2712 1784 2784; baseline 0.008 -16"><span class='ocrx_word' id='word_1_569' title='bbox 991 2722 1148 2770; x_wconf 89' lang='lat' dir='ltr'>sanctorum</span> <span class='ocrx_word' id='word_1_570' title='bbox 1160 2712 1300 2782; x_wconf 84' lang='lat' dir='ltr'>hietrobii,</span> <span class='ocrx_word' id='word_1_571' title='bbox 1316 2714 1405 2782; x_wconf 88' lang='lat' dir='ltr'>Pauli,</span> <span class='ocrx_word' id='word_1_572' title='bbox 1422 2715 1551 2783; x_wconf 88' lang='lat' dir='ltr'>Zenonis,</span> <span class='ocrx_word' id='word_1_573' title='bbox 1573 2715 1671 2784; x_wconf 88' lang='lat' dir='ltr'>Drusi,</span> <span class='ocrx_word' id='word_1_574' title='bbox 1700 2712 1784 2774; x_wconf 82' lang='lat' dir='ltr'>Satur·</span> 
     </span>
     <span class='ocr_line' id='line_1_90' title="bbox 990 2784 1784 2856; baseline 0.009 -18"><span class='ocrx_word' id='word_1_575' title='bbox 990 2785 1060 2840; x_wconf 89' lang='lat' dir='ltr'>nini.</span> <span class='ocrx_word' id='word_1_576' title='bbox 1092 2785 1217 2840; x_wconf 88' lang='lat' dir='ltr'>lsmineri</span> <span class='ocrx_word' id='word_1_577' title='bbox 1233 2785 1303 2856; x_wconf 87' lang='lat' dir='ltr'>regis</span> <span class='ocrx_word' id='word_1_578' title='bbox 1322 2793 1349 2840; x_wconf 85' lang='lat' dir='ltr'>et</span> <span class='ocrx_word' id='word_1_579' title='bbox 1363 2784 1536 2842; x_wconf 84' lang='lat' dir='ltr'>confessoris.</span> <span class='ocrx_word' id='word_1_580' title='bbox 1566 2787 1599 2842; x_wconf 92' lang='lat' dir='ltr'>ln</span> <span class='ocrx_word' id='word_1_581' title='bbox 1623 2788 1784 2845; x_wconf 84' lang='lat' dir='ltr'>monasterio</span> 
     </span>
     <span class='ocr_line' id='line_1_91' title="bbox 989 2855 1780 2923; baseline 0.006 -13"><span class='ocrx_word' id='word_1_582' title='bbox 989 2855 1141 2923; x_wconf 88' lang='lat' dir='ltr'>Gladbaeb,</span> <span class='ocrx_word' id='word_1_583' title='bbox 1166 2856 1253 2911; x_wconf 91' lang='lat' dir='ltr'>sancti</span> <span class='ocrx_word' id='word_1_584' title='bbox 1269 2855 1389 2911; x_wconf 90' lang='lat' dir='ltr'>Alberiei</span> <span class='ocrx_word' id='word_1_585' title='bbox 1408 2855 1548 2911; x_wconf 82' lang='lat' dir='ltr'>heremitae</span> <span class='ocrx_word' id='word_1_586' title='bbox 1565 2864 1594 2911; x_wconf 91' lang='lat' dir='ltr'>et</span> <span class='ocrx_word' id='word_1_587' title='bbox 1613 2857 1780 2915; x_wconf 74' lang='lat' dir='ltr'>contessoris.</span> 
     </span>
     <span class='ocr_line' id='line_1_92' title="bbox 989 2926 1781 3002; baseline 0.005 -21"><span class='ocrx_word' id='word_1_588' title='bbox 989 2926 1056 2981; x_wconf 91' lang='lat' dir='ltr'>lteni</span> <span class='ocrx_word' id='word_1_589' title='bbox 1072 2934 1172 2983; x_wconf 83' lang='lat' dir='ltr'>sanctae</span> <span class='ocrx_word' id='word_1_590' title='bbox 1184 2926 1321 2981; x_wconf 79' lang='lat' dir='ltr'>memoria</span> <span class='ocrx_word' id='word_1_591' title='bbox 1332 2928 1458 2981; x_wconf 92' lang='lat' dir='ltr'>Annonis</span> <span class='ocrx_word' id='word_1_592' title='bbox 1472 2927 1567 2998; x_wconf 89' lang='lat' dir='ltr'>primi,</span> <span class='ocrx_word' id='word_1_593' title='bbox 1579 2928 1705 3002; x_wconf 89' lang='lat' dir='ltr'>episcopi</span> <span class='ocrx_word' id='word_1_594' title='bbox 1716 2931 1781 2988; x_wconf 83' lang='lat' dir='ltr'>Celo</span> 
     </span>
     <span class='ocr_line' id='line_1_93' title="bbox 988 2997 1780 3128; baseline 0.008 -78"><span class='ocrx_word' id='word_1_595' title='bbox 988 2997 1101 3052; x_wconf 87' lang='lat' dir='ltr'>niensis.</span> <span class='ocrx_word' id='word_1_596' title='bbox 1127 2999 1229 3062; x_wconf 80' lang='lat' dir='ltr'>Roma,</span> <span class='ocrx_word' id='word_1_597' title='bbox 1254 3005 1354 3052; x_wconf 85' lang='lat' dir='ltr'>sanetae</span> <span class='ocrx_word' id='word_1_598' title='bbox 1369 2998 1490 3053; x_wconf 81' lang='lat' dir='ltr'>Tarsillae</span> <span class='ocrx_word' id='word_1_599' title='bbox 1507 2998 1627 3125; x_wconf 39' lang='lat' dir='ltr'>virgtindis</span> <span class='ocrx_word' id='word_1_600' title='bbox 1641 3002 1780 3128; x_wconf 50' lang='lat' dir='ltr'>sanctirrm·</span> 
     </span>
    </p>

    <p class='ocr_par' dir='ltr' id='par_1_21' title="bbox 985 3085 1780 3565">
     <span class='ocr_line' id='line_1_94' title="bbox 1578 3085 1780 3127; baseline 0.015 -3"><span class='ocrx_word' id='word_1_601' title='bbox 1578 3085 1675 3127; x_wconf 90' lang='lat' dir='ltr'>iesu</span> <span class='ocrx_word' id='word_1_602' title='bbox 1696 3086 1725 3127; x_wconf 89' lang='lat' dir='ltr'>rs</span> <span class='ocrx_word' id='word_1_603' title='bbox 1759 3089 1780 3127; x_wconf 85' lang='lat' dir='ltr'>o</span> 
     </span>
     <span class='ocr_line' id='line_1_95' title="bbox 988 3086 1780 3215; baseline 0.009 -23"><span class='ocrx_word' id='word_1_604' title='bbox 988 3138 1030 3192; x_wconf 89' lang='lat' dir='ltr'>nis</span> <span class='ocrx_word' id='word_1_605' title='bbox 1044 3137 1177 3193; x_wconf 81' lang='lat' dir='ltr'>ianuarii.</span> <span class='ocrx_word' id='word_1_606' title='bbox 1206 3137 1342 3206; x_wconf 82' lang='lat' dir='ltr'>Treveris,</span> <span class='ocrx_word' id='word_1_607' title='bbox 1370 3139 1399 3194; x_wconf 91' lang='lat' dir='ltr'>in</span> <span class='ocrx_word' id='word_1_608' title='bbox 1414 3140 1594 3208; x_wconf 87' lang='lat' dir='ltr'>monasterio,</span> <span class='ocrx_word' id='word_1_609' title='bbox 1622 3086 1700 3215; x_wconf 50' lang='lat' dir='ltr'>quod</span> <span class='ocrx_word' id='word_1_610' title='bbox 1723 3143 1780 3199; x_wconf 86' lang='lat' dir='ltr'>ilor-</span> 
     </span>
     <span class='ocr_line' id='line_1_96' title="bbox 986 3208 1780 3286; baseline 0.009 -23"><span class='ocrx_word' id='word_1_611' title='bbox 986 3225 1063 3263; x_wconf 90' lang='lat' dir='ltr'>reum</span> <span class='ocrx_word' id='word_1_612' title='bbox 1073 3208 1186 3275; x_wconf 89' lang='lat' dir='ltr'>dieitur,</span> <span class='ocrx_word' id='word_1_613' title='bbox 1198 3208 1334 3282; x_wconf 90' lang='lat' dir='ltr'>depositio</span> <span class='ocrx_word' id='word_1_614' title='bbox 1345 3216 1445 3267; x_wconf 78' lang='lat' dir='ltr'>sancte</span> <span class='ocrx_word' id='word_1_615' title='bbox 1455 3210 1567 3267; x_wconf 78' lang='lat' dir='ltr'>Irminae</span> <span class='ocrx_word' id='word_1_616' title='bbox 1577 3211 1710 3286; x_wconf 82' lang='lat' dir='ltr'>virginis,</span> <span class='ocrx_word' id='word_1_617' title='bbox 1725 3213 1780 3270; x_wconf 84' lang='lat' dir='ltr'>ntis</span> 
     </span>
     <span class='ocr_line' id='line_1_97' title="bbox 986 3279 1779 3353; baseline 0.006 -18"><span class='ocrx_word' id='word_1_618' title='bbox 986 3279 1131 3351; x_wconf 88' lang='lat' dir='ltr'>Dagoherti</span> <span class='ocrx_word' id='word_1_619' title='bbox 1156 3279 1237 3351; x_wconf 86' lang='lat' dir='ltr'>regis.</span> <span class='ocrx_word' id='word_1_620' title='bbox 1263 3280 1329 3347; x_wconf 77' lang='lat' dir='ltr'>Ques</span> <span class='ocrx_word' id='word_1_621' title='bbox 1351 3297 1367 3336; x_wconf 92' lang='lat' dir='ltr'>a</span> <span class='ocrx_word' id='word_1_622' title='bbox 1404 3289 1461 3337; x_wconf 86' lang='lat' dir='ltr'>atre</span> <span class='ocrx_word' id='word_1_623' title='bbox 1482 3284 1598 3353; x_wconf 82' lang='lat' dir='ltr'>praelata</span> <span class='ocrx_word' id='word_1_624' title='bbox 1620 3285 1779 3342; x_wconf 73' lang='lat' dir='ltr'>mommerlo</span> 
     </span>
     <span class='ocr_line' id='line_1_98' title="bbox 986 3296 1777 3423; baseline 0.008 -19"><span class='ocrx_word' id='word_1_625' title='bbox 986 3351 1030 3405; x_wconf 87' lang='lat' dir='ltr'>vir</span> <span class='ocrx_word' id='word_1_626' title='bbox 1050 3351 1137 3417; x_wconf 85' lang='lat' dir='ltr'>inum,</span> <span class='ocrx_word' id='word_1_627' title='bbox 1164 3350 1238 3423; x_wconf 89' lang='lat' dir='ltr'>quod</span> <span class='ocrx_word' id='word_1_628' title='bbox 1256 3350 1314 3423; x_wconf 88' lang='lat' dir='ltr'>ipse</span> <span class='ocrx_word' id='word_1_629' title='bbox 1339 3351 1373 3407; x_wconf 93' lang='lat' dir='ltr'>de</span> <span class='ocrx_word' id='word_1_630' title='bbox 1385 3296 1492 3408; x_wconf 41' lang='lat' dir='ltr'>horreo</span> <span class='ocrx_word' id='word_1_631' title='bbox 1511 3369 1562 3409; x_wconf 92' lang='lat' dir='ltr'>suo</span> <span class='ocrx_word' id='word_1_632' title='bbox 1579 3362 1777 3422; x_wconf 76' lang='lat' dir='ltr'>construxeris,</span> 
     </span>
     <span class='ocr_line' id='line_1_99' title="bbox 986 3367 1778 3502; baseline 0.009 -27"><span class='ocrx_word' id='word_1_633' title='bbox 986 3367 1136 3502; x_wconf 65' lang='lat' dir='ltr'>muitisque</span> <span class='ocrx_word' id='word_1_634' title='bbox 1151 3421 1305 3478; x_wconf 89' lang='lat' dir='ltr'>redditibus</span> <span class='ocrx_word' id='word_1_635' title='bbox 1318 3421 1470 3491; x_wconf 81' lang='lat' dir='ltr'>dotaverat,</span> <span class='ocrx_word' id='word_1_636' title='bbox 1486 3424 1568 3495; x_wconf 90' lang='lat' dir='ltr'>plena</span> <span class='ocrx_word' id='word_1_637' title='bbox 1578 3427 1688 3484; x_wconf 86' lang='lat' dir='ltr'>sanctis</span> <span class='ocrx_word' id='word_1_638' title='bbox 1698 3427 1778 3502; x_wconf 89' lang='lat' dir='ltr'>operi·</span> 
     </span>
     <span class='ocr_line' id='line_1_100' title="bbox 985 3490 1538 3565; baseline 0.007 -19"><span class='ocrx_word' id='word_1_639' title='bbox 985 3490 1037 3546; x_wconf 90' lang='lat' dir='ltr'>bus</span> <span class='ocrx_word' id='word_1_640' title='bbox 1052 3492 1168 3564; x_wconf 90' lang='lat' dir='ltr'>quievit.</span> <span class='ocrx_word' id='word_1_641' title='bbox 1185 3492 1358 3565; x_wconf 82' lang='lat' dir='ltr'>Appolloniae</span> <span class='ocrx_word' id='word_1_642' title='bbox 1373 3501 1514 3550; x_wconf 74' lang='lat' dir='ltr'>mationa.</span> <span class='ocrx_word' id='word_1_643' title='bbox 1529 3519 1538 3541; x_wconf 77' lang='grc' dir='ltr'>ι</span> 
     </span>
    </p>

    <p class='ocr_par' dir='ltr' id='par_1_22' title="bbox 984 3562 1779 3756">
     <span class='ocr_line' id='line_1_101' title="bbox 1015 3562 1779 3692; baseline 0.013 -76"><span class='ocrx_word' id='word_1_644' title='bbox 1015 3562 1128 3642; x_wconf 75' lang='lat' dir='ltr'>blesus.</span> <span class='ocrx_word' id='word_1_645' title='bbox 1140 3563 1215 3688; x_wconf 57' lang='lat' dir='ltr'>typis</span> <span class='ocrx_word' id='word_1_646' title='bbox 1225 3564 1377 3644; x_wconf 80' lang='lat' dir='ltr'>minoribus</span> <span class='ocrx_word' id='word_1_647' title='bbox 1387 3565 1477 3619; x_wconf 86' lang='lat' dir='ltr'>textui</span> <span class='ocrx_word' id='word_1_648' title='bbox 1487 3565 1656 3692; x_wconf 47' lang='lat' dir='ltr'>subjungit:</span> <span class='ocrx_word' id='word_1_649' title='bbox 1676 3568 1779 3625; x_wconf 68' lang='lat' dir='ltr'>eludu-</span> 
     </span>
     <span class='ocr_line' id='line_1_102' title="bbox 984 3632 1777 3756; baseline 0.015 -70"><span class='ocrx_word' id='word_1_650' title='bbox 984 3632 1048 3756; x_wconf 52' lang='grc' dir='ltr'>ἕω,</span> <span class='ocrx_word' id='word_1_651' title='bbox 1062 3641 1161 3688; x_wconf 77' lang='lat' dir='ltr'>sanctas</span> <span class='ocrx_word' id='word_1_652' title='bbox 1194 3635 1510 3707; x_wconf 85' lang='lat' dir='ltr'>heoritbgidaevirginis,</span> <span class='ocrx_word' id='word_1_653' title='bbox 1547 3636 1678 3710; x_wconf 79' lang='lat' dir='ltr'>iscipulae</span> <span class='ocrx_word' id='word_1_654' title='bbox 1687 3646 1777 3697; x_wconf 68' lang='lat' dir='ltr'>nude</span> 
     </span>
    </p>

    <p class='ocr_par' dir='ltr' id='par_1_23' title="bbox 983 3703 1778 4042">
     <span class='ocr_line' id='line_1_103' title="bbox 1010 3703 1775 3777; baseline 0.012 -19"><span class='ocrx_word' id='word_1_655' title='bbox 1010 3703 1148 3775; x_wconf 82' lang='lat' dir='ltr'>dilbergae‚</span> <span class='ocrx_word' id='word_1_656' title='bbox 1160 3705 1240 3777; x_wconf 89' lang='lat' dir='ltr'>cujus</span> <span class='ocrx_word' id='word_1_657' title='bbox 1255 3721 1318 3760; x_wconf 89' lang='lat' dir='ltr'>curn</span> <span class='ocrx_word' id='word_1_658' title='bbox 1329 3721 1427 3777; x_wconf 90' lang='lat' dir='ltr'>magna</span> <span class='ocrx_word' id='word_1_659' title='bbox 1440 3707 1519 3762; x_wconf 90' lang='lat' dir='ltr'>laude</span> <span class='ocrx_word' id='word_1_660' title='bbox 1531 3709 1665 3766; x_wconf 90' lang='lat' dir='ltr'>meminit</span> <span class='ocrx_word' id='word_1_661' title='bbox 1675 3724 1775 3767; x_wconf 78' lang='lat' dir='ltr'>renen·</span> 
     </span>
     <span class='ocr_line' id='line_1_104' title="bbox 984 3774 1777 3848; baseline 0.011 -20"><span class='ocrx_word' id='word_1_662' title='bbox 984 3775 1049 3829; x_wconf 90' lang='lat' dir='ltr'>bilis</span> <span class='ocrx_word' id='word_1_663' title='bbox 1064 3774 1138 3830; x_wconf 88' lang='lat' dir='ltr'>Deda</span> <span class='ocrx_word' id='word_1_664' title='bbox 1155 3776 1184 3830; x_wconf 91' lang='lat' dir='ltr'>iri</span> <span class='ocrx_word' id='word_1_665' title='bbox 1200 3776 1337 3832; x_wconf 90' lang='lat' dir='ltr'>Chronico</span> <span class='ocrx_word' id='word_1_666' title='bbox 1352 3779 1515 3847; x_wconf 87' lang='lat' dir='ltr'>Anglorum.</span> <span class='ocrx_word' id='word_1_667' title='bbox 1545 3780 1655 3848; x_wconf 83' lang='lat' dir='ltr'>Rornae,</span> <span class='ocrx_word' id='word_1_668' title='bbox 1686 3789 1777 3839; x_wconf 79' lang='lat' dir='ltr'>sancte</span> 
     </span>
     <span class='ocr_line' id='line_1_105' title="bbox 984 3844 1778 3971; baseline 0.014 -73"><span class='ocrx_word' id='word_1_669' title='bbox 984 3844 1106 3926; x_wconf 85' lang='lat' dir='ltr'>Tarsiliae</span> <span class='ocrx_word' id='word_1_670' title='bbox 1122 3846 1238 3971; x_wconf 62' lang='lat' dir='ltr'>virgrinis</span> <span class='ocrx_word' id='word_1_671' title='bbox 1253 3848 1481 3916; x_wconf 91' lang='lat' dir='ltr'>sanctimonialis,</span> <span class='ocrx_word' id='word_1_672' title='bbox 1498 3849 1592 3905; x_wconf 74' lang='lat' dir='ltr'>amitae</span> <span class='ocrx_word' id='word_1_673' title='bbox 1606 3854 1699 3908; x_wconf 87' lang='lat' dir='ltr'>sancti</span> <span class='ocrx_word' id='word_1_674' title='bbox 1714 3853 1778 3908; x_wconf 88' lang='lat' dir='ltr'>Gre-</span> 
     </span>
     <span class='ocr_line' id='line_1_106' title="bbox 983 3916 1777 4042; baseline 0.014 -73"><span class='ocrx_word' id='word_1_675' title='bbox 983 3916 1052 4042; x_wconf 60' lang='lat' dir='ltr'>gorii</span> <span class='ocrx_word' id='word_1_676' title='bbox 1069 3931 1154 3987; x_wconf 87' lang='lat' dir='ltr'>papae.</span> <span class='ocrx_word' id='word_1_677' title='bbox 1196 3918 1307 3985; x_wconf 86' lang='lat' dir='ltr'>reveris,</span> <span class='ocrx_word' id='word_1_678' title='bbox 1324 3918 1353 3973; x_wconf 93' lang='lat' dir='ltr'>in</span> <span class='ocrx_word' id='word_1_679' title='bbox 1369 3920 1536 3974; x_wconf 87' lang='lat' dir='ltr'>monasterio</span> <span class='ocrx_word' id='word_1_680' title='bbox 1551 3920 1630 3992; x_wconf 89' lang='lat' dir='ltr'>quod</span> <span class='ocrx_word' id='word_1_681' title='bbox 1650 3923 1777 3980; x_wconf 73' lang='lat' dir='ltr'>llorrmm</span> 
     </span>
    </p>

    <p class='ocr_par' dir='ltr' id='par_1_24' title="bbox 980 3986 1779 4399">
     <span class='ocr_line' id='line_1_107' title="bbox 1003 3986 1779 4058; baseline 0.015 -18"><span class='ocrx_word' id='word_1_682' title='bbox 1003 3986 1090 4053; x_wconf 89' lang='lat' dir='ltr'>icunt,</span> <span class='ocrx_word' id='word_1_683' title='bbox 1105 3987 1139 4043; x_wconf 90' lang='lat' dir='ltr'>de</span> <span class='ocrx_word' id='word_1_684' title='bbox 1177 3988 1243 4044; x_wconf 90' lang='lat' dir='ltr'>sitio</span> <span class='ocrx_word' id='word_1_685' title='bbox 1255 3997 1356 4045; x_wconf 77' lang='lat' dir='ltr'>sancte</span> <span class='ocrx_word' id='word_1_686' title='bbox 1368 3990 1511 4058; x_wconf 60' lang='lat' dir='ltr'>hmines·</span> <span class='ocrx_word' id='word_1_687' title='bbox 1537 4002 1592 4049; x_wconf 91' lang='lat' dir='ltr'>etc.</span> <span class='ocrx_word' id='word_1_688' title='bbox 1615 3993 1779 4051; x_wconf 82' lang='lat' dir='ltr'>Posteriores</span> 
     </span>
     <span class='ocr_line' id='line_1_108' title="bbox 982 4057 1778 4131; baseline 0.013 -19"><span class='ocrx_word' id='word_1_689' title='bbox 982 4057 1117 4113; x_wconf 91' lang='lat' dir='ltr'>editiones</span> <span class='ocrx_word' id='word_1_690' title='bbox 1148 4075 1162 4114; x_wconf 95' lang='lat' dir='ltr'>e</span> <span class='ocrx_word' id='word_1_691' title='bbox 1177 4060 1280 4115; x_wconf 90' lang='lat' dir='ltr'>lrmina</span> <span class='ocrx_word' id='word_1_692' title='bbox 1294 4060 1334 4117; x_wconf 91' lang='lat' dir='ltr'>sie</span> <span class='ocrx_word' id='word_1_693' title='bbox 1349 4059 1477 4117; x_wconf 79' lang='lat' dir='ltr'>brevius:</span> <span class='ocrx_word' id='word_1_694' title='bbox 1498 4062 1665 4131; x_wconf 72' lang='lat' dir='ltr'>«Deseris,</span> <span class='ocrx_word' id='word_1_695' title='bbox 1681 4066 1778 4121; x_wconf 90' lang='lat' dir='ltr'>llorrso</span> 
     </span>
     <span class='ocr_line' id='line_1_109' title="bbox 982 4129 1777 4206; baseline 0.013 -23"><span class='ocrx_word' id='word_1_696' title='bbox 982 4129 1159 4197; x_wconf 89' lang='lat' dir='ltr'>monasterio,</span> <span class='ocrx_word' id='word_1_697' title='bbox 1180 4129 1316 4202; x_wconf 88' lang='lat' dir='ltr'>depositio</span> <span class='ocrx_word' id='word_1_698' title='bbox 1329 4139 1430 4188; x_wconf 81' lang='lat' dir='ltr'>sanctae</span> <span class='ocrx_word' id='word_1_699' title='bbox 1441 4132 1551 4190; x_wconf 81' lang='lat' dir='ltr'>lrminaa</span> <span class='ocrx_word' id='word_1_700' title='bbox 1565 4134 1700 4206; x_wconf 85' lang='lat' dir='ltr'>virginis,</span> <span class='ocrx_word' id='word_1_701' title='bbox 1719 4134 1777 4192; x_wconf 83' lang='lat' dir='ltr'>tilis</span> 
     </span>
     <span class='ocr_line' id='line_1_110' title="bbox 980 4199 1777 4276; baseline 0.013 -22"><span class='ocrx_word' id='word_1_702' title='bbox 980 4199 1126 4271; x_wconf 88' lang='lat' dir='ltr'>Dagoherti</span> <span class='ocrx_word' id='word_1_703' title='bbox 1139 4201 1218 4272; x_wconf 85' lang='lat' dir='ltr'>regis.</span> <span class='ocrx_word' id='word_1_704' title='bbox 1239 4200 1326 4268; x_wconf 85' lang='lat' dir='ltr'>Quem</span> <span class='ocrx_word' id='word_1_705' title='bbox 1342 4203 1434 4259; x_wconf 93' lang='lat' dir='ltr'>locum</span> <span class='ocrx_word' id='word_1_706' title='bbox 1450 4204 1580 4276; x_wconf 77' lang='lat' dir='ltr'>praelatus</span> <span class='ocrx_word' id='word_1_707' title='bbox 1595 4220 1649 4261; x_wconf 88' lang='lat' dir='ltr'>rex</span> <span class='ocrx_word' id='word_1_708' title='bbox 1671 4206 1707 4263; x_wconf 89' lang='lat' dir='ltr'>de</span> <span class='ocrx_word' id='word_1_709' title='bbox 1720 4206 1777 4263; x_wconf 76' lang='lat' dir='ltr'>bon</span> 
     </span>
     <span class='ocr_line' id='line_1_111' title="bbox 981 4275 1776 4347; baseline 0.015 -23"><span class='ocrx_word' id='word_1_710' title='bbox 981 4286 1027 4325; x_wconf 92' lang='lat' dir='ltr'>reo</span> <span class='ocrx_word' id='word_1_711' title='bbox 1050 4287 1099 4327; x_wconf 91' lang='lat' dir='ltr'>suc</span> <span class='ocrx_word' id='word_1_712' title='bbox 1123 4279 1324 4341; x_wconf 84' lang='lat' dir='ltr'>construxerat,</span> <span class='ocrx_word' id='word_1_713' title='bbox 1353 4275 1503 4347; x_wconf 89' lang='lat' dir='ltr'>multisque</span> <span class='ocrx_word' id='word_1_714' title='bbox 1530 4275 1673 4334; x_wconf 84' lang='lat' dir='ltr'>reditibus</span> <span class='ocrx_word' id='word_1_715' title='bbox 1706 4277 1776 4336; x_wconf 85' lang='lat' dir='ltr'>dots·</span> 
     </span>
     <span class='ocr_line' id='line_1_112' title="bbox 980 4349 1096 4399; baseline 0.017 -4"><span class='ocrx_word' id='word_1_716' title='bbox 980 4349 1096 4399; x_wconf 72' lang='lat' dir='ltr'>verat.»</span> 
     </span>
    </p>
   </div>
   <div class='ocr_carea' id='block_1_12' title="bbox 848 4483 1060 4495">
    <p class='ocr_par' dir='ltr' id='par_1_25' title="bbox 848 4483 1060 4495">
     <span class='ocr_line' id='line_1_113' title="bbox 848 4483 1060 4495; baseline 0.009 -2"><span class='ocrx_word' id='word_1_717' title='bbox 848 4483 1060 4495; x_wconf 59' lang='grc' dir='ltr'>-α-υ-</span> 
     </span>
    </p>
   </div>
   <div class='ocr_carea' id='block_1_13' title="bbox 126 4532 1777 5248">
    <p class='ocr_par' dir='ltr' id='par_1_26' title="bbox 131 4532 1777 4608">
     <span class='ocr_line' id='line_1_114' title="bbox 131 4532 1777 4608; baseline 0.009 -17"><span class='ocrx_word' id='word_1_718' title='bbox 131 4532 195 4591; x_wconf 84' lang='lat' dir='ltr'>vlit</span> <span class='ocrx_word' id='word_1_719' title='bbox 208 4535 271 4590; x_wconf 77' lang='lat' dir='ltr'>Kal.</span> <span class='ocrx_word' id='word_1_720' title='bbox 1672 4547 1777 4608; x_wconf 68' lang='lat' dir='ltr'>bleta</span> 
     </span>
    </p>

    <p class='ocr_par' dir='ltr' id='par_1_27' title="bbox 126 4624 1777 5248">
     <span class='ocr_line' id='line_1_115' title="bbox 166 4624 1777 4713; baseline 0.009 -34"><span class='ocrx_word' id='word_1_721' title='bbox 166 4625 245 4681; x_wconf 78' lang='lat' dir='ltr'>lusus</span> <span class='ocrx_word' id='word_1_722' title='bbox 260 4624 394 4681; x_wconf 85' lang='lat' dir='ltr'>Gnnisrus</span> <span class='ocrx_word' id='word_1_723' title='bbox 408 4625 502 4684; x_wconf 81' lang='lat' dir='ltr'>Fissus</span> <span class='ocrx_word' id='word_1_724' title='bbox 516 4626 568 4683; x_wconf 84' lang='lat' dir='ltr'>Dm</span> <span class='ocrx_word' id='word_1_725' title='bbox 583 4625 612 4682; x_wconf 92' lang='lat' dir='ltr'>in</span> <span class='ocrx_word' id='word_1_726' title='bbox 623 4626 774 4685; x_wconf 80' lang='lat' dir='ltr'>Durnsssir</span> <span class='ocrx_word' id='word_1_727' title='bbox 784 4629 863 4685; x_wconf 77' lang='lat' dir='ltr'>loon</span> <span class='ocrx_word' id='word_1_728' title='bbox 877 4646 1012 4689; x_wconf 80' lang='lat' dir='ltr'>uiscrrun</span> <span class='ocrx_word' id='word_1_729' title='bbox 1026 4646 1099 4690; x_wconf 89' lang='lat' dir='ltr'>anno</span> <span class='ocrx_word' id='word_1_730' title='bbox 1108 4632 1222 4691; x_wconf 89' lang='lat' dir='ltr'>Caesaris</span> <span class='ocrx_word' id='word_1_731' title='bbox 1235 4633 1353 4707; x_wconf 84' lang='lat' dir='ltr'>Augusti</span> <span class='ocrx_word' id='word_1_732' title='bbox 1368 4633 1709 4708; x_wconf 88' lang='lat' dir='ltr'>quadragesimosecundo</span> <span class='ocrx_word' id='word_1_733' title='bbox 1722 4637 1777 4713; x_wconf 83' lang='lat' dir='ltr'>[ls-</span> 
     </span>
     <span class='ocr_line' id='line_1_116' title="bbox 130 4715 1775 4799; baseline 0.01 -31"><span class='ocrx_word' id='word_1_734' title='bbox 130 4715 233 4769; x_wconf 80' lang='lat' dir='ltr'>terserit</span> <span class='ocrx_word' id='word_1_735' title='bbox 242 4717 388 4772; x_wconf 69' lang='lat' dir='ltr'>bouillart.</span> <span class='ocrx_word' id='word_1_736' title='bbox 411 4730 440 4772; x_wconf 88' lang='lat'>:·</span> <span class='ocrx_word' id='word_1_737' title='bbox 455 4718 617 4787; x_wconf 87' lang='lat' dir='ltr'>ebdomada,</span> <span class='ocrx_word' id='word_1_738' title='bbox 628 4719 710 4790; x_wconf 79' lang='lat' dir='ltr'>juxta</span> <span class='ocrx_word' id='word_1_739' title='bbox 718 4721 840 4779; x_wconf 91' lang='lat' dir='ltr'>Danielis</span> <span class='ocrx_word' id='word_1_740' title='bbox 850 4724 1032 4795; x_wconf 91' lang='lat' dir='ltr'>prophetiam,</span> <span class='ocrx_word' id='word_1_741' title='bbox 1047 4724 1215 4796; x_wconf 79' lang='lat' dir='ltr'>sexagesima</span> <span class='ocrx_word' id='word_1_742' title='bbox 1237 4734 1324 4782; x_wconf 84' lang='lat' dir='ltr'>sexta.</span> <span class='ocrx_word' id='word_1_743' title='bbox 1340 4722 1363 4799; x_wconf 88' lang='lat'>],</span> <span class='ocrx_word' id='word_1_744' title='bbox 1378 4723 1547 4798; x_wconf 86' lang='lat' dir='ltr'>olympiadis</span> <span class='ocrx_word' id='word_1_745' title='bbox 1560 4728 1719 4786; x_wconf 85' lang='lat' dir='ltr'>centesimas</span> <span class='ocrx_word' id='word_1_746' title='bbox 1731 4743 1775 4784; x_wconf 90' lang='lat' dir='ltr'>no·</span> 
     </span>
     <span class='ocr_line' id='line_1_117' title="bbox 129 4802 1775 4890; baseline 0.013 -34"><span class='ocrx_word' id='word_1_747' title='bbox 129 4802 275 4874; x_wconf 83' lang='lat' dir='ltr'>nagesimse</span> <span class='ocrx_word' id='word_1_748' title='bbox 287 4804 384 4861; x_wconf 85' lang='lat' dir='ltr'>tertiae.</span> <span class='ocrx_word' id='word_1_749' title='bbox 401 4806 504 4862; x_wconf 85' lang='lat' dir='ltr'>Eodem</span> <span class='ocrx_word' id='word_1_750' title='bbox 528 4808 583 4875; x_wconf 89' lang='lat' dir='ltr'>dic,</span> <span class='ocrx_word' id='word_1_751' title='bbox 600 4808 699 4863; x_wconf 85' lang='lat' dir='ltr'>natalis</span> <span class='ocrx_word' id='word_1_752' title='bbox 717 4820 817 4866; x_wconf 82' lang='lat' dir='ltr'>sanctas</span> <span class='ocrx_word' id='word_1_753' title='bbox 830 4812 982 4872; x_wconf 77' lang='lat' dir='ltr'>Anastasia</span> <span class='ocrx_word' id='word_1_754' title='bbox 994 4815 1045 4871; x_wconf 90' lang='lat' dir='ltr'>sub</span> <span class='ocrx_word' id='word_1_755' title='bbox 1059 4816 1232 4874; x_wconf 89' lang='lat' dir='ltr'>Diocletiano</span> <span class='ocrx_word' id='word_1_756' title='bbox 1257 4819 1434 4890; x_wconf 88' lang='lat' dir='ltr'>imperatore,</span> <span class='ocrx_word' id='word_1_757' title='bbox 1450 4831 1511 4890; x_wconf 87' lang='lat' dir='ltr'>quae</span> <span class='ocrx_word' id='word_1_758' title='bbox 1530 4834 1581 4889; x_wconf 90' lang='lat' dir='ltr'>pro</span> <span class='ocrx_word' id='word_1_759' title='bbox 1606 4821 1775 4879; x_wconf 78' lang='lat' dir='ltr'>confessione</span> 
     </span>
     <span class='ocr_line' id='line_1_118' title="bbox 127 4891 1775 4982; baseline 0.012 -33"><span class='ocrx_word' id='word_1_760' title='bbox 127 4891 242 4949; x_wconf 89' lang='lat' dir='ltr'>Domini</span> <span class='ocrx_word' id='word_1_761' title='bbox 255 4891 365 4949; x_wconf 92' lang='lat' dir='ltr'>diutina</span> <span class='ocrx_word' id='word_1_762' title='bbox 378 4895 503 4952; x_wconf 90' lang='lat' dir='ltr'>custodia</span> <span class='ocrx_word' id='word_1_763' title='bbox 517 4906 661 4964; x_wconf 89' lang='lat' dir='ltr'>macerata,</span> <span class='ocrx_word' id='word_1_764' title='bbox 676 4896 740 4953; x_wconf 89' lang='lat' dir='ltr'>dein</span> <span class='ocrx_word' id='word_1_765' title='bbox 754 4900 817 4982; x_wconf 87' lang='lat' dir='ltr'>curil</span> <span class='ocrx_word' id='word_1_766' title='bbox 836 4899 961 4962; x_wconf 86' lang='lat' dir='ltr'>ducentis</span> <span class='ocrx_word' id='word_1_767' title='bbox 975 4907 1044 4961; x_wconf 86' lang='lat' dir='ltr'>viris</span> <span class='ocrx_word' id='word_1_768' title='bbox 1059 4915 1087 4962; x_wconf 91' lang='lat' dir='ltr'>et</span> <span class='ocrx_word' id='word_1_769' title='bbox 1108 4905 1288 4979; x_wconf 91' lang='lat' dir='ltr'>septingentis</span> <span class='ocrx_word' id='word_1_770' title='bbox 1302 4908 1416 4967; x_wconf 83' lang='lat' dir='ltr'>feminis</span> <span class='ocrx_word' id='word_1_771' title='bbox 1430 4911 1464 4967; x_wconf 90' lang='lat' dir='ltr'>ad</span> <span class='ocrx_word' id='word_1_772' title='bbox 1495 4912 1604 4968; x_wconf 90' lang='lat' dir='ltr'>insulas</span> <span class='ocrx_word' id='word_1_773' title='bbox 1631 4911 1775 4968; x_wconf 70' lang='lat' dir='ltr'>Palmum</span> 
     </span>
     <span class='ocr_line' id='line_1_119' title="bbox 128 4980 1773 5068; baseline 0.012 -31"><span class='ocrx_word' id='word_1_774' title='bbox 128 4980 228 5051; x_wconf 89' lang='lat' dir='ltr'>delata,</span> <span class='ocrx_word' id='word_1_775' title='bbox 242 4981 301 5054; x_wconf 89' lang='lat' dir='ltr'>ipsa</span> <span class='ocrx_word' id='word_1_776' title='bbox 314 4981 425 5055; x_wconf 91' lang='lat' dir='ltr'>quidem</span> <span class='ocrx_word' id='word_1_777' title='bbox 440 4983 510 5056; x_wconf 89' lang='lat' dir='ltr'>igni,</span> <span class='ocrx_word' id='word_1_778' title='bbox 527 4986 619 5041; x_wconf 88' lang='lat' dir='ltr'>caeteri</span> <span class='ocrx_word' id='word_1_779' title='bbox 642 5002 707 5041; x_wconf 84' lang='lat' dir='ltr'>vero</span> <span class='ocrx_word' id='word_1_780' title='bbox 728 4987 813 5043; x_wconf 85' lang='lat' dir='ltr'>variis</span> <span class='ocrx_word' id='word_1_781' title='bbox 834 4989 1073 5050; x_wconf 84' lang='lat' dir='ltr'>interfectionibus</span> <span class='ocrx_word' id='word_1_782' title='bbox 1087 4996 1251 5068; x_wconf 89' lang='lat' dir='ltr'>martyrium</span> <span class='ocrx_word' id='word_1_783' title='bbox 1265 4998 1449 5057; x_wconf 89' lang='lat' dir='ltr'>celebrarunt.</span> <span class='ocrx_word' id='word_1_784' title='bbox 1473 5000 1568 5057; x_wconf 80' lang='lat' dir='ltr'>Rome</span> <span class='ocrx_word' id='word_1_785' title='bbox 1585 5001 1617 5057; x_wconf 91' lang='lat' dir='ltr'>in</span> <span class='ocrx_word' id='word_1_786' title='bbox 1640 5000 1773 5058; x_wconf 71' lang='lat' dir='ltr'>mmitsrio</span> 
     </span>
     <span class='ocr_line' id='line_1_120' title="bbox 126 5071 1772 5164; baseline 0.013 -38"><span class='ocrx_word' id='word_1_787' title='bbox 126 5071 280 5143; x_wconf 84' lang='lat' dir='ltr'>Aproniani</span> <span class='ocrx_word' id='word_1_788' title='bbox 294 5073 386 5144; x_wconf 81' lang='lat' dir='ltr'>passio</span> <span class='ocrx_word' id='word_1_789' title='bbox 398 5071 483 5129; x_wconf 79' lang='lat' dir='ltr'>beatae</span> <span class='ocrx_word' id='word_1_790' title='bbox 501 5074 630 5145; x_wconf 86' lang='lat' dir='ltr'>Eugeuiae</span> <span class='ocrx_word' id='word_1_791' title='bbox 649 5075 777 5146; x_wconf 87' lang='lat' dir='ltr'>virginis,</span> <span class='ocrx_word' id='word_1_792' title='bbox 793 5095 854 5151; x_wconf 80' lang='lat' dir='ltr'>qua</span> <span class='ocrx_word' id='word_1_793' title='bbox 869 5087 991 5152; x_wconf 91' lang='lat' dir='ltr'>tempore</span> <span class='ocrx_word' id='word_1_794' title='bbox 1006 5083 1113 5139; x_wconf 84' lang='lat' dir='ltr'>Galloni</span> <span class='ocrx_word' id='word_1_795' title='bbox 1128 5085 1310 5156; x_wconf 89' lang='lat' dir='ltr'>imperatoris,</span> <span class='ocrx_word' id='word_1_796' title='bbox 1327 5096 1389 5160; x_wconf 92' lang='lat' dir='ltr'>post</span> <span class='ocrx_word' id='word_1_797' title='bbox 1404 5088 1540 5146; x_wconf 91' lang='lat' dir='ltr'>virtutum</span> <span class='ocrx_word' id='word_1_798' title='bbox 1556 5089 1692 5163; x_wconf 91' lang='lat' dir='ltr'>insignia,</span> <span class='ocrx_word' id='word_1_799' title='bbox 1717 5094 1772 5164; x_wconf 81' lang='lat' dir='ltr'>posi</span> 
     </span>
     <span class='ocr_line' id='line_1_121' title="bbox 126 5163 1372 5248; baseline 0.011 -28"><span class='ocrx_word' id='word_1_800' title='bbox 126 5172 218 5220; x_wconf 74' lang='lat' dir='ltr'>locros</span> <span class='ocrx_word' id='word_1_801' title='bbox 228 5164 367 5238; x_wconf 83' lang='lat' dir='ltr'>uirginum</span> <span class='ocrx_word' id='word_1_802' title='bbox 381 5163 490 5234; x_wconf 87' lang='lat' dir='ltr'>chores,</span> <span class='ocrx_word' id='word_1_803' title='bbox 503 5181 553 5239; x_wconf 92' lang='lat' dir='ltr'>pro</span> <span class='ocrx_word' id='word_1_804' title='bbox 563 5165 674 5224; x_wconf 86' lang='lat' dir='ltr'>Christo</span> <span class='ocrx_word' id='word_1_805' title='bbox 683 5168 731 5225; x_wconf 92' lang='lat' dir='ltr'>diu</span> <span class='ocrx_word' id='word_1_806' title='bbox 745 5172 902 5242; x_wconf 84' lang='lat' dir='ltr'>agonizans,</span> <span class='ocrx_word' id='word_1_807' title='bbox 914 5173 1065 5230; x_wconf 84' lang='lat' dir='ltr'>novissime</span> <span class='ocrx_word' id='word_1_808' title='bbox 1079 5175 1170 5246; x_wconf 85' lang='lat' dir='ltr'>gladio</span> <span class='ocrx_word' id='word_1_809' title='bbox 1180 5174 1306 5248; x_wconf 87' lang='lat' dir='ltr'>jugulata</span> <span class='ocrx_word' id='word_1_810' title='bbox 1320 5185 1372 5235; x_wconf 87' lang='lat' dir='ltr'>est.</span> 
     </span>
    </p>
   </div>
   <div class='ocr_carea' id='block_1_14' title="bbox 162 5312 1735 5519">
    <p class='ocr_par' dir='ltr' id='par_1_28' title="bbox 162 5312 1735 5519">
     <span class='ocr_line' id='line_1_122' title="bbox 878 5312 996 5372; baseline 0.008 -1"><span class='ocrx_word' id='word_1_811' title='bbox 878 5312 996 5372; x_wconf 82' lang='lat' dir='ltr'>NOTAE.</span> 
     </span>
     <span class='ocr_line' id='line_1_123' title="bbox 162 5422 1735 5519; baseline 0.016 -41"><span class='ocrx_word' id='word_1_812' title='bbox 162 5422 248 5481; x_wconf 80' lang='lat' dir='ltr'>Poros</span> <span class='ocrx_word' id='word_1_813' title='bbox 258 5443 356 5485; x_wconf 88' lang='lat' dir='ltr'>censeo</span> <span class='ocrx_word' id='word_1_814' title='bbox 369 5429 518 5500; x_wconf 70' lang='lat' dir='ltr'>Deriaien,</span> <span class='ocrx_word' id='word_1_815' title='bbox 533 5431 679 5503; x_wconf 79' lang='lat' dir='ltr'>Munerat,</span> <span class='ocrx_word' id='word_1_816' title='bbox 692 5435 802 5492; x_wconf 76' lang='lat' dir='ltr'>Graues.</span> <span class='ocrx_word' id='word_1_817' title='bbox 816 5444 844 5493; x_wconf 89' lang='lat' dir='ltr'>et</span> <span class='ocrx_word' id='word_1_818' title='bbox 856 5437 958 5495; x_wconf 82' lang='lat' dir='ltr'>Melan.</span> <span class='ocrx_word' id='word_1_819' title='bbox 976 5438 1090 5496; x_wconf 89' lang='lat' dir='ltr'>Accedit</span> <span class='ocrx_word' id='word_1_820' title='bbox 1107 5441 1243 5500; x_wconf 77' lang='lat' dir='ltr'>Ceatsleii.</span> <span class='ocrx_word' id='word_1_821' title='bbox 1253 5440 1304 5499; x_wconf 93' lang='lat' dir='ltr'>sub</span> <span class='ocrx_word' id='word_1_822' title='bbox 1319 5441 1432 5501; x_wconf 90' lang='lat' dir='ltr'>initium</span> <span class='ocrx_word' id='word_1_823' title='bbox 1441 5442 1549 5502; x_wconf 89' lang='lat' dir='ltr'>codicis</span> <span class='ocrx_word' id='word_1_824' title='bbox 1558 5447 1735 5519; x_wconf 78' lang='lat' dir='ltr'>purissimus.</span> 
     </span>
    </p>
   </div>
   <div class='ocr_carea' id='block_1_15' title="bbox 123 5574 1764 5821">
    <p class='ocr_par' dir='ltr' id='par_1_29' title="bbox 123 5574 1764 5821">
     <span class='ocr_line' id='line_1_124' title="bbox 125 5574 1764 5698; baseline 0.022 -69"><span class='ocrx_word' id='word_1_825' title='bbox 125 5583 172 5698; x_wconf 54' lang='lat' dir='ltr'>m:</span> <span class='ocrx_word' id='word_1_826' title='bbox 188 5574 304 5658; x_wconf 75' lang='lat' dir='ltr'>Sollerio</span> <span class='ocrx_word' id='word_1_827' title='bbox 314 5598 369 5638; x_wconf 89' lang='lat' dir='ltr'>non</span> <span class='ocrx_word' id='word_1_828' title='bbox 380 5587 551 5668; x_wconf 82' lang='lat' dir='ltr'>placetqued</span> <span class='ocrx_word' id='word_1_829' title='bbox 563 5589 829 5674; x_wconf 76' lang='lat' dir='ltr'>Usuardinuseorlen</span> <span class='ocrx_word' id='word_1_830' title='bbox 843 5594 914 5677; x_wconf 61' lang='lat' dir='ltr'>Pra7</span> <span class='ocrx_word' id='word_1_831' title='bbox 968 5597 1046 5653; x_wconf 77' lang='lat' dir='ltr'>aistis</span> <span class='ocrx_word' id='word_1_832' title='bbox 1058 5598 1236 5670; x_wconf 76' lang='lat' dir='ltr'>prophetiam,</span> <span class='ocrx_word' id='word_1_833' title='bbox 1247 5617 1324 5657; x_wconf 76' lang='lat' dir='ltr'>axvi.</span> <span class='ocrx_word' id='word_1_834' title='bbox 1335 5602 1400 5658; x_wconf 79' lang='lat' dir='ltr'>llaec</span> <span class='ocrx_word' id='word_1_835' title='bbox 1409 5602 1493 5659; x_wconf 81' lang='lat' dir='ltr'>verba</span> <span class='ocrx_word' id='word_1_836' title='bbox 1508 5603 1545 5661; x_wconf 85' lang='lat' dir='ltr'>sd</span> <span class='ocrx_word' id='word_1_837' title='bbox 1558 5611 1672 5663; x_wconf 83' lang='lat' dir='ltr'>texturis</span> <span class='ocrx_word' id='word_1_838' title='bbox 1688 5608 1764 5679; x_wconf 72' lang='lat' dir='ltr'>pstil-</span> 
     </span>
     <span class='ocr_line' id='line_1_125' title="bbox 123 5656 1764 5792; baseline 0.023 -92"><span class='ocrx_word' id='word_1_839' title='bbox 123 5660 213 5775; x_wconf 53' lang='lat' dir='ltr'>¹¹11siest</span> <span class='ocrx_word' id='word_1_840' title='bbox 217 5656 673 5792; x_wconf 41' lang='lat' dir='ltr'>ffffiwlgffglssmq&#39;gmiffi&#39;am</span> <span class='ocrx_word' id='word_1_841' title='bbox 685 5662 915 5746; x_wconf 68' lang='lat' dir='ltr'>Coesorqupssts</span> <span class='ocrx_word' id='word_1_842' title='bbox 968 5682 1033 5725; x_wconf 87' lang='lat' dir='ltr'>nsrs</span> <span class='ocrx_word' id='word_1_843' title='bbox 1044 5685 1101 5726; x_wconf 90' lang='lat' dir='ltr'>nou</span> <span class='ocrx_word' id='word_1_844' title='bbox 1115 5670 1270 5752; x_wconf 69' lang='lat' dir='ltr'>emshmat,</span> <span class='ocrx_word' id='word_1_845' title='bbox 1294 5689 1327 5729; x_wconf 89' lang='lat' dir='ltr'>eo</span> <span class='ocrx_word' id='word_1_846' title='bbox 1343 5674 1416 5746; x_wconf 81' lang='lat' dir='ltr'>quod</span> <span class='ocrx_word' id='word_1_847' title='bbox 1429 5675 1460 5730; x_wconf 89' lang='lat' dir='ltr'>in</span> <span class='ocrx_word' id='word_1_848' title='bbox 1474 5675 1601 5757; x_wconf 72' lang='lat' dir='ltr'>quinque</span> <span class='ocrx_word' id='word_1_849' title='bbox 1614 5677 1764 5761; x_wconf 70' lang='lat' dir='ltr'>codicibus,</span> 
     </span>
     <span class='ocr_line' id='line_1_126' title="bbox 415 5732 1761 5821; baseline 0.02 -39"><span class='ocrx_word' id='word_1_850' title='bbox 415 5770 422 5782; x_wconf 87' lang='lat'>.</span> <span class='ocrx_word' id='word_1_851' title='bbox 523 5744 554 5801; x_wconf 84' lang='lat' dir='ltr'>ga</span> <span class='ocrx_word' id='word_1_852' title='bbox 569 5772 577 5799; x_wconf 92' lang='lat'>,</span> <span class='ocrx_word' id='word_1_853' title='bbox 591 5732 846 5806; x_wconf 58' lang='lat' dir='ltr'>semmam</span> <span class='ocrx_word' id='word_1_854' title='bbox 858 5738 915 5794; x_wconf 80' lang='lat' dir='ltr'>Ds-</span> <span class='ocrx_word' id='word_1_855' title='bbox 967 5740 1103 5813; x_wconf 77' lang='lat' dir='ltr'>quesbus</span> <span class='ocrx_word' id='word_1_856' title='bbox 1116 5757 1147 5799; x_wconf 80' lang='lat' dir='ltr'>is</span> <span class='ocrx_word' id='word_1_857' title='bbox 1162 5741 1226 5801; x_wconf 91' lang='lat' dir='ltr'>loco</span> <span class='ocrx_word' id='word_1_858' title='bbox 1238 5759 1323 5816; x_wconf 82' lang='lat' dir='ltr'>puros</span> <span class='ocrx_word' id='word_1_859' title='bbox 1337 5753 1439 5814; x_wconf 70' lang='lat' dir='ltr'>mi,</span> <span class='ocrx_word' id='word_1_860' title='bbox 1454 5761 1574 5805; x_wconf 77' lang='lat' dir='ltr'>musmo</span> <span class='ocrx_word' id='word_1_861' title='bbox 1583 5757 1761 5821; x_wconf 64' lang='lat' dir='ltr'>reperissem</span> 
     </span>
    </p>
   </div>
   <div class='ocr_carea' id='block_1_16' title="bbox 0 0 1922 6136">
    <p class='ocr_par' dir='ltr' id='par_1_30' title="bbox 0 0 1922 6136">
     <span class='ocr_line' id='line_1_127' title="bbox 0 0 1922 6136; baseline 0 6"><span class='ocrx_word' id='word_1_862' title='bbox 0 0 1922 6136; x_wconf 95' lang='lat' dir='ltr'> </span> 
     </span>
    </p>
   </div>
  </div>
 </body>
</html>
