3834 6136
131 206 183 263 839

794 201 946 258 USUABDI
965 201 1127 259 mouscin

1733 203 1786 261 eto

138 358 148 380 «
165 329 218 399 Qui
233 329 261 384 in
276 326 432 384 divinitatis
446 341 501 381 sna
516 325 650 396 potentia,
664 331 692 379 et
701 333 810 396 tempus
822 324 929 381 nativi·
942 328 968 387 A
983 325 1050 392 Qua
1079 341 1110 381 ro
1118 323 1290 381 confessione
1298 321 1423 390 Domini,
1433 320 1544 378 diutina
1553 321 1683 379 custodia
1694 340 1710 378 a
1722 326 1784 384 uiro

132 403 197 459 tatis
220 417 276 457 sua
297 397 433 471 praevidit,
450 406 478 453 et
496 405 621 459 matrem,
638 410 686 466 per
700 412 780 468 qnam
797 413 927 452 nascere-

132 483 188 540 tur,
200 470 294 542 elegit;
310 469 418 541 quade
433 467 537 539 Spiritu
546 466 644 522 Sancto
652 469 788 538 concepit,
800 476 827 523 et
842 475 928 523 mater

132 553 159 600 et
173 543 250 612 virgo
264 540 423 613 permansit.
442 564 451 584 ι
479 540 510 595 ln
523 537 630 592 duabus
645 536 708 594 aliis
722 555 928 594 commemora-

132 613 256 669 tionibus
270 627 322 683 pur
343 627 356 665 s
371 619 420 666 est.

167 685 321 739 Pousinon.
341 681 380 738 sic
395 680 495 736 habet:
515 706 523 726 ι
539 681 570 736 ln
583 679 744 735 Bethlehem
759 678 846 745 iudae,
858 678 927 734 nati-

132 753 203 813 vitas
217 752 367 809 Salvatoris
383 752 468 807 nostri
489 750 601 807 Domini
616 751 681 805 lesu
694 749 809 816 Christi,
825 765 928 804 seeun-

131 825 198 880 dum
212 840 333 890 earnem,
349 840 408 879 xuu
422 839 495 878 anno
510 822 623 879 Caesaris
638 820 767 892 Augusti,
786 820 927 892 Olympia-

132 896 175 952 dis
189 894 345 952 centesima
363 895 546 964 nonagesima
561 892 660 961 tertiae,
686 893 720 948 ab
742 891 813 948 Urbe
835 899 928 947 autem

131 967 243 1022 condita
257 982 329 1022 anno
347 981 444 1031 cccxc,
469 973 574 1020 sextam
600 964 674 1018 enim
699 962 796 1018 mundi
820 970 927 1018 atatem

132 1056 182 1095 suo
194 1038 319 1110 piissimo
334 1036 506 1093 consecravit
520 1035 651 1090 adventu.
663 1034 767 1090 Eodem
782 1033 837 1101 die,
854 1041 927 1089 nata·

132 1110 167 1164 lis
181 1116 281 1164 sancte
296 1107 457 1162 Anastasia.
474 1131 482 1153 ·
506 1108 610 1162 Desunt
624 1105 730 1179 reliqua
743 1106 846 1161 omnia.

167 1179 321 1245 Aaronem,
334 1179 539 1244 blan-Lunna,
555 1176 799 1244 Auroram-Max,
814 1177 928 1232 Unrnn-

131 1266 204 1305 tucr.
218 1259 245 1303 et
259 1249 381 1303 Laruas.
398 1249 427 1304 i'n
447 1248 521 1303 notis
535 1248 741 1318 chronologicis
755 1247 929 1304 conveniunt

132 1336 195 1376 cum
211 1321 344 1388 Pharan,
361 1328 413 1375 etc.
430 1320 465 1375 Et
483 1326 638 1390 praetereas
652 1318 771 1390 puritate
784 1318 927 1383 deliciunt,

131 1390 204 1462 quod
216 1391 446 1462 omittentes,post
455 1407 545 1446 sacros
561 1390 695 1461 uirginum
708 1391 812 1455 choros,
827 1387 928 1445 substi-

132 1468 222 1529 tuant,
237 1463 283 1517 sah
297 1462 400 1518 Nicecio
424 1461 501 1518 Urbis
512 1460 648 1532 praesecto.

167 1533 265 1588 Dante.
282 1550 345 1589 cum
361 1533 500 1604 prioribus
516 1533 687 1600 conveniret,
703 1531 757 1588 nisi
772 1530 855 1586 verba
870 1531 926 1597 illa,

137 1627 146 1649 ι
167 1604 245 1659 lesus
259 1603 386 1659 Christus
401 1603 476 1658 lilius
489 1604 538 1660 Dei
554 1603 583 1659 in
596 1604 736 1659 Bethleem
751 1602 828 1658 luda
842 1601 928 1657 nasci·

984 415 1033 457 suo
1070 396 1147 453 ublio
1169 410 1294 467 perpessa
1313 403 1354 450 est
1370 410 1402 449 ac
1424 402 1568 474 macerata,
1594 393 1669 449 beati
1695 403 1785 454 tamen

983 467 1155 539 Chrysogoni
1164 466 1321 539 epistoliset
1331 464 1573 520 exhortationibus
1582 467 1783 536 estconsolata,

982 560 1013 599 ac
1026 539 1190 596 confortata.
1214 537 1323 592 Mortuo
1339 536 1437 591 marito
1454 543 1513 607 post
1528 536 1575 590 lon
1597 551 1642 590 am
1658 537 1784 595 incarce-

983 611 1117 669 rationem
1129 609 1180 663 sub
1193 608 1305 678 lllyrieo
1321 607 1461 679 praelecto,
1478 615 1552 662 »etc
1593 606 1639 661 ide
1654 607 1716 664 haee
1732 627 1783 666 me·

983 684 1038 740 lius
1051 681 1080 735 in
1095 679 1201 734 Adone.
1219 679 1249 734 ln
1265 679 1363 734 ultima
1374 677 1587 733 annuntiatione
1596 676 1672 732 idem
1688 679 1783 738 inserit

983 751 1056 828 quod
1072 749 1154 806 habet
1168 750 1275 805 Morsu.
1292 749 1394 805 citatus
1405 763 1487 818 supra
1503 748 1533 802 in
1550 747 1744 806 Variantibus.

1018 826 1115 880 Bauuv.
1128 820 1168 876 sic
1179 820 1284 892 primus
1299 818 1410 874 initium
1425 818 1544 873 lormat:
1564 842 1574 865 ‹
1588 819 1673 874 Anno
1684 835 1701 874 a
1713 837 1782 879 erea-

983 897 1057 953 tione
1068 890 1288 974 mundi,quando
1299 890 1328 945 in
1339 888 1476 961 principio
1486 890 1559 944 Deus
1568 889 1782 950 creaviteoelnm

982 975 1009 1024 et
1020 975 1133 1031 terram,
1148 971 1246 1036 quinto
1262 961 1411 1016 millesimo
1430 959 1582 1016 centesimo
1605 964 1782 1033 nonagesimo

982 1055 1066 1104 nono,
1083 1034 1130 1107 qui
1140 1049 1276 1089 annorum
1292 1048 1424 1087 numerus
1437 1030 1632 1103 complebatur
1647 1032 1677 1088 in
1693 1036 1782 1105 proxi·

983 1126 1028 1164 mo
1038 1112 1169 1188 sequente
1178 1120 1271 1159 mense
1285 1102 1389 1167 Martii,
1401 1101 1524 1173 ejusdem
1539 1103 1644 1158 mensis
1654 1102 1701 1159 die
1712 1105 1783 1178 vige·

983 1180 1064 1247 simo,
1073 1193 1102 1232 m
1118 1176 1166 1231 illa
1179 1175 1253 1230 enim
1268 1174 1312 1229 die
1325 1181 1434 1229 creatus
1444 1180 1485 1228 est
1495 1172 1627 1228 mundus.
1640 1176 1667 1229 A
1678 1175 1783 1233 diluvio

983 1266 1060 1317 vero,
1076 1263 1148 1302 anno
1165 1244 1286 1300 secundo
1303 1244 1453 1299 millesimo
1468 1244 1682 1315 nongentesimo
1696 1248 1781 1318 qnin-

983 1318 1142 1394 quagesimo
1154 1315 1282 1386 septimo,
1299 1315 1347 1387 qui
1367 1330 1499 1369 numems
1509 1314 1701 1386 complebatur
1710 1318 1781 1375 deci-

984 1408 1028 1447 ma
1054 1389 1170 1461 septima
1198 1385 1243 1442 die
1270 1383 1408 1512 sequentis
1442 1383 1556 1457 Aprilis.
1587 1385 1612 1441 A
1640 1387 1782 1446 nativitate

983 1463 1091 1528 Abram,
1112 1473 1185 1513 anno
1209 1472 1293 1513 secun
1314 1456 1495 1511 omillesimo
1529 1456 1611 1512 uinto
1627 1455 1783 1517 decimo.A

983 1534 1077 1606 Moyse
1091 1538 1118 1585 et
1132 1544 1242 1601 egressu
1257 1527 1351 1608 populi
1366 1527 1449 1608 lsrael
1459 1526 1493 1581 de
1506 1472 1629 1608 l‘igypto,
1641 1544 1715 1585 anno
1726 1531 1782 1586 mil-

985 1605 1083 1660 lesimo
1104 1601 1326 1728 quingentesimo
1348 1598 1469 1654 decumo.
1488 1597 1532 1652 Ab
1547 1598 1662 1655 exordio
1687 1600 1782 1672 Trojae,

131 1683 187 1742 tur,
203 1699 212 1720 ›
234 1675 263 1729 in
278 1674 360 1730 finem
379 1675 611 1742 annuntiationis,
626 1674 847 1745 transposuisset.
942 1677 966 1736 Β
980 1691 1054 1731 anno
1069 1673 1106 1729 mi
1123 1672 1218 1727 lesimo
1241 1669 1392 1725 centesimo
1416 1669 1622 1740 septuagesimo
1641 1686 1726 1727 nono.
1742 1673 1780 1729 Ab

167 1745 321 1802 Lovarvmn.
333 1745 442 1802 delectu
454 1745 570 1812 laboret,
581 1753 670 1800 totum
682 1753 781 1800 sanctae
796 1742 926 1815 Eugeniae

131 1817 251 1888 elogium
267 1817 490 1888 pretermittens.
745 1846 749 1854 ·

167 1889 289 1942 Auerno.
307 1886 335 1941 in
355 1886 494 2011 qrinciqio
516 1886 733 1958 praecedentibus
746 1884 857 1951 similia,
873 1883 927 1939 ad-

127 1956 230 2028 jungit,
243 1981 252 2003 ι
267 1957 299 2010 oh
318 1957 354 2013 Ur
371 1973 443 2011 econ
463 1959 500 2010 ito
513 1973 693 2024 ouaoooucrr,
709 1980 718 2002 2
737 1955 878 2027 pergitque
891 1970 926 2009 ex

130 2026 237 2092 Adone,
265 2025 453 2082 «firmissima
474 2027 670 2098 verissimaque
693 2041 758 2098 pace
776 2031 834 2080 toto
849 2024 925 2092 orbe,

130 2095 305 2151 ordinatione
319 2095 402 2162 Dela
417 2097 521 2155 Caesare
537 2099 661 2224 Augusto
675 2095 837 2178 composita,
853 2095 926 2166 Quy·

131 2167 208 2222 rinus
226 2182 260 2221 ex
274 2167 392 2223 consilio
407 2177 516 2224 senatus
533 2169 561 2223 in
591 2168 697 2223 ndaeam
708 2183 819 2233 m1ssus,
829 2182 927 2222 census

129 2238 276 2293 hominum
291 2240 545 2320 possessionemque
560 2238 749 2295 describebat:
765 2245 927 2308 sextamque

130 2309 226 2365 mundi
242 2317 349 2364 aetatem
367 2325 416 2366 suo
432 2310 557 2392 piissimo
571 2309 743 2365 consecravit
761 2308 890 2363 adventu.
911 2332 920 2355 ι

165 2381 343 2436 Bnuxstnnu.
359 2380 475 2453 incipit:
493 2405 502 2427 ι
517 2382 548 2437 ln
563 2379 715 2448 Bethleem,
727 2379 815 2445 ludae,
827 2377 926 2432 nativi-

131 2459 171 2507 tas
185 2451 297 2507 Domini
321 2452 407 2507 nostri
428 2453 492 2508 Jesu
507 2451 610 2509 Christi
626 2449 691 2506 Filii
706 2450 755 2505 Dei
776 2449 926 2505 secundum

129 2538 250 2589 carnem,
271 2538 344 2577 anno
359 2522 505 2579 Octaviani
520 2522 637 2578 Caesaris
651 2521 769 2592 Augusti
784 2536 853 2575 xurr.
873 2519 927 2586 Qui

130 2601 235 2648 sextam
252 2592 350 2647 mundi
364 2601 482 2660 ataleni,
508 2619 516 2641 ·
538 2601 591 2648 etc.
607 2593 646 2648 De
664 2591 788 2663 Eugenia
804 2599 865 2663 post
878 2607 927 2646 sa-

129 2679 191 2717 cros
207 2661 347 2733 virginum
363 2662 471 2730 choros,
497 2679 565 2734 quos
588 2662 699 2719 ChrIsto
723 2669 925 2742 aggregaverat,

129 2733 215 2799 addit,
230 2733 342 2804 alligata
357 2750 423 2789 saxo
433 2742 461 2790 et
472 2733 641 2805 praecipitata
653 2733 926 2804 in'lyberim,merg1

129 2819 184 2858 non
201 2803 291 2872 potnit
306 2820 311 2857 :
329 2803 393 2858 inde
410 2803 526 2859 thermis
538 2804 632 2874 ignitis
647 2803 763 2871 inclusa,
778 2804 864 2859 illesa
878 2818 927 2858 re-

149 2881 206 2928 erta
220 2880 261 2927 est
277 2889 283 2925 :
301 2872 450 2929 novissime
464 2881 555 2929 autem
570 2875 621 2929 sub
631 2874 750 2944 Nycecio
767 2874 846 2929 Urbis
861 2890 927 2944 prae·

129 2889 212 3010 Pecto,
230 2959 280 3015 pro
298 2942 412 3000 Christo
423 2943 471 2999 diu
481 2945 637 3015 agonizans,
652 2945 681 2998 in
696 2943 926 3024 custodia-gladio

980 1746 1111 1802 unctione
1126 1739 1216 1798 David
1231 1741 1259 1795 in
1274 1756 1374 1811 regem,
1390 1755 1463 1795 anno
1479 1739 1633 1796 millesimo
1646 1742 1784 1814 trigesimo

981 1816 1110 1874 secundo.
1128 1813 1202 1869 Olim
1224 1811 1285 1866 iade
1299 1811 1452 1866 centesima
1466 1811 1650 1882 nonagesima
1664 1814 1783 1871 tertiah

981 1889 1070 1960 prima
1088 1892 1179 1940 antem
1197 1829 1363 1953 (Vllinpiade,
1385 1897 1457 1937 anno
1481 1881 1728 1953 octingentesimo.
1744 1885 1782 1942 Ab

980 1958 1048 2014 urbe
1063 1958 1148 2012 lloma
1162 1953 1285 2020 condita,
1301 1968 1374 2008 anno
1389 1953 1639 2023 septingentesimo
1654 1955 1782 2037 quinqua·

998 2029 1084 2084 esirno
1095 2023 1225 2082 seeundo.
1235 2023 1412 2079 Hebdomada
1423 2023 1594 2094 sexagesima
1604 2033 1700 2093 tertia,
1708 2026 1784 2098 juxta

981 2046 1103 2156 Banielis
1114 2094 1296 2167 prophetiam,
1307 2095 1415 2149 seilicet
1424 2110 1495 2149 anno
1510 2095 1782 2168 quadringentesimo

1000 2165 1239 2239 uadragesimovel
1250 2165 1332 2220 circa.
1345 2166 1426 2220 Anno
1443 2165 1553 2245 imperii
1564 2166 1715 2223 Octaviani
1724 2185 1782 2241 qna·

981 2187 1134 2312 dragesimo
1149 2235 1279 2293 secundo.
1295 2235 1378 2291 Sexta
1390 2235 1486 2291 mnndi
1498 2243 1591 2304 atate,
1600 2235 1698 2307 januis
1708 2240 1782 2295 ebu-

981 2313 1029 2378 sis,
1039 2318 1096 2366 toto
1106 2308 1171 2363 orbe
1186 2307 1215 2362 in
1226 2322 1292 2378 pace
1301 2307 1467 2378 composito,
1476 2306 1608 2364 Christus
1616 2308 1696 2365 iesus
1706 2317 1779 2365 eter-

981 2398 1033 2436 nus
1052 2383 1135 2447 Deus,
1155 2378 1306 2449 aternique
1320 2378 1409 2432 Patris
1423 2377 1524 2445 Filius,
1534 2379 1677 2435 muudum
1691 2382 1780 2438 rolens

981 2469 1031 2508 sno
1045 2451 1165 2506 adventu
1185 2448 1310 2521 piissimo
1324 2464 1494 2515 consecrare,
1507 2448 1542 2504 de
1559 2448 1672 2521 Spiritu
1686 2452 1778 2509 Sancto

981 2530 1139 2648 eonceqtus,
1160 2534 1315 2600 novemque
1339 2528 1400 2591 post
1422 2519 1638 2592 conceptionem
1661 2522 1778 2579 decursis

982 2593 1068 2650 mensi
1090 2610 1132 2659 us,
1147 2591 1194 2647 hic
1213 2590 1316 2646 dicitur
1336 2591 1391 2646 alta
1409 2606 1485 2646 voce.
1502 2593 1535 2647 ln
1549 2592 1698 2649 Bethleem
1712 2593 1777 2650 luda

981 2664 1103 2721 nascitur
1117 2679 1152 2718 ex
1167 2662 1251 2717 Maria
1267 2661 1383 2731 Virgine
1397 2661 1486 2718 factus
1501 2661 1605 2728 bomo;
1630 2663 1679 2720 hic
1697 2673 1776 2721 auten

981 2737 1064 2791 altius
1078 2744 1105 2791 et
1119 2734 1148 2789 in
1163 2742 1229 2789 tono
1250 2731 1384 2802 passionis
1395 2749 1400 2786 :
1413 2732 1550 2789 Nativitas
1565 2735 1686 2791 Domini
1701 2734 1775 2792 nostri

980 2807 1044 2862 lesu
1057 2804 1160 2864 Christi
1176 2802 1327 2860 secundum
1343 2819 1465 2860 carnem.
1481 2828 1491 2850 ι
1508 2803 1644 2877 Sequitur
1662 2806 1697 2863 de
1710 2807 1775 2863 Am·

980 2878 1073 2945 stasia,
1090 2883 1169 2932 textu
1183 2891 1218 2930 ex
1230 2873 1327 2929 Adone
1342 2873 1471 2929 nonnihil
1487 2874 1673 2947 interpolato.
1690 2879 1719 2934 In
1732 2879 1773 2934 liu·

980 2949 1059 3020 genia
1082 2947 1178 3003 inserit
1194 2947 1267 3002 sicut
1281 2945 1403 3014 Monam,
1420 2946 1463 3002 rel
1480 2946 1574 3016 potius
1588 2946 1637 3004 hic
1649 2964 1684 3005 ex
1702 2949 1773 3004 altero

125 3012 278 3095 jugulatur.
297 3039 306 3062 ι
322 3015 353 3070 ln
364 3014 642 3086 Anastasiamagnam
650 3021 753 3086 partem
764 3012 924 3085 eloguAdo·
941 3022 962 3082 c
979 3019 1093 3091 accepit,
1121 3017 1154 3072 de
1182 3016 1311 3088 praelecto
1337 3016 1428 3084 Urbis,
1450 3033 1532 3088 quem
1549 3016 1598 3074 hic
1625 3020 1698 3075 male
1712 3021 1772 3075 llic·

129 3084 206 3140 niani
220 3085 362 3153 describit,
379 3085 408 3140 in
422 3085 478 3141 fine
492 3085 612 3141 subdens
630 3102 635 3139 :
656 3111 665 3133 ‹
679 3087 715 3140 Et
728 3084 811 3155 hujus
823 3092 923 3141 sanctae

128 3156 290 3221 Anastasia,
306 3156 407 3212 cotidie
422 3156 454 3212 lit
469 3157 601 3212 memoria
616 3156 645 3210 in
668 3172 773 3212 canone
786 3156 885 3211 missae.
906 3179 915 3202 ι

165 3228 344 3283 annuovsn.
363 3228 396 3283 de
419 3227 569 3283 Nativitate
591 3227 684 3299 aliqua
704 3243 739 3282 ex
761 3227 922 3298 Evangelio,

129 3314 204 3353 more
225 3315 285 3367 suo,
314 3298 444 3355 corradit.
470 3300 627 3371 Sequuntur
647 3298 707 3353 duae
725 3298 865 3378 Eugeniae,
889 3297 923 3353 de

148 3386 245 3425 uarum
268 3370 358 3441 prima
380 3369 421 3425 sic
440 3370 529 3442 legit:
554 3372 686 3434 choma,
710 3385 800 3440 passio
822 3376 923 3424 sancta

128 3385 258 3511 Bngenias
273 3441 402 3513 virginis,
426 3440 491 3497 uvis
507 3440 641 3512 Philippi,
658 3440 784 3512 praesidis
797 3438 924 3495 Alexan-

128 3511 205 3578 driae,
222 3527 282 3583 quae
296 3513 347 3567 sub
361 3512 451 3582 specie
466 3512 521 3566 viri
536 3513 732 3567 monasterium
744 3510 867 3565 virorum
882 3511 923 3566 in·

128 3581 262 3706 allilia
274 3589 309 3706 ti
323 3580 831 3707 ltallutavultusuultus
840 3580 924 3706 lla

128 3693 292 3792 proprio,'et
315 3719 398 3776 scidit
421 3728 525 3776 vestem
549 3721 693 3775 mulierem
715 3735 743 3775 se
765 3665 922 3788 ostendens,

128 3799 243 3863 patrem,
260 3797 386 3858 matrem,
404 3790 502 3847 iratres
523 3796 550 3846 et
574 3791 667 3861 plures
690 3790 759 3845 alios
781 3789 815 3845 ad
839 3789 922 3846 fidem

128 3868 300 3918 convertens.
310 3860 431 3916 Tandem
442 3863 535 3918 Rome
545 3860 627 3928 redit,
637 3860 773 3916 etmultas
787 3859 822 3915 ad
837 3862 922 3916 Deum

128 3931 250 4002 virgines
272 3931 431 3998 convertit;
455 3931 484 3986 in
507 3930 590 3987 domo
605 3930 716 4057 proqria
728 3930 890 3989 decollatur.
907 3957 916 3980 ι

128 4001 215 4057 Tum:
233 4002 322 4057 «Item
338 4002 430 4058 Bomae
445 4001 474 4056 iu
491 4002 637 4074 cymiterio
677 4001 814 4072 proniani,
832 4026 841 4049 ι
856 4011 921 4071 etc,

127 4077 236 4127 textum
251 4070 418 4128 hodiernum
431 4072 524 4128 refert.
539 4075 578 4129 De
594 4073 738 4129 Anastasia
749 4074 822 4144 stylo
836 4073 923 4146 magis

126 4142 243 4198 barbaro
264 4142 432 4217 redditque
458 4145 488 4199 in
511 4143 607 4200 Adone
627 4144 779 4216 elegantius
796 4161 830 4200 ex
845 4144 923 4201 Actis

127 4212 258 4269 adornata
271 4223 345 4270 sunt.

162 4284 322 4346 Aomemcr.
340 4285 379 4342 sic
392 4285 426 4341 de
436 4285 520 4342 natali
532 4286 633 4344 Christi
642 4294 728 4356 notat,
739 4285 787 4360 qui
798 4286 921 4343 codicem

977 3106 1041 3144 acm
1054 3089 1183 3160 appellat.
1199 3085 1324 3143 Secunda
1336 3087 1422 3143 editio
1432 3087 1614 3158 superaddit:
1632 3112 1643 3136 ‹
1658 3089 1772 3147 Gordana

977 3167 1076 3227 castro,
1091 3158 1180 3215 sancti
1202 3157 1313 3215 Romuli
1336 3158 1509 3214 confessoris.
1540 3184 1550 3206 »
1584 3160 1624 3215 Et
1638 3160 1693 3218 hoc
1713 3169 1773 3217 trau·

978 3231 1096 3301 sumpsit
1108 3230 1216 3285 blotan.

1013 3302 1141 3357 Gnrvns.
1163 3325 1172 3346 ‹
1188 3299 1267 3366 Nota,
1284 3300 1412 3356 Salvator
1427 3309 1521 3356 noster
1535 3310 1621 3359 natus
1637 3302 1772 3359 hebdoma-

977 3372 1012 3428 da
1025 3371 1107 3442 juxta
1122 3370 1245 3426 Danielis
1269 3370 1441 3442 prophetiam
1458 3373 1634 3444 sexagesima
1648 3383 1733 3441 sexta,
1744 3373 1772 3428 ab

979 3442 1051 3499 Urbe
1062 3449 1154 3498 autem
1169 3440 1283 3497 condita
1297 3457 1371 3496 anno
1383 3441 1634 3513 septingentesimo
1651 3445 1718 3516 quin
1765 3472 1773 3484 ·

978 3514 1081 3584 gesimo
1095 3513 1227 3574 secundo,
1242 3512 1408 3583 compressis
1431 3521 1596 3570 cunctarum
1619 3531 1670 3587 per
1690 3531 1707 3571 o
1751 3530 1774 3569 m

979 3592 1057 3639 terra
1073 3583 1196 3654 gentium
1222 3582 1354 3650 motibus,
1375 3582 1538 3638 firmissima
1565 3600 1636 3657 pace
1649 3602 1666 3643 a
1679 3585 1775 3644 Ceam

977 3657 1103 3725 Augusto
1113 3653 1274 3725 composita,
1290 3653 1401 3726 quando
1412 3652 1546 3720 Quirinus
1560 3671 1596 3711 ex
1612 3655 1774 3714 consiliose

978 3732 1058 3779 natus
1071 3724 1193 3780 Judaeam
1213 3724 1323 3790 missus,
1338 3740 1438 3780 census
1461 3724 1612 3782 bominum
1631 3727 1774 3799 possessio-

977 3810 1099 3865 numque
1120 3794 1315 3851 describebat:
1346 3804 1451 3850 sextam
1475 3796 1576 3851 muudi
1604 3805 1774 3854 atalantam

977 3865 1281 3936 piissimoeonseeravit
1291 3863 1425 3921 adventu.
1437 3866 1503 3921 ltem
1512 3868 1588 3922 inter
1597 3868 1693 3926 socios
1701 3868 1774 3924 betta

977 3935 1127 3991 Anastasia
1143 3952 1237 4006 passus
1251 3945 1293 3991 est
1308 3935 1432 4008 quidam,
1445 3944 1478 3991 ut
1492 3936 1554 3993 Ado
1570 3937 1657 4008 dicit,
1674 3939 1775 3996 nomos

976 4006 1141 4062 Euticienus
1153 4005 1389 4062 innocentissimae
1403 4013 1518 4075 naturae,
1534 4008 1583 4080 qni
1605 4011 1773 4082 quotiescun

977 4093 1029 4150 que
1041 4077 1138 4135 luisset
1146 4076 1487 4151 auditus,quotiescunque
1497 4079 1699 4152 iuterrogatus,
1711 4077 1775 4136 nihil

976 4148 1052 4204 aliud
1067 4148 1186 4214 dicebat,
1208 4163 1300 4219 quam,
1326 4147 1467 4204 Christum
1484 4148 1554 4204 mihi
1578 4165 1667 4208 nemo
1694 4150 1774 4217 tollet,

976 4218 1058 4274 etiam
1073 4218 1121 4292 qui
1134 4225 1216 4299 caput
1230 4218 1385 4298 abstulerit.
1400 4218 1503 4275 Eodem
1518 4219 1565 4275 die
1587 4231 1682 4280 castro
1709 4220 1775 4278 (ior-

977 4289 1070 4356 diano,
1094 4295 1181 4344 sancti
1205 4289 1317 4345 Romuli
1340 4290 1514 4345 confessoris.
1542 4291 1574 4346 ln
1599 4291 1772 4359 Bethlehem,

127 4353 208 4410 illum
221 4372 285 4412 eum
295 4355 534 4414 secundellouaur
553 4357 675 4415 editione
690 4357 827 4414 contulit:
838 4359 922 4413 «Post
936 4373 959 4431 D
973 4359 1058 4416 beata
1080 4358 1231 4416 Charitatis
1252 4359 1406 4416 abbatisse.
1432 4360 1593 4418 Charitonis
1615 4363 1737 4430 abbatis,
1751 4368 1775 4419 et

127 4426 288 4482 memoriam
302 4428 401 4483 natalis
414 4427 529 4497 Christi,
545 4430 673 4486 meminit
687 4430 751 4497 olei,
772 4430 845 4501 qnod
864 4435 920 4483 tota
973 4430 1099 4486 omnium
1115 4431 1232 4486 fratrum
1246 4447 1359 4487 suorum
1376 4432 1458 4486 simol
1474 4432 1673 4503 migrantium.
1691 4459 1702 4481 ι

126 4504 207 4554 noete
219 4497 301 4552 lluxit
315 4499 408 4554 Romae
423 4505 498 4554 trans
511 4500 651 4571 Tyberim.
672 4525 681 4546 »

161 4567 631 4626 Marumefflares-Uerminam.:
656 4595 665 4618 ι
683 4570 818 4626 Nativitas
833 4570 920 4628 Chri·
944 4569 950 4579 ‘

126 4637 171 4693 sti.
189 4638 338 4718 Anastasia
347 4640 463 4720 virginis
471 4650 499 4696 et
510 4642 649 4713 martyris.
665 4640 919 4722 Eugeniaevirginis

127 4715 154 4761 et
164 4715 303 4779 martyris,
314 4708 416 4765 nobilis
424 4726 531 4781 genere,
546 4712 667 4783 quadiu
679 4713 709 4766 in
720 4712 817 4767 habitu
830 4711 917 4779 virili,

126 4779 415 4857 patermonacborum
429 4781 560 4849 existens,
576 4784 634 4838 Deo
649 4782 776 4837 servivit.
797 4801 811 4833 u

163 4846 257 4903 Editio
271 4848 466 4908 Lusnco-Cou.
482 4851 511 4905 in
526 4852 616 4923 prima
629 4852 729 4908 similis
744 4853 917 4910 estAusanc.

126 4919 197 4973 Tum
210 4918 250 4976 sic
264 4920 456 4992 prosequitur:
476 4946 485 4968 ι
501 4922 582 4994 Apud
592 4923 746 4995 lllyricum,
755 4923 844 4994 passio
859 4941 919 4980 san·

124 4997 175 5047 cta
188 4990 340 5047 Anastasia
353 4992 494 5065 martyris,
506 4993 557 5048 sub
564 4993 915 5066 Diocletianoimperatore.

1008 4501 1117 4557 Morsu.
1132 4501 1232 4558 litteris
1245 4501 1348 4557 Italicis
1363 4501 1452 4558 textui
1466 4503 1615 4573 praemittit
1630 4519 1666 4560 ex
1676 4503 1772 4560 Βιιιιι.

974 4572 1082 4644 longam
1106 4573 1270 4644 epocharum
1292 4573 1390 4628 seriem
1418 4588 1501 4643 supra
1521 4572 1702 4647 descriptam,
1726 4571 1774 4630 sed

974 4642 1091 4697 notatio
1108 4643 1245 4715 margine:
1261 4667 1270 4690 ι
1286 4643 1349 4699 llaec
1363 4642 1510 4699 calculatio
1525 4651 1568 4700 est
1587 4644 1673 4702 valde
1695 4659 1773 4700 men-

972 4712 1048 4781 dosa,
1062 4714 1193 4785 usquead
1208 4713 1346 4770 calculum
1359 4714 1394 4768 ab
1414 4714 1485 4770 Urbe
1500 4714 1629 4773 condita.
1643 4741 1654 4764 ι
1678 4715 1711 4772 lu
1724 4714 1773 4770 hue

972 4800 1007 4838 ex
1021 4783 1115 4839 eodem
1131 4784 1227 4839 Bsuuv.
1251 4808 1260 4831 ι
1282 4784 1410 4840 Gordano
1424 4792 1526 4852 castre,
1549 4786 1642 4843 musti
1667 4783 1772 4844 Romuli

971 4854 1146 4910 confessoris.
1167 4879 1176 4900 »
1195 4853 1265 4910 Vide
1284 4856 1354 4912 llart
1377 4856 1427 4911 rol.
1445 4855 1612 4915 Castellani.
1628 4855 1772 4923 lneditio·

973 4924 1054 4981 nibus
1069 4924 1276 4996 posterioribus,
1292 4871 1519 4997 nihiVadjeotum
1540 4936 1595 4986 est.

127 5285 175 5341 Vll
193 5287 258 5343 vat.

1662 5296 1767 5358 Dim

95 5393 103 5404 ·
125 5383 205 5452 Apud
221 5385 451 5459 llierosolymam,
466 5386 566 5443 natalis
580 5386 668 5444 saneti
679 5387 810 5462 Stephani
827 5391 1049 5463 protomartyris,
1065 5392 1111 5464 qui
1127 5409 1143 5448 a
1160 5391 1263 5450 iudaeis
1278 5410 1334 5451 non
1349 5395 1431 5468 longe
1441 5402 1506 5477 pest
1518 5394 1683 5469 pastionem
1697 5386 1767 5455 Chri·

123 5470 159 5523 sti
174 5469 307 5540 lapidatus
321 5483 372 5542 est,
392 5474 488 5531 eodem
503 5476 609 5532 scilicet
622 5493 695 5533 anno
710 5479 886 5534 Ascensionis
900 5477 997 5551 ipsius.
1015 5478 1102 5550 Hujus
1118 5481 1273 5539 venerabile
1288 5484 1389 5557 corpus
1409 5490 1535 5558 tempore
1555 5482 1681 5541 Uenerii
1695 5478 1766 5555 prit-

122 5555 192 5627 oipis
205 5555 300 5614 divina
311 5564 478 5620 revelatione
494 5573 632 5636 repertum
644 5575 695 5623 est.
712 5567 804 5623 Romae
820 5567 864 5623 via
879 5567 977 5640 Appia,
991 5567 1125 5641 depositio
1140 5571 1228 5629 sancti
1243 5571 1363 5629 Dionisii
1373 5570 1517 5647 papa,qui
1531 5570 1603 5631 adst
1613 5570 1764 5641 ‚doem-

123 5642 160 5698 tis
175 5643 226 5700 sub
238 5644 353 5705 Claudio
363 5649 527 5725 imperatore
536 5656 747 5713 elarmeuulsit.
758 5656 864 5715 Eodem
873 5656 920 5716 die
931 5657 1020 5715 sancti
1032 5657 1133 5719 Marini
1146 5660 1294 5719 clarissimi
1306 5660 1374 5733 viri,
1387 5660 1438 5739 qul
1448 5652 1764 5743 mmmmm
1812 5684 1815 5743 ;

123 5731 174 5788 sub
188 5732 351 5806 imperatore
364 5739 499 5797 llartiano
515 5744 608 5800 Rome
626 5745 742 5818 adeptus
755 5755 808 5806 est.
1431 5778 1434 5783 ·
1534 5736 1554 5773 ·’
1576 5730 1603 5805 'if
1813 5756 1815 5763 '
