<?xml version="1.0" encoding="UTF-8"?>
<!DOCTYPE html PUBLIC "-//W3C//DTD XHTML 1.0 Transitional//EN"
    "http://www.w3.org/TR/xhtml1/DTD/xhtml1-transitional.dtd">
<html xmlns="http://www.w3.org/1999/xhtml" xml:lang="en" lang="en">
 <head>
  <title>
</title>
<meta http-equiv="Content-Type" content="text/html;charset=utf-8" />
  <meta name='ocr-system' content='tesseract 3.04.00' />
  <meta name='ocr-capabilities' content='ocr_page ocr_carea ocr_par ocr_line ocrx_word'/>
</head>
<body>
  <div class='ocr_page' id='page_1' title='image "./patrologiaecurs76unkngoog_0281.png"; bbox 0 0 3834 6136; ppageno 0'>
   <div class='ocr_carea' id='block_1_1' title="bbox 152 204 1817 306">
    <p class='ocr_par' dir='ltr' id='par_1_1' title="bbox 152 204 1817 306">
     <span class='ocr_line' id='line_1_1' title="bbox 152 204 1817 306; baseline -0.002 -2"><span class='ocrx_word' id='word_1_1' title='bbox 152 249 200 306; x_wconf 79' lang='lat' dir='ltr'><strong>aar</strong></span> <span class='ocrx_word' id='word_1_2' title='bbox 802 245 953 303; x_wconf 80' lang='lat' dir='ltr'><strong>usuardi</strong></span> <span class='ocrx_word' id='word_1_3' title='bbox 972 243 1142 302; x_wconf 82' lang='lat' dir='ltr'><strong>nonaum.</strong></span> <span class='ocrx_word' id='word_1_4' title='bbox 1761 204 1817 303; x_wconf 82' lang='lat' dir='ltr'><strong>ssa</strong></span> 
     </span>
    </p>
   </div>
   <div class='ocr_carea' id='block_1_2' title="bbox 60 372 1817 2525">
    <p class='ocr_par' dir='ltr' id='par_1_2' title="bbox 60 372 1817 2525">
     <span class='ocr_line' id='line_1_2' title="bbox 151 372 1815 454; baseline -0.001 -16"><span class='ocrx_word' id='word_1_5' title='bbox 151 380 242 439; x_wconf 85' lang='lat' dir='ltr'><strong>Elami</strong></span> <span class='ocrx_word' id='word_1_6' title='bbox 256 379 408 454; x_wconf 85' lang='lat' dir='ltr'><strong>presbyteri</strong></span> <span class='ocrx_word' id='word_1_7' title='bbox 428 387 455 435; x_wconf 91' lang='lat' dir='ltr'><strong>et</strong></span> <span class='ocrx_word' id='word_1_8' title='bbox 475 378 652 435; x_wconf 81' lang='lat' dir='ltr'><strong>confessoris.</strong></span> <span class='ocrx_word' id='word_1_9' title='bbox 670 401 679 425; x_wconf 73' lang='grc' dir='ltr'>ι</span> <span class='ocrx_word' id='word_1_10' title='bbox 706 379 863 435; x_wconf 84' lang='lat' dir='ltr'><strong>Romanum</strong></span> <span class='ocrx_word' id='word_1_11' title='bbox 885 392 951 434; x_wconf 86' lang='lat' dir='ltr'><strong>mo·</strong></span> <span class='ocrx_word' id='word_1_12' title='bbox 963 381 989 440; x_wconf 85' lang='lat' dir='ltr'>A</span> <span class='ocrx_word' id='word_1_13' title='bbox 1003 372 1121 450; x_wconf 86' lang='lat' dir='ltr'><strong>demque</strong></span> <span class='ocrx_word' id='word_1_14' title='bbox 1134 384 1196 449; x_wconf 90' lang='lat' dir='ltr'><strong>post</strong></span> <span class='ocrx_word' id='word_1_15' title='bbox 1212 377 1314 432; x_wconf 90' lang='lat' dir='ltr'><strong>multos</strong></span> <span class='ocrx_word' id='word_1_16' title='bbox 1329 392 1379 448; x_wconf 94' lang='lat' dir='ltr'><strong>pro</strong></span> <span class='ocrx_word' id='word_1_17' title='bbox 1393 376 1524 434; x_wconf 75' lang='lat' dir='ltr'><strong>Ecclesiae</strong></span> <span class='ocrx_word' id='word_1_18' title='bbox 1539 375 1662 435; x_wconf 90' lang='lat' dir='ltr'><strong>utilitate</strong></span> <span class='ocrx_word' id='word_1_19' title='bbox 1685 380 1815 445; x_wconf 88' lang='lat' dir='ltr'><strong>sudores,</strong></span> 
     </span>
     <span class='ocr_line' id='line_1_3' title="bbox 151 447 1817 511; baseline -0.001 -2"><span class='ocrx_word' id='word_1_20' title='bbox 151 453 268 509; x_wconf 87' lang='lat' dir='ltr'><strong>deruum</strong></span> <span class='ocrx_word' id='word_1_21' title='bbox 281 461 309 509; x_wconf 88' lang='lat' dir='ltr'><strong>et</strong></span> <span class='ocrx_word' id='word_1_22' title='bbox 322 451 370 508; x_wconf 86' lang='lat' dir='ltr'><strong>alii</strong></span> <span class='ocrx_word' id='word_1_23' title='bbox 386 451 485 507; x_wconf 89' lang='lat' dir='ltr'><strong>melius</strong></span> <span class='ocrx_word' id='word_1_24' title='bbox 499 450 625 507; x_wconf 89' lang='lat' dir='ltr'><strong>scribunt</strong></span> <span class='ocrx_word' id='word_1_25' title='bbox 638 449 744 506; x_wconf 82' lang='lat' dir='ltr'><strong>Heleni.</strong></span> <span class='ocrx_word' id='word_1_26' title='bbox 1005 447 1176 505; x_wconf 85' lang='lat' dir='ltr'><strong>obdormivit</strong></span> <span class='ocrx_word' id='word_1_27' title='bbox 1190 448 1220 504; x_wconf 90' lang='lat' dir='ltr'><strong>in</strong></span> <span class='ocrx_word' id='word_1_28' title='bbox 1238 448 1369 511; x_wconf 87' lang='lat' dir='ltr'><strong>Domino,</strong></span> <span class='ocrx_word' id='word_1_29' title='bbox 1385 461 1458 505; x_wconf 89' lang='lat' dir='ltr'><strong>anuo</strong></span> <span class='ocrx_word' id='word_1_30' title='bbox 1472 448 1587 506; x_wconf 88' lang='lat' dir='ltr'><strong>Domini</strong></span> <span class='ocrx_word' id='word_1_31' title='bbox 1602 460 1754 509; x_wconf 74' lang='lat' dir='ltr'><strong>ccccxxiii.</strong></span> <span class='ocrx_word' id='word_1_32' title='bbox 1765 450 1817 508; x_wconf 86' lang='lat' dir='ltr'><strong>Pa·</strong></span> 
     </span>
     <span class='ocr_line' id='line_1_4' title="bbox 60 519 1814 650; baseline -0.001 -70"><span class='ocrx_word' id='word_1_33' title='bbox 60 578 64 594; x_wconf 74' lang='lat'><strong>,</strong></span> <span class='ocrx_word' id='word_1_34' title='bbox 185 524 281 581; x_wconf 87' lang='lat' dir='ltr'><strong>Editio</strong></span> <span class='ocrx_word' id='word_1_35' title='bbox 296 522 487 579; x_wconf 81' lang='lat' dir='ltr'><strong>huneco-Coi..</strong></span> <span class='ocrx_word' id='word_1_36' title='bbox 498 522 528 576; x_wconf 91' lang='lat' dir='ltr'><strong>iri</strong></span> <span class='ocrx_word' id='word_1_37' title='bbox 538 520 633 591; x_wconf 82' lang='lat' dir='ltr'><strong>Sergio</strong></span> <span class='ocrx_word' id='word_1_38' title='bbox 648 528 675 576; x_wconf 86' lang='lat' dir='ltr'><strong>ot</strong></span> <span class='ocrx_word' id='word_1_39' title='bbox 690 519 809 587; x_wconf 90' lang='lat' dir='ltr'><strong>Baccho,</strong></span> <span class='ocrx_word' id='word_1_40' title='bbox 820 519 950 577; x_wconf 91' lang='lat' dir='ltr'><strong>nonnihil</strong></span> <span class='ocrx_word' id='word_1_41' title='bbox 1005 520 1073 588; x_wconf 86' lang='lat' dir='ltr'><strong>tari,</strong></span> <span class='ocrx_word' id='word_1_42' title='bbox 1089 519 1488 593; x_wconf 75' lang='lat' dir='ltr'><strong>sanciatustiiiaevirginiset</strong></span> <span class='ocrx_word' id='word_1_43' title='bbox 1503 521 1714 593; x_wconf 74' lang='lat' dir='ltr'><strong>martyriaQnre</strong></span> <span class='ocrx_word' id='word_1_44' title='bbox 1726 521 1814 650; x_wconf 43' lang='lat' dir='ltr'><strong>repeti</strong></span> 
     </span>
     <span class='ocr_line' id='line_1_5' title="bbox 152 590 1816 668; baseline -0.002 -15"><span class='ocrx_word' id='word_1_45' title='bbox 152 595 318 668; x_wconf 90' lang='lat' dir='ltr'><strong>interpolata</strong></span> <span class='ocrx_word' id='word_1_46' title='bbox 331 603 390 659; x_wconf 88' lang='lat' dir='ltr'><strong>est;</strong></span> <span class='ocrx_word' id='word_1_47' title='bbox 407 593 503 665; x_wconf 89' lang='lat' dir='ltr'><strong>purior</strong></span> <span class='ocrx_word' id='word_1_48' title='bbox 517 591 546 647; x_wconf 91' lang='lat' dir='ltr'><strong>in</strong></span> <span class='ocrx_word' id='word_1_49' title='bbox 560 593 760 649; x_wconf 83' lang='lat' dir='ltr'><strong>ldarcelloetll</strong></span> <span class='ocrx_word' id='word_1_50' title='bbox 782 591 949 648; x_wconf 90' lang='lat' dir='ltr'><strong>uleio.Tum:</strong></span> <span class='ocrx_word' id='word_1_51' title='bbox 1006 598 1066 647; x_wconf 86' lang='lat' dir='ltr'><strong>orta</strong></span> <span class='ocrx_word' id='word_1_52' title='bbox 1090 591 1230 663; x_wconf 80' lang='lat' dir='ltr'><strong>progenie,</strong></span> <span class='ocrx_word' id='word_1_53' title='bbox 1256 608 1317 647; x_wconf 91' lang='lat' dir='ltr'><strong>cum</strong></span> <span class='ocrx_word' id='word_1_54' title='bbox 1344 590 1378 647; x_wconf 89' lang='lat' dir='ltr'><strong>ad</strong></span> <span class='ocrx_word' id='word_1_55' title='bbox 1398 591 1507 663; x_wconf 74' lang='lat' dir='ltr'><strong>iussum</strong></span> <span class='ocrx_word' id='word_1_56' title='bbox 1532 591 1696 651; x_wconf 76' lang='lat' dir='ltr'><strong>Maximiani</strong></span> <span class='ocrx_word' id='word_1_57' title='bbox 1724 607 1765 650; x_wconf 89' lang='lat' dir='ltr'><strong>no</strong></span> <span class='ocrx_word' id='word_1_58' title='bbox 1778 595 1816 651; x_wconf 89' lang='lat' dir='ltr'><strong>let</strong></span> 
     </span>
     <span class='ocr_line' id='line_1_6' title="bbox 159 607 1814 743; baseline -0.002 -18"><span class='ocrx_word' id='word_1_59' title='bbox 159 670 276 725; x_wconf 74' lang='lat' dir='ltr'><strong>«Rornae</strong></span> <span class='ocrx_word' id='word_1_60' title='bbox 291 667 337 722; x_wconf 86' lang='lat' dir='ltr'><strong>via</strong></span> <span class='ocrx_word' id='word_1_61' title='bbox 350 664 511 730; x_wconf 77' lang='lat' dir='ltr'><strong>Ardeatina,</strong></span> <span class='ocrx_word' id='word_1_62' title='bbox 526 663 555 718; x_wconf 90' lang='lat' dir='ltr'><strong>iu</strong></span> <span class='ocrx_word' id='word_1_63' title='bbox 570 663 710 719; x_wconf 91' lang='lat' dir='ltr'><strong>cimiterio</strong></span> <span class='ocrx_word' id='word_1_64' title='bbox 724 607 857 742; x_wconf 54' lang='lat' dir='ltr'><strong>Barbium,</strong></span> <span class='ocrx_word' id='word_1_65' title='bbox 870 663 952 743; x_wconf 85' lang='lat' dir='ltr'><strong>depo·</strong></span> <span class='ocrx_word' id='word_1_66' title='bbox 1005 661 1090 742; x_wconf 82' lang='lat' dir='ltr'><strong>idolis</strong></span> <span class='ocrx_word' id='word_1_67' title='bbox 1113 661 1269 730; x_wconf 88' lang='lat' dir='ltr'><strong>immolare,</strong></span> <span class='ocrx_word' id='word_1_68' title='bbox 1293 663 1384 734; x_wconf 78' lang='lat' dir='ltr'><strong>gladio</strong></span> <span class='ocrx_word' id='word_1_69' title='bbox 1413 664 1485 721; x_wconf 90' lang='lat' dir='ltr'><strong>latus</strong></span> <span class='ocrx_word' id='word_1_70' title='bbox 1509 663 1653 734; x_wconf 83' lang='lat' dir='ltr'><strong>transfixa,</strong></span> <span class='ocrx_word' id='word_1_71' title='bbox 1682 665 1814 738; x_wconf 82' lang='lat' dir='ltr'><strong>martyrii</strong></span> 
     </span>
     <span class='ocr_line' id='line_1_7' title="bbox 152 733 1815 809; baseline -0.001 -13"><span class='ocrx_word' id='word_1_72' title='bbox 152 741 217 797; x_wconf 89' lang='lat' dir='ltr'><strong>sitio</strong></span> <span class='ocrx_word' id='word_1_73' title='bbox 229 737 317 796; x_wconf 85' lang='lat' dir='ltr'><strong>saneti</strong></span> <span class='ocrx_word' id='word_1_74' title='bbox 332 735 417 794; x_wconf 86' lang='lat' dir='ltr'><strong>hlarci</strong></span> <span class='ocrx_word' id='word_1_75' title='bbox 432 752 508 807; x_wconf 78' lang='lat' dir='ltr'><strong>papa</strong></span> <span class='ocrx_word' id='word_1_76' title='bbox 522 743 549 790; x_wconf 90' lang='lat' dir='ltr'><strong>et</strong></span> <span class='ocrx_word' id='word_1_77' title='bbox 563 733 739 790; x_wconf 79' lang='lat' dir='ltr'><strong>confessoris.</strong></span> <span class='ocrx_word' id='word_1_78' title='bbox 756 735 809 801; x_wconf 84' lang='lat' dir='ltr'><strong>Qui</strong></span> <span class='ocrx_word' id='word_1_79' title='bbox 835 733 907 789; x_wconf 87' lang='lat' dir='ltr'><strong>sedit</strong></span> <span class='ocrx_word' id='word_1_80' title='bbox 921 734 951 789; x_wconf 94' lang='lat' dir='ltr'><strong>in</strong></span> <span class='ocrx_word' id='word_1_81' title='bbox 1006 734 1120 804; x_wconf 73' lang='lat' dir='ltr'><strong>gloriam</strong></span> <span class='ocrx_word' id='word_1_82' title='bbox 1135 733 1233 804; x_wconf 89' lang='lat' dir='ltr'><strong>adepta</strong></span> <span class='ocrx_word' id='word_1_83' title='bbox 1246 744 1296 790; x_wconf 88' lang='lat' dir='ltr'><strong>est.</strong></span> <span class='ocrx_word' id='word_1_84' title='bbox 1310 734 1399 790; x_wconf 80' lang='lat' dir='ltr'><strong>Jotbss</strong></span> <span class='ocrx_word' id='word_1_85' title='bbox 1413 734 1567 793; x_wconf 76' lang='lat' dir='ltr'><strong>abbatisse.</strong></span> <span class='ocrx_word' id='word_1_86' title='bbox 1591 737 1654 809; x_wconf 87' lang='lat' dir='ltr'><strong>lpso</strong></span> <span class='ocrx_word' id='word_1_87' title='bbox 1677 737 1734 806; x_wconf 86' lang='lat' dir='ltr'><strong>die,</strong></span> <span class='ocrx_word' id='word_1_88' title='bbox 1757 739 1815 795; x_wconf 82' lang='lat' dir='ltr'><strong>Os·</strong></span> 
     </span>
     <span class='ocr_line' id='line_1_8' title="bbox 152 804 1815 883; baseline -0.001 -16"><span class='ocrx_word' id='word_1_89' title='bbox 152 812 310 883; x_wconf 91' lang='lat' dir='ltr'><strong>episcopatu</strong></span> <span class='ocrx_word' id='word_1_90' title='bbox 322 807 402 865; x_wconf 86' lang='lat' dir='ltr'><strong>anuis</strong></span> <span class='ocrx_word' id='word_1_91' title='bbox 416 806 536 874; x_wconf 86' lang='lat' dir='ltr'><strong>duobus,</strong></span> <span class='ocrx_word' id='word_1_92' title='bbox 552 805 692 862; x_wconf 89' lang='lat' dir='ltr'><strong>mensibus</strong></span> <span class='ocrx_word' id='word_1_93' title='bbox 706 812 779 871; x_wconf 88' lang='lat' dir='ltr'><strong>octo,</strong></span> <span class='ocrx_word' id='word_1_94' title='bbox 794 804 891 862; x_wconf 87' lang='lat' dir='ltr'><strong>diebus</strong></span> <span class='ocrx_word' id='word_1_95' title='bbox 905 804 951 862; x_wconf 89' lang='lat' dir='ltr'><strong>de·</strong></span> <span class='ocrx_word' id='word_1_96' title='bbox 1023 805 1075 860; x_wconf 79' lang='lat' dir='ltr'><strong>idae</strong></span> <span class='ocrx_word' id='word_1_97' title='bbox 1089 805 1216 876; x_wconf 81' lang='lat' dir='ltr'><strong>virginis.</strong></span> <span class='ocrx_word' id='word_1_98' title='bbox 1233 806 1300 860; x_wconf 91' lang='lat' dir='ltr'><strong>ltem</strong></span> <span class='ocrx_word' id='word_1_99' title='bbox 1315 806 1488 863; x_wconf 80' lang='lat' dir='ltr'><strong>canonizatio</strong></span> <span class='ocrx_word' id='word_1_100' title='bbox 1506 814 1608 865; x_wconf 76' lang='lat' dir='ltr'><strong>sanotae</strong></span> <span class='ocrx_word' id='word_1_101' title='bbox 1621 807 1755 881; x_wconf 72' lang='lat' dir='ltr'><strong>Baginas</strong></span> <span class='ocrx_word' id='word_1_102' title='bbox 1764 810 1815 866; x_wconf 83' lang='lat' dir='ltr'><strong>vi-</strong></span> 
     </span>
     <span class='ocr_line' id='line_1_9' title="bbox 151 820 1448 948; baseline -0.004 -9"><span class='ocrx_word' id='word_1_103' title='bbox 151 898 220 939; x_wconf 87' lang='lat' dir='ltr'><strong>cem.</strong></span> <span class='ocrx_word' id='word_1_104' title='bbox 238 907 248 932; x_wconf 80' lang='grc'><strong>»</strong></span> <span class='ocrx_word' id='word_1_105' title='bbox 268 884 299 939; x_wconf 86' lang='grc' dir='ltr'><strong>Ιιι</strong></span> <span class='ocrx_word' id='word_1_106' title='bbox 323 881 397 938; x_wconf 83' lang='lat' dir='ltr'><strong>lolia</strong></span> <span class='ocrx_word' id='word_1_107' title='bbox 418 878 484 935; x_wconf 89' lang='lat' dir='ltr'><strong>satis</strong></span> <span class='ocrx_word' id='word_1_108' title='bbox 547 894 577 933; x_wconf 88' lang='lat' dir='ltr'><strong>ra</strong></span> <span class='ocrx_word' id='word_1_109' title='bbox 602 885 654 934; x_wconf 89' lang='lat' dir='ltr'><strong>est.</strong></span> <span class='ocrx_word' id='word_1_110' title='bbox 677 899 686 925; x_wconf 83' lang='grc' dir='ltr'>ι</span> <span class='ocrx_word' id='word_1_111' title='bbox 705 877 767 948; x_wconf 92' lang='lat' dir='ltr'><strong>lpso</strong></span> <span class='ocrx_word' id='word_1_112' title='bbox 786 876 841 943; x_wconf 91' lang='lat' dir='ltr'><strong>die,</strong></span> <span class='ocrx_word' id='word_1_113' title='bbox 864 876 950 933; x_wconf 77' lang='lat' dir='ltr'><strong>beatae</strong></span> <span class='ocrx_word' id='word_1_114' title='bbox 1004 820 1103 932; x_wconf 57' lang='lat' dir='ltr'><strong>{naa-</strong></span> <span class='ocrx_word' id='word_1_115' title='bbox 1124 877 1198 933; x_wconf 89' lang='lat' dir='ltr'><strong>lllalo</strong></span> <span class='ocrx_word' id='word_1_116' title='bbox 1211 878 1300 948; x_wconf 74' lang='lat' dir='ltr'><strong>legere</strong></span> <span class='ocrx_word' id='word_1_117' title='bbox 1315 878 1448 948; x_wconf 75' lang='lat' dir='ltr'><strong>Birpr&#39;ttrs.</strong></span> 
     </span>
     <span class='ocr_line' id='line_1_10' title="bbox 152 947 1814 1036; baseline -0.002 -25"><span class='ocrx_word' id='word_1_118' title='bbox 152 955 259 1036; x_wconf 72' lang='lat' dir='ltr'><strong>Ospidae</strong></span> <span class='ocrx_word' id='word_1_119' title='bbox 273 953 399 1023; x_wconf 75' lang='lat' dir='ltr'><strong>uirginis.</strong></span> <span class='ocrx_word' id='word_1_120' title='bbox 414 949 494 1023; x_wconf 79' lang='lat' dir='ltr'><strong>apud</strong></span> <span class='ocrx_word' id='word_1_121' title='bbox 549 950 642 1017; x_wconf 81' lang='lat' dir='ltr'><strong>duam,</strong></span> <span class='ocrx_word' id='word_1_122' title='bbox 659 955 760 1005; x_wconf 76' lang='lat' dir='ltr'><strong>sanctas</strong></span> <span class='ocrx_word' id='word_1_123' title='bbox 773 947 887 1005; x_wconf 81' lang='lat' dir='ltr'><strong>Iustinae</strong></span> <span class='ocrx_word' id='word_1_124' title='bbox 901 963 948 1004; x_wconf 90' lang='lat' dir='ltr'><strong>rio-</strong></span> <span class='ocrx_word' id='word_1_125' title='bbox 1019 948 1148 1029; x_wconf 67' lang='grc' dir='ltr'><strong>ΙΜοιιιι.</strong></span> <span class='ocrx_word' id='word_1_126' title='bbox 1168 967 1202 1029; x_wconf 46' lang='grc' dir='ltr'><strong>χι</strong></span> <span class='ocrx_word' id='word_1_127' title='bbox 1219 949 1302 1020; x_wconf 81' lang='lat' dir='ltr'><strong>Apud</strong></span> <span class='ocrx_word' id='word_1_128' title='bbox 1318 950 1437 1005; x_wconf 86' lang='lat' dir='ltr'>Paduam</span> <span class='ocrx_word' id='word_1_129' title='bbox 1452 949 1606 1016; x_wconf 85' lang='lat' dir='ltr'><strong>ciuitatem,</strong></span> <span class='ocrx_word' id='word_1_130' title='bbox 1622 958 1730 1009; x_wconf 78' lang='lat' dir='ltr'><strong>sauctae</strong></span> <span class='ocrx_word' id='word_1_131' title='bbox 1744 951 1814 1008; x_wconf 86' lang='lat' dir='ltr'><strong>lus-</strong></span> 
     </span>
     <span class='ocr_line' id='line_1_11' title="bbox 151 1018 1812 1097; baseline -0.001 -15"><span class='ocrx_word' id='word_1_132' title='bbox 151 1025 217 1082; x_wconf 90' lang='lat' dir='ltr'><strong>bilis</strong></span> <span class='ocrx_word' id='word_1_133' title='bbox 241 1024 358 1097; x_wconf 76' lang='lat' dir='ltr'><strong>virginis</strong></span> <span class='ocrx_word' id='word_1_134' title='bbox 380 1030 408 1080; x_wconf 92' lang='lat' dir='ltr'><strong>et</strong></span> <span class='ocrx_word' id='word_1_135' title='bbox 432 1022 576 1092; x_wconf 88' lang='lat' dir='ltr'><strong>martyris,</strong></span> <span class='ocrx_word' id='word_1_136' title='bbox 587 1037 647 1094; x_wconf 80' lang='lat' dir='ltr'><strong>que</strong></span> <span class='ocrx_word' id='word_1_137' title='bbox 675 1036 737 1077; x_wconf 84' lang='lat' dir='ltr'><strong>eum</strong></span> <span class='ocrx_word' id='word_1_138' title='bbox 753 1019 856 1075; x_wconf 82' lang='lat' dir='ltr'><strong>ibidem</strong></span> <span class='ocrx_word' id='word_1_139' title='bbox 869 1018 949 1090; x_wconf 84' lang='lat' dir='ltr'><strong>jussit</strong></span> <span class='ocrx_word' id='word_1_140' title='bbox 1004 1025 1070 1075; x_wconf 81' lang='lat' dir='ltr'><strong>tinae</strong></span> <span class='ocrx_word' id='word_1_141' title='bbox 1082 1036 1126 1075; x_wconf 81' lang='lat' dir='ltr'><strong>uir</strong></span> <span class='ocrx_word' id='word_1_142' title='bbox 1146 1020 1383 1092; x_wconf 82' lang='lat' dir='ltr'><strong>iuisetmartyris.</strong></span> <span class='ocrx_word' id='word_1_143' title='bbox 1399 1021 1524 1089; x_wconf 90' lang='lat' dir='ltr'><strong>Carnoti,</strong></span> <span class='ocrx_word' id='word_1_144' title='bbox 1540 1023 1668 1079; x_wconf 89' lang='lat' dir='ltr'><strong>inventio</strong></span> <span class='ocrx_word' id='word_1_145' title='bbox 1683 1025 1812 1096; x_wconf 88' lang='lat' dir='ltr'><strong>corporis</strong></span> 
     </span>
     <span class='ocr_line' id='line_1_12' title="bbox 151 1090 1811 1172; baseline -0.001 -18"><span class='ocrx_word' id='word_1_146' title='bbox 151 1097 315 1155; x_wconf 86' lang='lat' dir='ltr'><strong>Maximiani</strong></span> <span class='ocrx_word' id='word_1_147' title='bbox 326 1091 683 1167; x_wconf 85' lang='lat' dir='ltr'><strong>imperatorisnolletidolis</strong></span> <span class='ocrx_word' id='word_1_148' title='bbox 693 1091 847 1158; x_wconf 90' lang='lat' dir='ltr'><strong>immolare,</strong></span> <span class='ocrx_word' id='word_1_149' title='bbox 857 1091 948 1172; x_wconf 72' lang='lat' dir='ltr'><strong>gladio</strong></span> <span class='ocrx_word' id='word_1_150' title='bbox 1003 1091 1090 1147; x_wconf 90' lang='lat' dir='ltr'><strong>sancti</strong></span> <span class='ocrx_word' id='word_1_151' title='bbox 1136 1090 1255 1159; x_wconf 91' lang='lat' dir='ltr'><strong>aletrici,</strong></span> <span class='ocrx_word' id='word_1_152' title='bbox 1280 1091 1368 1163; x_wconf 88' lang='lat' dir='ltr'><strong>ipsius</strong></span> <span class='ocrx_word' id='word_1_153' title='bbox 1389 1092 1513 1149; x_wconf 85' lang='lat' dir='ltr'><strong>civitatis</strong></span> <span class='ocrx_word' id='word_1_154' title='bbox 1534 1094 1669 1166; x_wconf 83' lang='lat' dir='ltr'><strong>episcopi.</strong></span> <span class='ocrx_word' id='word_1_155' title='bbox 1687 1096 1720 1150; x_wconf 88' lang='lat' dir='ltr'><strong>ln</strong></span> <span class='ocrx_word' id='word_1_156' title='bbox 1740 1111 1811 1169; x_wconf 75' lang='lat' dir='ltr'><strong>pago</strong></span> 
     </span>
     <span class='ocr_line' id='line_1_13' title="bbox 151 1162 1809 1243; baseline -0.001 -18"><span class='ocrx_word' id='word_1_157' title='bbox 151 1186 200 1243; x_wconf 86' lang='lat' dir='ltr'><strong>per</strong></span> <span class='ocrx_word' id='word_1_158' title='bbox 212 1171 283 1225; x_wconf 89' lang='lat' dir='ltr'><strong>latiis</strong></span> <span class='ocrx_word' id='word_1_159' title='bbox 297 1168 461 1240; x_wconf 76' lang='lat' dir='ltr'><strong>percutitur,</strong></span> <span class='ocrx_word' id='word_1_160' title='bbox 478 1172 505 1220; x_wconf 89' lang='lat' dir='ltr'><strong>et</strong></span> <span class='ocrx_word' id='word_1_161' title='bbox 519 1180 600 1220; x_wconf 91' lang='lat' dir='ltr'><strong>orans</strong></span> <span class='ocrx_word' id='word_1_162' title='bbox 614 1164 744 1236; x_wconf 77' lang='lat' dir='ltr'><strong>migravit</strong></span> <span class='ocrx_word' id='word_1_163' title='bbox 759 1163 793 1219; x_wconf 87' lang='lat' dir='ltr'><strong>ad</strong></span> <span class='ocrx_word' id='word_1_164' title='bbox 804 1162 947 1221; x_wconf 79' lang='lat' dir='ltr'><strong>Christum</strong></span> <span class='ocrx_word' id='word_1_165' title='bbox 1003 1162 1213 1230; x_wconf 87' lang='lat' dir='ltr'><strong>Remensi,rico</strong></span> <span class='ocrx_word' id='word_1_166' title='bbox 1222 1163 1270 1234; x_wconf 90' lang='lat' dir='ltr'><strong>qui</strong></span> <span class='ocrx_word' id='word_1_167' title='bbox 1280 1171 1395 1219; x_wconf 84' lang='lat' dir='ltr'><strong>vocatur</strong></span> <span class='ocrx_word' id='word_1_168' title='bbox 1406 1162 1552 1231; x_wconf 78' lang='lat' dir='ltr'><strong>hariolus,</strong></span> <span class='ocrx_word' id='word_1_169' title='bbox 1566 1165 1708 1238; x_wconf 84' lang='lat' dir='ltr'><strong>depositio</strong></span> <span class='ocrx_word' id='word_1_170' title='bbox 1717 1169 1809 1224; x_wconf 73' lang='lat' dir='ltr'><strong>macti</strong></span> 
     </span>
     <span class='ocr_line' id='line_1_14' title="bbox 151 1232 1811 1314; baseline 0 -17"><span class='ocrx_word' id='word_1_171' title='bbox 151 1256 281 1314; x_wconf 90' lang='lat' dir='ltr'><strong>sponsum</strong></span> <span class='ocrx_word' id='word_1_172' title='bbox 294 1255 386 1296; x_wconf 90' lang='lat' dir='ltr'><strong>suum.</strong></span> <span class='ocrx_word' id='word_1_173' title='bbox 409 1239 488 1302; x_wconf 81' lang='lat' dir='ltr'><strong>lteri,</strong></span> <span class='ocrx_word' id='word_1_174' title='bbox 510 1236 654 1293; x_wconf 78' lang='lat' dir='ltr'><strong>translatio</strong></span> <span class='ocrx_word' id='word_1_175' title='bbox 677 1233 764 1291; x_wconf 79' lang='lat' dir='ltr'><strong>soracti</strong></span> <span class='ocrx_word' id='word_1_176' title='bbox 788 1232 947 1306; x_wconf 72' lang='lat' dir='ltr'><strong>Wollgangi</strong></span> <span class='ocrx_word' id='word_1_177' title='bbox 1003 1232 1101 1288; x_wconf 84' lang='lat' dir='ltr'><strong>Halani</strong></span> <span class='ocrx_word' id='word_1_178' title='bbox 1121 1232 1273 1306; x_wconf 81' lang='lat' dir='ltr'><strong>presbyteri</strong></span> <span class='ocrx_word' id='word_1_179' title='bbox 1288 1242 1315 1290; x_wconf 90' lang='lat' dir='ltr'><strong>et</strong></span> <span class='ocrx_word' id='word_1_180' title='bbox 1329 1235 1505 1292; x_wconf 85' lang='lat' dir='ltr'><strong>confessoris.</strong></span> <span class='ocrx_word' id='word_1_181' title='bbox 1522 1237 1615 1293; x_wconf 76' lang='lat' dir='ltr'><strong>Romae</strong></span> <span class='ocrx_word' id='word_1_182' title='bbox 1639 1238 1669 1293; x_wconf 91' lang='lat' dir='ltr'><strong>in</strong></span> <span class='ocrx_word' id='word_1_183' title='bbox 1693 1239 1811 1297; x_wconf 73' lang='lat' dir='ltr'><strong>ecclesia</strong></span> 
     </span>
     <span class='ocr_line' id='line_1_15' title="bbox 151 1304 1738 1385; baseline -0.002 -16"><span class='ocrx_word' id='word_1_184' title='bbox 151 1311 271 1385; x_wconf 85' lang='lat' dir='ltr'><strong>episcopi</strong></span> <span class='ocrx_word' id='word_1_185' title='bbox 287 1319 314 1368; x_wconf 89' lang='lat' dir='ltr'><strong>et</strong></span> <span class='ocrx_word' id='word_1_186' title='bbox 327 1308 540 1375; x_wconf 66' lang='lat' dir='ltr'><strong>contemnam</strong></span> <span class='ocrx_word' id='word_1_187' title='bbox 554 1304 870 1378; x_wconf 83' lang='lat' dir='ltr'><strong>canonisatioejusdom.</strong></span> <span class='ocrx_word' id='word_1_188' title='bbox 886 1307 948 1361; x_wconf 88' lang='lat' dir='ltr'><strong>Ec·</strong></span> <span class='ocrx_word' id='word_1_189' title='bbox 1002 1305 1090 1360; x_wconf 89' lang='lat' dir='ltr'><strong>sancti</strong></span> <span class='ocrx_word' id='word_1_190' title='bbox 1103 1304 1188 1372; x_wconf 89' lang='lat' dir='ltr'><strong>Petri,</strong></span> <span class='ocrx_word' id='word_1_191' title='bbox 1205 1306 1379 1362; x_wconf 84' lang='lat' dir='ltr'><strong>canonizatio</strong></span> <span class='ocrx_word' id='word_1_192' title='bbox 1394 1306 1479 1364; x_wconf 83' lang='lat' dir='ltr'><strong>beatae</strong></span> <span class='ocrx_word' id='word_1_193' title='bbox 1499 1304 1625 1380; x_wconf 79' lang='lat' dir='ltr'><strong>Brigittis</strong></span> <span class='ocrx_word' id='word_1_194' title='bbox 1644 1308 1738 1366; x_wconf 74' lang='lat' dir='ltr'><strong>vidue</strong></span> 
     </span>
     <span class='ocr_line' id='line_1_16' title="bbox 150 1375 1808 1450; baseline -0.001 -10"><span class='ocrx_word' id='word_1_195' title='bbox 150 1384 212 1440; x_wconf 90' lang='lat' dir='ltr'><strong>dem</strong></span> <span class='ocrx_word' id='word_1_196' title='bbox 224 1383 279 1449; x_wconf 86' lang='lat' dir='ltr'><strong>die,</strong></span> <span class='ocrx_word' id='word_1_197' title='bbox 297 1380 470 1439; x_wconf 88' lang='lat' dir='ltr'><strong>canonizatio</strong></span> <span class='ocrx_word' id='word_1_198' title='bbox 481 1388 581 1436; x_wconf 75' lang='lat' dir='ltr'><strong>sancta</strong></span> <span class='ocrx_word' id='word_1_199' title='bbox 596 1377 720 1450; x_wconf 75' lang='lat' dir='ltr'><strong>Brigittia</strong></span> <span class='ocrx_word' id='word_1_200' title='bbox 740 1376 868 1433; x_wconf 79' lang='lat' dir='ltr'><strong>sidua.»</strong></span> <span class='ocrx_word' id='word_1_201' title='bbox 1002 1375 1177 1432; x_wconf 85' lang='lat' dir='ltr'><strong>Bouiiacium</strong></span> <span class='ocrx_word' id='word_1_202' title='bbox 1192 1376 1432 1448; x_wconf 83' lang='lat' dir='ltr'><strong>lX,pootiiicatus</strong></span> <span class='ocrx_word' id='word_1_203' title='bbox 1450 1378 1492 1435; x_wconf 91' lang='lat' dir='ltr'><strong>sni</strong></span> <span class='ocrx_word' id='word_1_204' title='bbox 1507 1395 1581 1435; x_wconf 89' lang='lat' dir='ltr'><strong>anuo</strong></span> <span class='ocrx_word' id='word_1_205' title='bbox 1595 1381 1729 1437; x_wconf 87' lang='lat' dir='ltr'><strong>secundo.</strong></span> <span class='ocrx_word' id='word_1_206' title='bbox 1779 1381 1808 1439; x_wconf 92' lang='lat' dir='ltr'><strong>ui</strong></span> 
     </span>
     <span class='ocr_line' id='line_1_17' title="bbox 185 1446 1808 1526; baseline -0.001 -15"><span class='ocrx_word' id='word_1_207' title='bbox 185 1456 282 1511; x_wconf 75' lang='lat' dir='ltr'><strong>Burin.</strong></span> <span class='ocrx_word' id='word_1_208' title='bbox 299 1453 415 1526; x_wconf 89' lang='lat' dir='ltr'><strong>incipit:</strong></span> <span class='ocrx_word' id='word_1_209' title='bbox 434 1451 536 1525; x_wconf 78' lang='lat' dir='ltr'><strong>«Apud</strong></span> <span class='ocrx_word' id='word_1_210' title='bbox 547 1450 667 1507; x_wconf 79' lang='lat' dir='ltr'><strong>Paduam</strong></span> <span class='ocrx_word' id='word_1_211' title='bbox 681 1447 835 1516; x_wconf 87' lang='lat' dir='ltr'><strong>civitatem,</strong></span> <span class='ocrx_word' id='word_1_212' title='bbox 846 1455 946 1504; x_wconf 84' lang='lat' dir='ltr'><strong>sanctas</strong></span> <span class='ocrx_word' id='word_1_213' title='bbox 1002 1448 1152 1503; x_wconf 88' lang='lat' dir='ltr'><strong>solemnem</strong></span> <span class='ocrx_word' id='word_1_214' title='bbox 1167 1446 1256 1504; x_wconf 87' lang='lat' dir='ltr'><strong>edidit</strong></span> <span class='ocrx_word' id='word_1_215' title='bbox 1271 1448 1408 1517; x_wconf 89' lang='lat' dir='ltr'><strong>libellum,</strong></span> <span class='ocrx_word' id='word_1_216' title='bbox 1419 1450 1587 1522; x_wconf 83' lang='lat' dir='ltr'><strong>quodictam</strong></span> <span class='ocrx_word' id='word_1_217' title='bbox 1604 1451 1711 1509; x_wconf 86' lang='lat' dir='ltr'><strong>Christi</strong></span> <span class='ocrx_word' id='word_1_218' title='bbox 1726 1466 1808 1525; x_wconf 84' lang='lat' dir='ltr'><strong>spon·</strong></span> 
     </span>
     <span class='ocr_line' id='line_1_18' title="bbox 148 1518 1808 1598; baseline -0.001 -13"><span class='ocrx_word' id='word_1_219' title='bbox 148 1526 264 1585; x_wconf 85' lang='lat' dir='ltr'><strong>Justinaa</strong></span> <span class='ocrx_word' id='word_1_220' title='bbox 276 1525 396 1598; x_wconf 70' lang='lat' dir='ltr'><strong>uirginis</strong></span> <span class='ocrx_word' id='word_1_221' title='bbox 408 1530 437 1580; x_wconf 87' lang='lat' dir='ltr'><strong>et</strong></span> <span class='ocrx_word' id='word_1_222' title='bbox 450 1523 587 1595; x_wconf 62' lang='lat' dir='ltr'><strong>martyris,</strong></span> <span class='ocrx_word' id='word_1_223' title='bbox 607 1547 615 1568; x_wconf 85' lang='lat'><strong>·</strong></span> <span class='ocrx_word' id='word_1_224' title='bbox 641 1520 772 1594; x_wconf 80' lang='lat' dir='ltr'><strong>Sequitur</strong></span> <span class='ocrx_word' id='word_1_225' title='bbox 785 1527 877 1576; x_wconf 82' lang='lat' dir='ltr'><strong>teitus</strong></span> <span class='ocrx_word' id='word_1_226' title='bbox 890 1535 946 1575; x_wconf 89' lang='lat' dir='ltr'><strong>nou</strong></span> <span class='ocrx_word' id='word_1_227' title='bbox 1001 1534 1070 1586; x_wconf 85' lang='lat' dir='ltr'><strong>sani,</strong></span> <span class='ocrx_word' id='word_1_228' title='bbox 1086 1525 1217 1591; x_wconf 83' lang='lat' dir='ltr'><strong>tanqmm</strong></span> <span class='ocrx_word' id='word_1_229' title='bbox 1232 1518 1345 1575; x_wconf 84' lang='lat' dir='ltr'><strong>viduam</strong></span> <span class='ocrx_word' id='word_1_230' title='bbox 1359 1530 1481 1578; x_wconf 74' lang='lat' dir='ltr'><strong>sancmm</strong></span> <span class='ocrx_word' id='word_1_231' title='bbox 1496 1521 1526 1577; x_wconf 91' lang='lat' dir='ltr'><strong>in</strong></span> <span class='ocrx_word' id='word_1_232' title='bbox 1545 1522 1668 1580; x_wconf 84' lang='lat' dir='ltr'><strong>Ecclesia</strong></span> <span class='ocrx_word' id='word_1_233' title='bbox 1691 1522 1808 1596; x_wconf 78' lang='lat' dir='ltr'><strong>Christi,</strong></span> 
     </span>
     <span class='ocr_line' id='line_1_19' title="bbox 148 1591 1808 1673; baseline 0 -18"><span class='ocrx_word' id='word_1_234' title='bbox 148 1599 264 1655; x_wconf 88' lang='lat' dir='ltr'><strong>omnino</strong></span> <span class='ocrx_word' id='word_1_235' title='bbox 276 1597 435 1669; x_wconf 76' lang='lat' dir='ltr'><strong>castigatus.</strong></span> <span class='ocrx_word' id='word_1_236' title='bbox 450 1596 545 1652; x_wconf 78' lang='lat' dir='ltr'><strong>hltera</strong></span> <span class='ocrx_word' id='word_1_237' title='bbox 559 1592 645 1650; x_wconf 81' lang='lat' dir='ltr'><strong>editio</strong></span> <span class='ocrx_word' id='word_1_238' title='bbox 667 1593 696 1648; x_wconf 90' lang='lat' dir='ltr'><strong>iii</strong></span> <span class='ocrx_word' id='word_1_239' title='bbox 712 1592 767 1647; x_wconf 88' lang='lat' dir='ltr'><strong>fine</strong></span> <span class='ocrx_word' id='word_1_240' title='bbox 780 1591 814 1648; x_wconf 93' lang='lat' dir='ltr'><strong>de</strong></span> <span class='ocrx_word' id='word_1_241' title='bbox 829 1607 879 1647; x_wconf 89' lang='lat' dir='ltr'><strong>suo</strong></span> <span class='ocrx_word' id='word_1_242' title='bbox 893 1591 947 1646; x_wconf 88' lang='lat' dir='ltr'><strong>ad-</strong></span> <span class='ocrx_word' id='word_1_243' title='bbox 1000 1591 1170 1647; x_wconf 89' lang='lat' dir='ltr'><strong>authoritatc</strong></span> <span class='ocrx_word' id='word_1_244' title='bbox 1180 1591 1330 1662; x_wconf 89' lang='lat' dir='ltr'><strong>apostolico</strong></span> <span class='ocrx_word' id='word_1_245' title='bbox 1339 1594 1479 1673; x_wconf 89' lang='lat' dir='ltr'><strong>perpetuis</strong></span> <span class='ocrx_word' id='word_1_246' title='bbox 1492 1601 1548 1649; x_wconf 90' lang='lat' dir='ltr'><strong>tem</strong></span> <span class='ocrx_word' id='word_1_247' title='bbox 1569 1595 1665 1651; x_wconf 88' lang='lat' dir='ltr'><strong>oribus</strong></span> <span class='ocrx_word' id='word_1_248' title='bbox 1676 1610 1767 1668; x_wconf 75' lang='lat' dir='ltr'><strong>praece</strong></span> <span class='ocrx_word' id='word_1_249' title='bbox 1786 1597 1808 1656; x_wconf 91' lang='lat' dir='ltr'><strong>it</strong></span> 
     </span>
     <span class='ocr_line' id='line_1_20' title="bbox 144 1662 1804 1743; baseline 0 -16"><span class='ocrx_word' id='word_1_250' title='bbox 144 1667 262 1743; x_wconf 74' lang='lat' dir='ltr'><strong>jungit:</strong></span> <span class='ocrx_word' id='word_1_251' title='bbox 285 1670 371 1740; x_wconf 83' lang='lat' dir='ltr'><strong>·1ps0</strong></span> <span class='ocrx_word' id='word_1_252' title='bbox 384 1667 439 1735; x_wconf 89' lang='lat' dir='ltr'><strong>die,</strong></span> <span class='ocrx_word' id='word_1_253' title='bbox 457 1665 611 1722; x_wconf 79' lang='lat' dir='ltr'><strong>beatissimi</strong></span> <span class='ocrx_word' id='word_1_254' title='bbox 626 1663 688 1720; x_wconf 84' lang='lat' dir='ltr'><strong>Lini</strong></span> <span class='ocrx_word' id='word_1_255' title='bbox 720 1679 815 1734; x_wconf 70' lang='lat' dir='ltr'><strong>apa·</strong></span> <span class='ocrx_word' id='word_1_256' title='bbox 1000 1662 1157 1718; x_wconf 78' lang='lat' dir='ltr'><strong>venerari.»</strong></span> <span class='ocrx_word' id='word_1_257' title='bbox 1186 1662 1529 1721; x_wconf 89' lang='lat' dir='ltr'><strong>lneditiouibusaliisde</strong></span> <span class='ocrx_word' id='word_1_258' title='bbox 1558 1665 1750 1738; x_wconf 75' lang='lat' dir='ltr'><strong>ergioetBac</strong></span> <span class='ocrx_word' id='word_1_259' title='bbox 1787 1680 1804 1727; x_wconf 87' lang='lat' dir='ltr'><strong>o</strong></span> 
     </span>
     <span class='ocr_line' id='line_1_21' title="bbox 184 1680 1805 1816; baseline -0.001 -19"><span class='ocrx_word' id='word_1_260' title='bbox 184 1741 310 1797; x_wconf 77' lang='lat' dir='ltr'><strong>Gaurus.</strong></span> <span class='ocrx_word' id='word_1_261' title='bbox 327 1757 333 1795; x_wconf 91' lang='lat'>:</span> <span class='ocrx_word' id='word_1_262' title='bbox 356 1738 458 1810; x_wconf 80' lang='lat' dir='ltr'><strong>‹Sysai</strong></span> <span class='ocrx_word' id='word_1_263' title='bbox 470 1737 589 1809; x_wconf 84' lang='lat' dir='ltr'><strong>episcopi</strong></span> <span class='ocrx_word' id='word_1_264' title='bbox 605 1745 633 1792; x_wconf 87' lang='lat' dir='ltr'><strong>et</strong></span> <span class='ocrx_word' id='word_1_265' title='bbox 646 1680 820 1792; x_wconf 58' lang='lat' dir='ltr'><strong>confessoris.</strong></span> <span class='ocrx_word' id='word_1_266' title='bbox 834 1731 945 1814; x_wconf 65' lang='lat' dir='ltr'><strong>liitnri7</strong></span> <span class='ocrx_word' id='word_1_267' title='bbox 959 1744 982 1803; x_wconf 83' lang='grc' dir='ltr'>Β</span> <span class='ocrx_word' id='word_1_268' title='bbox 999 1731 1162 1814; x_wconf 76' lang='lat' dir='ltr'><strong>inseruntur</strong></span> <span class='ocrx_word' id='word_1_269' title='bbox 1170 1733 1259 1789; x_wconf 79' lang='lat' dir='ltr'><strong>textm</strong></span> <span class='ocrx_word' id='word_1_270' title='bbox 1271 1749 1307 1816; x_wconf 78' lang='lat' dir='ltr'><strong>eir</strong></span> <span class='ocrx_word' id='word_1_271' title='bbox 1319 1735 1426 1801; x_wconf 84' lang='lat' dir='ltr'><strong>Adone,</strong></span> <span class='ocrx_word' id='word_1_272' title='bbox 1441 1736 1597 1794; x_wconf 73' lang='lat' dir='ltr'><strong>charactere</strong></span> <span class='ocrx_word' id='word_1_273' title='bbox 1612 1738 1724 1808; x_wconf 87' lang='lat' dir='ltr'><strong>ltalico,</strong></span> <span class='ocrx_word' id='word_1_274' title='bbox 1779 1740 1805 1785; x_wconf 88' lang='lat'><strong>&#39;-</strong></span> 
     </span>
     <span class='ocr_line' id='line_1_22' title="bbox 147 1754 1803 1885; baseline 0.001 -16"><span class='ocrx_word' id='word_1_275' title='bbox 147 1828 193 1869; x_wconf 88' lang='lat' dir='ltr'><strong>cas</strong></span> <span class='ocrx_word' id='word_1_276' title='bbox 206 1812 329 1878; x_wconf 77' lang='lat' dir='ltr'><strong>sirhate,</strong></span> <span class='ocrx_word' id='word_1_277' title='bbox 350 1808 487 1881; x_wconf 89' lang='lat' dir='ltr'><strong>depositio</strong></span> <span class='ocrx_word' id='word_1_278' title='bbox 511 1806 598 1863; x_wconf 82' lang='lat' dir='ltr'><strong>sancti</strong></span> <span class='ocrx_word' id='word_1_279' title='bbox 621 1805 781 1876; x_wconf 64' lang='lat' dir='ltr'><strong>Augustalis</strong></span> <span class='ocrx_word' id='word_1_280' title='bbox 800 1818 942 1885; x_wconf 88' lang='lat' dir='ltr'><strong>episcopii.</strong></span> <span class='ocrx_word' id='word_1_281' title='bbox 998 1820 1122 1885; x_wconf 72' lang='lat' dir='ltr'><strong>mecenas</strong></span> <span class='ocrx_word' id='word_1_282' title='bbox 1135 1810 1160 1858; x_wconf 84' lang='lat' dir='ltr'><strong>et</strong></span> <span class='ocrx_word' id='word_1_283' title='bbox 1170 1805 1364 1861; x_wconf 70' lang='lat' dir='ltr'><strong>secundicerius</strong></span> <span class='ocrx_word' id='word_1_284' title='bbox 1387 1809 1482 1864; x_wconf 77' lang='lat' dir='ltr'><strong>schola</strong></span> <span class='ocrx_word' id='word_1_285' title='bbox 1519 1810 1651 1867; x_wconf 79' lang='lat' dir='ltr'><strong>eutitium.</strong></span> <span class='ocrx_word' id='word_1_286' title='bbox 1680 1810 1713 1868; x_wconf 88' lang='lat' dir='ltr'><strong>ln</strong></span> <span class='ocrx_word' id='word_1_287' title='bbox 1737 1754 1803 1884; x_wconf 58' lang='lat' dir='ltr'>ffi</span> 
     </span>
     <span class='ocr_line' id='line_1_23' title="bbox 147 1824 1804 1959; baseline 0.001 -19"><span class='ocrx_word' id='word_1_288' title='bbox 147 1877 697 1949; x_wconf 73' lang='lat' dir='ltr'><strong>TranslaticetcsnonizarioWollgaugi</strong></span> <span class='ocrx_word' id='word_1_289' title='bbox 712 1876 833 1957; x_wconf 84' lang='lat' dir='ltr'><strong>episcopi</strong></span> <span class='ocrx_word' id='word_1_290' title='bbox 848 1876 944 1958; x_wconf 73' lang='lat' dir='ltr'><strong>llatis-¹</strong></span> <span class='ocrx_word' id='word_1_291' title='bbox 998 1874 1032 1930; x_wconf 92' lang='lat' dir='ltr'><strong>de</strong></span> <span class='ocrx_word' id='word_1_292' title='bbox 1046 1875 1153 1957; x_wconf 78' lang='lat' dir='ltr'><strong>lustina</strong></span> <span class='ocrx_word' id='word_1_293' title='bbox 1168 1882 1195 1932; x_wconf 88' lang='lat' dir='ltr'><strong>ct</strong></span> <span class='ocrx_word' id='word_1_294' title='bbox 1210 1877 1325 1959; x_wconf 77' lang='lat' dir='ltr'><strong>llelaiic,</strong></span> <span class='ocrx_word' id='word_1_295' title='bbox 1341 1884 1372 1933; x_wconf 91' lang='grc' dir='ltr'><strong>ιιι</strong></span> <span class='ocrx_word' id='word_1_296' title='bbox 1386 1894 1418 1935; x_wconf 90' lang='lat' dir='ltr'><strong>su</strong></span> <span class='ocrx_word' id='word_1_297' title='bbox 1453 1895 1478 1936; x_wconf 92' lang='lat' dir='ltr'><strong>a.</strong></span> <span class='ocrx_word' id='word_1_298' title='bbox 1502 1824 1597 1937; x_wconf 50' lang='lat' dir='ltr'><strong>Tum:</strong></span> <span class='ocrx_word' id='word_1_299' title='bbox 1630 1880 1804 1954; x_wconf 61' lang='lat' dir='ltr'><strong>:Bituricus</strong></span> 
     </span>
     <span class='ocr_line' id='line_1_24' title="bbox 147 1946 1805 2026; baseline 0.003 -17"><span class='ocrx_word' id='word_1_300' title='bbox 147 1954 276 2026; x_wconf 88' lang='lat' dir='ltr'><strong>ponensis</strong></span> <span class='ocrx_word' id='word_1_301' title='bbox 291 1960 318 2008; x_wconf 91' lang='lat' dir='ltr'><strong>et</strong></span> <span class='ocrx_word' id='word_1_302' title='bbox 330 1950 506 2008; x_wconf 80' lang='lat' dir='ltr'><strong>confessoris.</strong></span> <span class='ocrx_word' id='word_1_303' title='bbox 531 1949 641 2006; x_wconf 80' lang='lat' dir='ltr'><strong>Octavia</strong></span> <span class='ocrx_word' id='word_1_304' title='bbox 665 1955 753 2003; x_wconf 83' lang='lat' dir='ltr'><strong>sancti</strong></span> <span class='ocrx_word' id='word_1_305' title='bbox 780 1947 942 2018; x_wconf 85' lang='lat' dir='ltr'><strong>llierouymi</strong></span> <span class='ocrx_word' id='word_1_306' title='bbox 997 1946 1116 2017; x_wconf 78' lang='lat' dir='ltr'><strong>Augusti</strong></span> <span class='ocrx_word' id='word_1_307' title='bbox 1135 1946 1289 2019; x_wconf 88' lang='lat' dir='ltr'><strong>presbyteri</strong></span> <span class='ocrx_word' id='word_1_308' title='bbox 1309 1956 1337 2005; x_wconf 91' lang='lat' dir='ltr'><strong>et</strong></span> <span class='ocrx_word' id='word_1_309' title='bbox 1358 1967 1411 2007; x_wconf 91' lang='lat' dir='ltr'><strong>con</strong></span> <span class='ocrx_word' id='word_1_310' title='bbox 1425 1951 1556 2008; x_wconf 79' lang='lat' dir='ltr'><strong>essoris.»</strong></span> <span class='ocrx_word' id='word_1_311' title='bbox 1576 1952 1616 2009; x_wconf 88' lang='lat' dir='ltr'><strong>De</strong></span> <span class='ocrx_word' id='word_1_312' title='bbox 1640 1953 1805 2014; x_wconf 82' lang='lat' dir='ltr'><strong>inventione</strong></span> 
     </span>
     <span class='ocr_line' id='line_1_25' title="bbox 166 2016 1805 2105; baseline 0.002 -24"><span class='ocrx_word' id='word_1_313' title='bbox 166 2023 299 2105; x_wconf 77' lang='lat' dir='ltr'><strong>resbyteri</strong></span> <span class='ocrx_word' id='word_1_314' title='bbox 314 2032 341 2079; x_wconf 89' lang='lat' dir='ltr'><strong>ot</strong></span> <span class='ocrx_word' id='word_1_315' title='bbox 355 2021 486 2083; x_wconf 85' lang='lat' dir='ltr'><strong>doctoris,</strong></span> <span class='ocrx_word' id='word_1_316' title='bbox 496 2020 627 2077; x_wconf 76' lang='lat' dir='ltr'><strong>Emissis</strong></span> <span class='ocrx_word' id='word_1_317' title='bbox 639 2021 768 2076; x_wconf 85' lang='lat' dir='ltr'><strong>llomanas</strong></span> <span class='ocrx_word' id='word_1_318' title='bbox 777 2017 941 2099; x_wconf 85' lang='lat' dir='ltr'><strong>Cardiualis.</strong></span> <span class='ocrx_word' id='word_1_319' title='bbox 998 2016 1125 2098; x_wconf 78' lang='lat' dir='ltr'><strong>Caletrici</strong></span> <span class='ocrx_word' id='word_1_320' title='bbox 1150 2017 1326 2077; x_wconf 87' lang='lat' dir='ltr'><strong>Caruotensis</strong></span> <span class='ocrx_word' id='word_1_321' title='bbox 1349 2029 1376 2077; x_wconf 90' lang='lat' dir='ltr'><strong>et</strong></span> <span class='ocrx_word' id='word_1_322' title='bbox 1398 2024 1607 2081; x_wconf 81' lang='lat' dir='ltr'><strong>canonizatione</strong></span> <span class='ocrx_word' id='word_1_323' title='bbox 1626 2024 1715 2083; x_wconf 84' lang='lat' dir='ltr'><strong>beatas</strong></span> <span class='ocrx_word' id='word_1_324' title='bbox 1737 2026 1805 2084; x_wconf 86' lang='lat' dir='ltr'><strong>Bir-</strong></span> 
     </span>
     <span class='ocr_line' id='line_1_26' title="bbox 144 2041 1803 2170; baseline 0.004 -20"><span class='ocrx_word' id='word_1_325' title='bbox 144 2041 199 2163; x_wconf 51' lang='lat' dir='ltr'><strong>ssui</strong></span> <span class='ocrx_word' id='word_1_326' title='bbox 214 2095 254 2150; x_wconf 89' lang='lat' dir='ltr'><strong>lin</strong></span> <span class='ocrx_word' id='word_1_327' title='bbox 293 2092 444 2161; x_wconf 82' lang='lat' dir='ltr'><strong>allobraa,</strong></span> <span class='ocrx_word' id='word_1_328' title='bbox 456 2091 560 2160; x_wconf 77' lang='lat' dir='ltr'><strong>Gracc,</strong></span> <span class='ocrx_word' id='word_1_329' title='bbox 576 2089 673 2146; x_wconf 82' lang='lat' dir='ltr'><strong>Latina</strong></span> <span class='ocrx_word' id='word_1_330' title='bbox 683 2098 711 2147; x_wconf 89' lang='lat' dir='ltr'><strong>et</strong></span> <span class='ocrx_word' id='word_1_331' title='bbox 725 2088 943 2167; x_wconf 84' lang='lat' dir='ltr'><strong>Chaldaicaeru·</strong></span> <span class='ocrx_word' id='word_1_332' title='bbox 997 2095 1083 2170; x_wconf 74' lang='lat' dir='ltr'><strong>gitta,</strong></span> <span class='ocrx_word' id='word_1_333' title='bbox 1100 2089 1195 2145; x_wconf 89' lang='lat' dir='ltr'><strong>omnia</strong></span> <span class='ocrx_word' id='word_1_334' title='bbox 1205 2098 1389 2163; x_wconf 90' lang='lat' dir='ltr'><strong>ponunturut</strong></span> <span class='ocrx_word' id='word_1_335' title='bbox 1399 2094 1429 2150; x_wconf 90' lang='lat' dir='ltr'><strong>in</strong></span> <span class='ocrx_word' id='word_1_336' title='bbox 1439 2095 1529 2167; x_wconf 87' lang='lat' dir='ltr'><strong>prima</strong></span> <span class='ocrx_word' id='word_1_337' title='bbox 1538 2096 1673 2153; x_wconf 86' lang='lat' dir='ltr'><strong>editione.</strong></span> <span class='ocrx_word' id='word_1_338' title='bbox 1683 2097 1803 2157; x_wconf 82' lang='lat' dir='ltr'><strong>hemum</strong></span> 
     </span>
     <span class='ocr_line' id='line_1_27' title="bbox 145 2160 1804 2241; baseline 0.002 -17"><span class='ocrx_word' id='word_1_339' title='bbox 145 2166 262 2236; x_wconf 90' lang='lat' dir='ltr'><strong>ditus,a</strong></span> <span class='ocrx_word' id='word_1_340' title='bbox 296 2166 364 2222; x_wconf 90' lang='lat' dir='ltr'><strong>urbe</strong></span> <span class='ocrx_word' id='word_1_341' title='bbox 376 2163 709 2235; x_wconf 80' lang='lat' dir='ltr'><strong>Romepropteroamulos</strong></span> <span class='ocrx_word' id='word_1_342' title='bbox 723 2160 862 2228; x_wconf 87' lang='lat' dir='ltr'><strong>secedens,</strong></span> <span class='ocrx_word' id='word_1_343' title='bbox 880 2160 942 2241; x_wconf 79' lang='lat' dir='ltr'><strong>llio·</strong></span> <span class='ocrx_word' id='word_1_344' title='bbox 997 2161 1154 2216; x_wconf 86' lang='lat' dir='ltr'><strong>minoribns</strong></span> <span class='ocrx_word' id='word_1_345' title='bbox 1168 2161 1412 2235; x_wconf 83' lang='lat' dir='ltr'><strong>typisodjicitur:</strong></span> <span class='ocrx_word' id='word_1_346' title='bbox 1435 2166 1578 2237; x_wconf 82' lang='lat' dir='ltr'><strong>«Tolosae,</strong></span> <span class='ocrx_word' id='word_1_347' title='bbox 1593 2167 1804 2228; x_wconf 69' lang='lat' dir='ltr'><strong>inventionu-</strong></span> 
     </span>
     <span class='ocr_line' id='line_1_28' title="bbox 144 2230 1803 2315; baseline 0.002 -19"><span class='ocrx_word' id='word_1_348' title='bbox 144 2238 319 2310; x_wconf 85' lang='lat' dir='ltr'><strong>rosolymisa</strong></span> <span class='ocrx_word' id='word_1_349' title='bbox 335 2235 579 2309; x_wconf 78' lang='lat' dir='ltr'><strong>Cyrilloepiscopc</strong></span> <span class='ocrx_word' id='word_1_350' title='bbox 590 2232 818 2305; x_wconf 81' lang='lat' dir='ltr'><strong>locumproesepis</strong></span> <span class='ocrx_word' id='word_1_351' title='bbox 829 2230 942 2288; x_wconf 85' lang='lat' dir='ltr'><strong>Domini</strong></span> <span class='ocrx_word' id='word_1_352' title='bbox 996 2239 1105 2288; x_wconf 89' lang='lat' dir='ltr'><strong>ctorum</strong></span> <span class='ocrx_word' id='word_1_353' title='bbox 1115 2232 1315 2301; x_wconf 83' lang='lat' dir='ltr'><strong>confessomm,</strong></span> <span class='ocrx_word' id='word_1_354' title='bbox 1329 2235 1422 2306; x_wconf 83' lang='lat' dir='ltr'><strong>Siluii,</strong></span> <span class='ocrx_word' id='word_1_355' title='bbox 1438 2237 1537 2294; x_wconf 88' lang='lat' dir='ltr'><strong>Hilarii</strong></span> <span class='ocrx_word' id='word_1_356' title='bbox 1552 2247 1578 2296; x_wconf 92' lang='lat' dir='ltr'><strong>et</strong></span> <span class='ocrx_word' id='word_1_357' title='bbox 1593 2236 1728 2299; x_wconf 83' lang='lat' dir='ltr'><strong>Honorati</strong></span> <span class='ocrx_word' id='word_1_358' title='bbox 1738 2242 1803 2315; x_wconf 88' lang='lat' dir='ltr'><strong>epi-</strong></span> 
     </span>
     <span class='ocr_line' id='line_1_29' title="bbox 145 2303 1803 2386; baseline 0.004 -20"><span class='ocrx_word' id='word_1_359' title='bbox 145 2309 278 2366; x_wconf 89' lang='lat' dir='ltr'><strong>obtinuit.</strong></span> <span class='ocrx_word' id='word_1_360' title='bbox 302 2307 355 2364; x_wconf 88' lang='lat' dir='ltr'><strong>Ubi</strong></span> <span class='ocrx_word' id='word_1_361' title='bbox 381 2315 442 2380; x_wconf 89' lang='lat' dir='ltr'><strong>post</strong></span> <span class='ocrx_word' id='word_1_362' title='bbox 467 2304 555 2362; x_wconf 86' lang='lat' dir='ltr'><strong>multa</strong></span> <span class='ocrx_word' id='word_1_363' title='bbox 575 2303 680 2362; x_wconf 81' lang='lat' dir='ltr'><strong>heremi</strong></span> <span class='ocrx_word' id='word_1_364' title='bbox 703 2304 763 2386; x_wconf 73' lang='lat' dir='ltr'><strong>loca</strong></span> <span class='ocrx_word' id='word_1_365' title='bbox 788 2308 942 2385; x_wconf 75' lang='lat' dir='ltr'><strong>peragrata,</strong></span> <span class='ocrx_word' id='word_1_366' title='bbox 996 2318 1044 2359; x_wconf 90' lang='lat' dir='ltr'><strong>sco</strong></span> <span class='ocrx_word' id='word_1_367' title='bbox 1082 2317 1154 2372; x_wconf 90' lang='lat' dir='ltr'><strong>rum,</strong></span> <span class='ocrx_word' id='word_1_368' title='bbox 1171 2311 1199 2360; x_wconf 91' lang='lat' dir='ltr'><strong>ot</strong></span> <span class='ocrx_word' id='word_1_369' title='bbox 1215 2305 1328 2378; x_wconf 84' lang='lat' dir='ltr'><strong>Pappoli</strong></span> <span class='ocrx_word' id='word_1_370' title='bbox 1343 2309 1464 2380; x_wconf 85' lang='lat' dir='ltr'><strong>episcopi</strong></span> <span class='ocrx_word' id='word_1_371' title='bbox 1478 2317 1506 2365; x_wconf 89' lang='lat' dir='ltr'><strong>et</strong></span> <span class='ocrx_word' id='word_1_372' title='bbox 1521 2311 1687 2384; x_wconf 70' lang='lat' dir='ltr'><strong>martyris.»</strong></span> <span class='ocrx_word' id='word_1_373' title='bbox 1702 2310 1803 2372; x_wconf 77' lang='lat' dir='ltr'><strong>ltescio</strong></span> 
     </span>
     <span class='ocr_line' id='line_1_30' title="bbox 144 2375 1801 2506; baseline 0.003 -68"><span class='ocrx_word' id='word_1_374' title='bbox 144 2387 303 2439; x_wconf 80' lang='lat' dir='ltr'><strong>constructo</strong></span> <span class='ocrx_word' id='word_1_375' title='bbox 315 2377 491 2445; x_wconf 86' lang='lat' dir='ltr'><strong>monastario,</strong></span> <span class='ocrx_word' id='word_1_376' title='bbox 515 2376 599 2506; x_wconf 53' lang='lat' dir='ltr'><strong>coepit</strong></span> <span class='ocrx_word' id='word_1_377' title='bbox 618 2390 682 2458; x_wconf 81' lang='lat' dir='ltr'><strong>cam</strong></span> <span class='ocrx_word' id='word_1_378' title='bbox 704 2388 875 2458; x_wconf 22' lang='lat' dir='ltr'><strong>suis-virere</strong></span> <span class='ocrx_word' id='word_1_379' title='bbox 902 2388 942 2431; x_wconf 89' lang='lat' dir='ltr'><strong>se·</strong></span> <span class='ocrx_word' id='word_1_380' title='bbox 996 2388 1069 2457; x_wconf 73' lang='lat' dir='ltr'><strong>une</strong></span> <span class='ocrx_word' id='word_1_381' title='bbox 1083 2375 1142 2432; x_wconf 80' lang='lat' dir='ltr'><strong>bac</strong></span> <span class='ocrx_word' id='word_1_382' title='bbox 1155 2384 1265 2505; x_wconf 58' lang='lat' dir='ltr'><strong>caroffi</strong></span> <span class='ocrx_word' id='word_1_383' title='bbox 1290 2376 1364 2459; x_wconf 74' lang='lat' dir='ltr'><strong>sint,</strong></span> <span class='ocrx_word' id='word_1_384' title='bbox 1388 2388 1517 2436; x_wconf 79' lang='lat' dir='ltr'><strong>caeterum</strong></span> <span class='ocrx_word' id='word_1_385' title='bbox 1533 2382 1656 2455; x_wconf 85' lang='lat' dir='ltr'><strong>Papulas</strong></span> <span class='ocrx_word' id='word_1_386' title='bbox 1668 2383 1801 2445; x_wconf 79' lang='lat' dir='ltr'><strong>intentus</strong></span> 
     </span>
     <span class='ocr_line' id='line_1_31' title="bbox 144 2444 1509 2525; baseline 0 -14"><span class='ocrx_word' id='word_1_387' title='bbox 144 2453 266 2511; x_wconf 90' lang='lat' dir='ltr'><strong>cundum</strong></span> <span class='ocrx_word' id='word_1_388' title='bbox 280 2452 543 2525; x_wconf 78' lang='lat' dir='ltr'><strong>regulamaianetrs</strong></span> <span class='ocrx_word' id='word_1_389' title='bbox 579 2447 943 2522; x_wconf 83' lang='lat' dir='ltr'><strong>postolismstrtutsm,tan·</strong></span> <span class='ocrx_word' id='word_1_390' title='bbox 996 2444 1204 2505; x_wconf 87' lang='lat' dir='ltr'><strong>diciturineuse</strong></span> <span class='ocrx_word' id='word_1_391' title='bbox 1238 2449 1327 2505; x_wconf 90' lang='lat' dir='ltr'><strong>cobri</strong></span> <span class='ocrx_word' id='word_1_392' title='bbox 1341 2465 1414 2507; x_wconf 89' lang='lat' dir='ltr'><strong>anuo</strong></span> <span class='ocrx_word' id='word_1_393' title='bbox 1429 2452 1509 2510; x_wconf 77' lang='lat' dir='ltr'><strong>iret.</strong></span> 
     </span>
    </p>
   </div>
   <div class='ocr_carea' id='block_1_3' title="bbox 134 2619 1799 2696">
    <p class='ocr_par' dir='ltr' id='par_1_3' title="bbox 134 2619 1799 2696">
     <span class='ocr_line' id='line_1_32' title="bbox 134 2619 1799 2696; baseline -0.005 -13"><span class='ocrx_word' id='word_1_394' title='bbox 134 2620 208 2683; x_wconf 78' lang='lat' dir='ltr'><strong>¹Vlll</strong></span> <span class='ocrx_word' id='word_1_395' title='bbox 223 2619 299 2683; x_wconf 81' lang='lat' dir='ltr'><strong>idas.</strong></span> <span class='ocrx_word' id='word_1_396' title='bbox 1702 2625 1755 2693; x_wconf 58' lang='lat' dir='ltr'><strong>De,</strong></span> <span class='ocrx_word' id='word_1_397' title='bbox 1771 2636 1799 2696; x_wconf 73' lang='lat'><strong>8,</strong></span> 
     </span>
    </p>
   </div>
   <div class='ocr_carea' id='block_1_4' title="bbox 142 2700 1798 2976">
    <p class='ocr_par' dir='ltr' id='par_1_4' title="bbox 142 2700 1798 2976">
     <span class='ocr_line' id='line_1_33' title="bbox 177 2700 1798 2800; baseline 0.009 -31"><span class='ocrx_word' id='word_1_398' title='bbox 177 2714 282 2770; x_wconf 90' lang='lat' dir='ltr'><strong>Natalis</strong></span> <span class='ocrx_word' id='word_1_399' title='bbox 305 2704 458 2769; x_wconf 80' lang='lat' dir='ltr'><strong>beatissimi</strong></span> <span class='ocrx_word' id='word_1_400' title='bbox 483 2703 556 2767; x_wconf 89' lang='lat' dir='ltr'><strong>senis</strong></span> <span class='ocrx_word' id='word_1_401' title='bbox 575 2702 722 2781; x_wconf 77' lang='lat' dir='ltr'><strong>Simeonis,</strong></span> <span class='ocrx_word' id='word_1_402' title='bbox 739 2702 786 2784; x_wconf 85' lang='lat' dir='ltr'><strong>qui</strong></span> <span class='ocrx_word' id='word_1_403' title='bbox 813 2701 843 2767; x_wconf 88' lang='lat' dir='ltr'><strong>in</strong></span> <span class='ocrx_word' id='word_1_404' title='bbox 866 2700 1018 2785; x_wconf 71' lang='lat' dir='ltr'><strong>Evangelio</strong></span> <span class='ocrx_word' id='word_1_405' title='bbox 1046 2703 1146 2783; x_wconf 80' lang='lat' dir='ltr'><strong>legitur</strong></span> <span class='ocrx_word' id='word_1_406' title='bbox 1168 2704 1319 2772; x_wconf 85' lang='lat' dir='ltr'><strong>Dominum</strong></span> <span class='ocrx_word' id='word_1_407' title='bbox 1335 2708 1393 2774; x_wconf 88' lang='lat' dir='ltr'><strong>suis</strong></span> <span class='ocrx_word' id='word_1_408' title='bbox 1406 2719 1558 2792; x_wconf 86' lang='lat' dir='ltr'><strong>suscepisse</strong></span> <span class='ocrx_word' id='word_1_409' title='bbox 1571 2720 1601 2778; x_wconf 91' lang='lat' dir='ltr'><strong>iu</strong></span> <span class='ocrx_word' id='word_1_410' title='bbox 1616 2722 1702 2781; x_wconf 88' lang='lat' dir='ltr'><strong>ulnis.</strong></span> <span class='ocrx_word' id='word_1_411' title='bbox 1719 2727 1798 2800; x_wconf 80' lang='lat' dir='ltr'><strong>Apud</strong></span> 
     </span>
     <span class='ocr_line' id='line_1_34' title="bbox 142 2799 1798 2883; baseline 0.008 -22"><span class='ocrx_word' id='word_1_412' title='bbox 142 2801 377 2871; x_wconf 80' lang='lat' dir='ltr'><strong>Thessalonicam,</strong></span> <span class='ocrx_word' id='word_1_413' title='bbox 394 2800 486 2874; x_wconf 84' lang='lat' dir='ltr'><strong>passio</strong></span> <span class='ocrx_word' id='word_1_414' title='bbox 499 2802 586 2858; x_wconf 89' lang='lat' dir='ltr'><strong>sancti</strong></span> <span class='ocrx_word' id='word_1_415' title='bbox 602 2800 735 2858; x_wconf 86' lang='lat' dir='ltr'><strong>Demetrii</strong></span> <span class='ocrx_word' id='word_1_416' title='bbox 749 2800 890 2873; x_wconf 62' lang='lat' dir='ltr'><strong>martyris,</strong></span> <span class='ocrx_word' id='word_1_417' title='bbox 902 2802 971 2858; x_wconf 89' lang='lat' dir='ltr'><strong>ltem</strong></span> <span class='ocrx_word' id='word_1_418' title='bbox 988 2799 1103 2858; x_wconf 85' lang='lat' dir='ltr'><strong>civitate</strong></span> <span class='ocrx_word' id='word_1_419' title='bbox 1117 2800 1234 2874; x_wconf 87' lang='lat' dir='ltr'><strong>Hispali,</strong></span> <span class='ocrx_word' id='word_1_420' title='bbox 1252 2806 1339 2863; x_wconf 85' lang='lat' dir='ltr'><strong>sancti</strong></span> <span class='ocrx_word' id='word_1_421' title='bbox 1354 2807 1428 2864; x_wconf 91' lang='lat' dir='ltr'><strong>Petri</strong></span> <span class='ocrx_word' id='word_1_422' title='bbox 1444 2811 1586 2883; x_wconf 85' lang='lat' dir='ltr'><strong>martyris.</strong></span> <span class='ocrx_word' id='word_1_423' title='bbox 1600 2812 1632 2868; x_wconf 89' lang='lat' dir='ltr'><strong>lu</strong></span> <span class='ocrx_word' id='word_1_424' title='bbox 1656 2815 1798 2873; x_wconf 90' lang='lat' dir='ltr'><strong>territorio</strong></span> 
     </span>
     <span class='ocr_line' id='line_1_35' title="bbox 142 2889 1763 2976; baseline 0.004 -25"><span class='ocrx_word' id='word_1_425' title='bbox 142 2891 331 2961; x_wconf 76' lang='lat' dir='ltr'><strong>laudunensi,</strong></span> <span class='ocrx_word' id='word_1_426' title='bbox 347 2897 448 2950; x_wconf 76' lang='lat' dir='ltr'><strong>sauctae</strong></span> <span class='ocrx_word' id='word_1_427' title='bbox 461 2890 616 2950; x_wconf 77' lang='lat' dir='ltr'><strong>Benedicta</strong></span> <span class='ocrx_word' id='word_1_428' title='bbox 630 2889 749 2963; x_wconf 67' lang='lat' dir='ltr'><strong>virginis</strong></span> <span class='ocrx_word' id='word_1_429' title='bbox 761 2895 790 2946; x_wconf 90' lang='lat' dir='ltr'><strong>et</strong></span> <span class='ocrx_word' id='word_1_430' title='bbox 803 2889 945 2962; x_wconf 77' lang='lat' dir='ltr'><strong>martyris.</strong></span> <span class='ocrx_word' id='word_1_431' title='bbox 963 2889 1026 2962; x_wconf 87' lang='lat' dir='ltr'><strong>lpso</strong></span> <span class='ocrx_word' id='word_1_432' title='bbox 1035 2889 1091 2960; x_wconf 88' lang='lat' dir='ltr'><strong>die,</strong></span> <span class='ocrx_word' id='word_1_433' title='bbox 1107 2901 1208 2951; x_wconf 82' lang='lat' dir='ltr'><strong>sancta</strong></span> <span class='ocrx_word' id='word_1_434' title='bbox 1226 2894 1352 2969; x_wconf 65' lang='lat' dir='ltr'><strong>Palania,</strong></span> <span class='ocrx_word' id='word_1_435' title='bbox 1368 2913 1429 2971; x_wconf 78' lang='lat' dir='ltr'><strong>que</strong></span> <span class='ocrx_word' id='word_1_436' title='bbox 1443 2900 1584 2972; x_wconf 82' lang='lat' dir='ltr'><strong>peccatrix</strong></span> <span class='ocrx_word' id='word_1_437' title='bbox 1596 2904 1763 2976; x_wconf 79' lang='lat' dir='ltr'><strong>appellatur,</strong></span> 
     </span>
    </p>
   </div>
   <div class='ocr_carea' id='block_1_5' title="bbox 176 2998 1652 3183">
    <p class='ocr_par' dir='ltr' id='par_1_5' title="bbox 176 2998 1652 3183">
     <span class='ocr_line' id='line_1_36' title="bbox 910 2998 1029 3062; baseline 0.017 -2"><span class='ocrx_word' id='word_1_438' title='bbox 910 2998 1029 3062; x_wconf 66' lang='grc' dir='ltr'><strong>ΝΟΜ.</strong></span> 
     </span>
     <span class='ocr_line' id='line_1_37' title="bbox 176 3103 1652 3183; baseline 0.005 -12"><span class='ocrx_word' id='word_1_439' title='bbox 176 3107 620 3181; x_wconf 76' lang='lat' dir='ltr'><strong>Purisunrnrarsa.,11srtaes.,</strong></span> <span class='ocrx_word' id='word_1_440' title='bbox 639 3106 796 3174; x_wconf 73' lang='lat' dir='ltr'><strong>Toraocsrt,</strong></span> <span class='ocrx_word' id='word_1_441' title='bbox 810 3103 941 3177; x_wconf 64' lang='lat' dir='ltr'><strong>interp.</strong></span> <span class='ocrx_word' id='word_1_442' title='bbox 960 3113 987 3162; x_wconf 91' lang='lat' dir='ltr'><strong>et</strong></span> <span class='ocrx_word' id='word_1_443' title='bbox 1001 3105 1198 3177; x_wconf 74' lang='lat' dir='ltr'><strong>lice-Lutea,</strong></span> <span class='ocrx_word' id='word_1_444' title='bbox 1214 3111 1362 3183; x_wconf 79' lang='lat' dir='ltr'><strong>licuerat,</strong></span> <span class='ocrx_word' id='word_1_445' title='bbox 1379 3111 1489 3173; x_wconf 73' lang='lat' dir='ltr'><strong>dream.</strong></span> <span class='ocrx_word' id='word_1_446' title='bbox 1505 3124 1533 3174; x_wconf 89' lang='lat' dir='ltr'><strong>ct</strong></span> <span class='ocrx_word' id='word_1_447' title='bbox 1548 3117 1652 3179; x_wconf 80' lang='lat' dir='ltr'><strong>Molas.</strong></span> 
     </span>
    </p>
   </div>
   <div class='ocr_carea' id='block_1_6' title="bbox 737 3220 1168 3284">
    <p class='ocr_par' dir='ltr' id='par_1_6' title="bbox 737 3220 1168 3284">
     <span class='ocr_line' id='line_1_38' title="bbox 737 3220 1168 3284; baseline 0.005 -2"><span class='ocrx_word' id='word_1_448' title='bbox 737 3220 941 3282; x_wconf 76' lang='lat' dir='ltr'><strong>veniamus</strong></span> <span class='ocrx_word' id='word_1_449' title='bbox 960 3220 1168 3284; x_wconf 73' lang='lat' dir='ltr'><strong>moriones,</strong></span> 
     </span>
    </p>
   </div>
   <div class='ocr_carea' id='block_1_7' title="bbox 137 3318 1793 3688">
    <p class='ocr_par' dir='ltr' id='par_1_7' title="bbox 137 3318 1793 3688">
     <span class='ocr_line' id='line_1_39' title="bbox 174 3318 1793 3406; baseline -0.006 -12"><span class='ocrx_word' id='word_1_450' title='bbox 174 3336 293 3394; x_wconf 89' lang='lat' dir='ltr'><strong>Grevcn.</strong></span> <span class='ocrx_word' id='word_1_451' title='bbox 309 3340 336 3389; x_wconf 91' lang='lat' dir='ltr'><strong>et</strong></span> <span class='ocrx_word' id='word_1_452' title='bbox 349 3328 451 3388; x_wconf 74' lang='lat' dir='ltr'><strong>Melan.</strong></span> <span class='ocrx_word' id='word_1_453' title='bbox 472 3344 523 3402; x_wconf 90' lang='lat' dir='ltr'><strong>pro</strong></span> <span class='ocrx_word' id='word_1_454' title='bbox 546 3319 690 3384; x_wconf 75' lang='lat' dir='ltr'><strong>bmtisrimi</strong></span> <span class='ocrx_word' id='word_1_455' title='bbox 710 3323 778 3406; x_wconf 69' lang='lat' dir='ltr'><strong>serris</strong></span> <span class='ocrx_word' id='word_1_456' title='bbox 798 3322 937 3405; x_wconf 65' lang='lat' dir='ltr'><strong>dissecata,</strong></span> <span class='ocrx_word' id='word_1_457' title='bbox 951 3328 973 3388; x_wconf 84' lang='lat' dir='ltr'><strong>G</strong></span> <span class='ocrx_word' id='word_1_458' title='bbox 987 3325 1118 3380; x_wconf 88' lang='lat' dir='ltr'><strong>nonnulli</strong></span> <span class='ocrx_word' id='word_1_459' title='bbox 1128 3324 1249 3383; x_wconf 82' lang='lat' dir='ltr'><strong>habeant</strong></span> <span class='ocrx_word' id='word_1_460' title='bbox 1267 3318 1490 3390; x_wconf 77' lang='lat' dir='ltr'><strong>Thessalonicam.</strong></span> <span class='ocrx_word' id='word_1_461' title='bbox 1502 3333 1593 3406; x_wconf 75' lang='lat' dir='ltr'><strong>lleHy</strong></span> <span class='ocrx_word' id='word_1_462' title='bbox 1646 3336 1676 3406; x_wconf 83' lang='lat' dir='ltr'><strong>lt,</strong></span> <span class='ocrx_word' id='word_1_463' title='bbox 1688 3338 1793 3399; x_wconf 65' lang='lat' dir='ltr'><strong>dream</strong></span> 
     </span>
     <span class='ocr_line' id='line_1_40' title="bbox 140 3395 1792 3482; baseline 0.003 -17"><span class='ocrx_word' id='word_1_464' title='bbox 140 3409 236 3482; x_wconf 76' lang='lat' dir='ltr'><strong>legunt</strong></span> <span class='ocrx_word' id='word_1_465' title='bbox 248 3405 315 3462; x_wconf 85' lang='lat' dir='ltr'><strong>beati</strong></span> <span class='ocrx_word' id='word_1_466' title='bbox 328 3404 398 3460; x_wconf 82' lang='lat' dir='ltr'><strong>senis</strong></span> <span class='ocrx_word' id='word_1_467' title='bbox 414 3400 664 3460; x_wconf 72' lang='lat' dir='ltr'><strong>Simeonisl&#39;ratcn.</strong></span> <span class='ocrx_word' id='word_1_468' title='bbox 676 3395 823 3454; x_wconf 90' lang='lat' dir='ltr'><strong>scribithic</strong></span> <span class='ocrx_word' id='word_1_469' title='bbox 830 3404 931 3451; x_wconf 89' lang='lat' dir='ltr'><strong>iterum</strong></span> <span class='ocrx_word' id='word_1_470' title='bbox 989 3403 1030 3451; x_wconf 90' lang='lat' dir='ltr'><strong>est</strong></span> <span class='ocrx_word' id='word_1_471' title='bbox 1045 3412 1138 3468; x_wconf 88' lang='lat' dir='ltr'><strong>supra.</strong></span> <span class='ocrx_word' id='word_1_472' title='bbox 1155 3397 1266 3456; x_wconf 87' lang='lat' dir='ltr'><strong>Praten.</strong></span> <span class='ocrx_word' id='word_1_473' title='bbox 1283 3401 1371 3474; x_wconf 80' lang='lat' dir='ltr'><strong>legit:</strong></span> <span class='ocrx_word' id='word_1_474' title='bbox 1387 3404 1421 3459; x_wconf 83' lang='lat' dir='ltr'><strong>la</strong></span> <span class='ocrx_word' id='word_1_475' title='bbox 1436 3407 1576 3463; x_wconf 83' lang='lat' dir='ltr'><strong>territorio</strong></span> <span class='ocrx_word' id='word_1_476' title='bbox 1614 3425 1631 3463; x_wconf 84' lang='grc' dir='ltr'><strong>ιι</strong></span> <span class='ocrx_word' id='word_1_477' title='bbox 1650 3410 1720 3468; x_wconf 79' lang='lat' dir='ltr'><strong>driui&#39;</strong></span> <span class='ocrx_word' id='word_1_478' title='bbox 1733 3414 1792 3471; x_wconf 81' lang='lat' dir='ltr'><strong>Clu·</strong></span> 
     </span>
     <span class='ocr_line' id='line_1_41' title="bbox 138 3467 1792 3551; baseline -0.013 -14"><span class='ocrx_word' id='word_1_479' title='bbox 138 3478 313 3538; x_wconf 80' lang='lat' dir='ltr'><strong>mmatiiss</strong></span> <span class='ocrx_word' id='word_1_480' title='bbox 371 3472 501 3536; x_wconf 59' lang='lat' dir='ltr'><strong>inesco</strong></span> <span class='ocrx_word' id='word_1_481' title='bbox 515 3471 623 3528; x_wconf 86' lang='lat' dir='ltr'><strong>codices</strong></span> <span class='ocrx_word' id='word_1_482' title='bbox 642 3468 695 3526; x_wconf 90' lang='lat' dir='ltr'><strong>sibi</strong></span> <span class='ocrx_word' id='word_1_483' title='bbox 718 3484 774 3524; x_wconf 86' lang='lat' dir='ltr'><strong>uon</strong></span> <span class='ocrx_word' id='word_1_484' title='bbox 798 3475 935 3548; x_wconf 81' lang='lat' dir='ltr'><strong>constant,</strong></span> <span class='ocrx_word' id='word_1_485' title='bbox 988 3467 1055 3534; x_wconf 85' lang='lat' dir='ltr'><strong>voti,</strong></span> <span class='ocrx_word' id='word_1_486' title='bbox 1072 3467 1101 3523; x_wconf 93' lang='lat' dir='ltr'><strong>iri</strong></span> <span class='ocrx_word' id='word_1_487' title='bbox 1133 3471 1447 3532; x_wconf 87' lang='lat' dir='ltr'><strong>uociconsentitsolus</strong></span> <span class='ocrx_word' id='word_1_488' title='bbox 1461 3478 1610 3551; x_wconf 69' lang='lat' dir='ltr'><strong>Antuerp„</strong></span> <span class='ocrx_word' id='word_1_489' title='bbox 1639 3481 1792 3543; x_wconf 49' lang='lat' dir='ltr'><strong>agnum·</strong></span> 
     </span>
     <span class='ocr_line' id='line_1_42' title="bbox 138 3499 1793 3628; baseline -0.004 -20"><span class='ocrx_word' id='word_1_490' title='bbox 138 3568 208 3624; x_wconf 87' lang='lat' dir='ltr'><strong>saepe</strong></span> <span class='ocrx_word' id='word_1_491' title='bbox 242 3567 272 3605; x_wconf 93' lang='lat' dir='ltr'><strong>ro</strong></span> <span class='ocrx_word' id='word_1_492' title='bbox 291 3549 309 3603; x_wconf 92' lang='lat' dir='ltr'><strong>li</strong></span> <span class='ocrx_word' id='word_1_493' title='bbox 331 3549 373 3602; x_wconf 92' lang='lat' dir='ltr'><strong>itu</strong></span> <span class='ocrx_word' id='word_1_494' title='bbox 385 3545 553 3602; x_wconf 89' lang='lat' dir='ltr'><strong>scribentes:</strong></span> <span class='ocrx_word' id='word_1_495' title='bbox 573 3559 624 3598; x_wconf 90' lang='lat' dir='ltr'><strong>nos</strong></span> <span class='ocrx_word' id='word_1_496' title='bbox 637 3540 682 3597; x_wconf 90' lang='lat' dir='ltr'><strong>bic</strong></span> <span class='ocrx_word' id='word_1_497' title='bbox 705 3540 813 3620; x_wconf 83' lang='lat' dir='ltr'><strong>turbam</strong></span> <span class='ocrx_word' id='word_1_498' title='bbox 838 3554 936 3610; x_wconf 86' lang='lat' dir='ltr'><strong>sequi·</strong></span> <span class='ocrx_word' id='word_1_499' title='bbox 987 3546 1039 3620; x_wconf 77' lang='lat' dir='ltr'><strong>rat.</strong></span> <span class='ocrx_word' id='word_1_500' title='bbox 1056 3549 1083 3597; x_wconf 91' lang='lat' dir='ltr'><strong>et</strong></span> <span class='ocrx_word' id='word_1_501' title='bbox 1130 3543 1293 3601; x_wconf 65' lang='lat' dir='ltr'><strong>ais-liubec,</strong></span> <span class='ocrx_word' id='word_1_502' title='bbox 1309 3544 1422 3614; x_wconf 90' lang='lat' dir='ltr'><strong>habent,</strong></span> <span class='ocrx_word' id='word_1_503' title='bbox 1446 3549 1627 3621; x_wconf 64' lang='lat' dir='ltr'><strong>Moderatum.</strong></span> <span class='ocrx_word' id='word_1_504' title='bbox 1645 3499 1793 3628; x_wconf 49' lang='lat' dir='ltr'><strong>despuimus</strong></span> 
     </span>
     <span class='ocr_line' id='line_1_43' title="bbox 137 3567 1790 3688; baseline 0.001 -9"><span class='ocrx_word' id='word_1_505' title='bbox 137 3567 934 3688; x_wconf 64' lang='lat' dir='ltr'><strong>mar.hiAntuerpeintas-Luhec.deestprimaannun·</strong></span> <span class='ocrx_word' id='word_1_506' title='bbox 987 3611 1109 3683; x_wconf 88' lang='lat' dir='ltr'><strong>reliquos</strong></span> <span class='ocrx_word' id='word_1_507' title='bbox 1138 3629 1243 3670; x_wconf 89' lang='lat' dir='ltr'><strong>omnes.</strong></span> <span class='ocrx_word' id='word_1_508' title='bbox 1268 3617 1300 3672; x_wconf 92' lang='lat' dir='ltr'><strong>lu</strong></span> <span class='ocrx_word' id='word_1_509' title='bbox 1325 3617 1470 3677; x_wconf 89' lang='lat' dir='ltr'><strong>Heriuieu.</strong></span> <span class='ocrx_word' id='word_1_510' title='bbox 1491 3623 1563 3677; x_wconf 88' lang='lat' dir='ltr'><strong>male</strong></span> <span class='ocrx_word' id='word_1_511' title='bbox 1590 3625 1646 3680; x_wconf 89' lang='lat' dir='ltr'><strong>scri</strong></span> <span class='ocrx_word' id='word_1_512' title='bbox 1681 3640 1728 3684; x_wconf 88' lang='lat' dir='ltr'><strong>um</strong></span> <span class='ocrx_word' id='word_1_513' title='bbox 1750 3635 1790 3686; x_wconf 78' lang='lat' dir='ltr'><strong>est</strong></span> 
     </span>
    </p>
   </div>
   <div class='ocr_carea' id='block_1_8' title="bbox 136 3681 1791 3828">
    <p class='ocr_par' dir='ltr' id='par_1_8' title="bbox 136 3681 1791 3828">
     <span class='ocr_line' id='line_1_44' title="bbox 136 3681 1791 3767; baseline 0.004 -18"><span class='ocrx_word' id='word_1_514' title='bbox 136 3692 262 3749; x_wconf 89' lang='lat' dir='ltr'><strong>tiationis</strong></span> <span class='ocrx_word' id='word_1_515' title='bbox 276 3705 342 3755; x_wconf 86' lang='lat' dir='ltr'><strong>vox,</strong></span> <span class='ocrx_word' id='word_1_516' title='bbox 359 3701 466 3757; x_wconf 89' lang='lat' dir='ltr'><strong>nempe,</strong></span> <span class='ocrx_word' id='word_1_517' title='bbox 478 3685 588 3757; x_wconf 68' lang='lat' dir='ltr'><strong>uentis.</strong></span> <span class='ocrx_word' id='word_1_518' title='bbox 604 3684 754 3762; x_wconf 78' lang='lat' dir='ltr'><strong>Toruacen.</strong></span> <span class='ocrx_word' id='word_1_519' title='bbox 771 3681 933 3761; x_wconf 23' lang='lat' dir='ltr'><strong>postulloliat·</strong></span> <span class='ocrx_word' id='word_1_520' title='bbox 984 3683 1167 3763; x_wconf 79' lang='lat' dir='ltr'><strong>pecctris,pro</strong></span> <span class='ocrx_word' id='word_1_521' title='bbox 1175 3687 1323 3755; x_wconf 58' lang='lat' dir='ltr'><strong>pascuum.</strong></span> <span class='ocrx_word' id='word_1_522' title='bbox 1335 3688 1472 3749; x_wconf 85' lang='lat' dir='ltr'><strong>lluiierat.</strong></span> <span class='ocrx_word' id='word_1_523' title='bbox 1486 3691 1550 3750; x_wconf 92' lang='lat' dir='ltr'><strong>loco</strong></span> <span class='ocrx_word' id='word_1_524' title='bbox 1563 3697 1643 3767; x_wconf 81' lang='lat' dir='ltr'><strong>eppei</strong></span> <span class='ocrx_word' id='word_1_525' title='bbox 1674 3703 1721 3754; x_wconf 85' lang='lat' dir='ltr'><strong>tarr</strong></span> <span class='ocrx_word' id='word_1_526' title='bbox 1730 3701 1791 3758; x_wconf 82' lang='lat' dir='ltr'><strong>sub·</strong></span> 
     </span>
     <span class='ocr_line' id='line_1_45' title="bbox 137 3749 1274 3828; baseline -0.004 -9"><span class='ocrx_word' id='word_1_527' title='bbox 137 3780 201 3819; x_wconf 83' lang='lat' dir='ltr'><strong>nam</strong></span> <span class='ocrx_word' id='word_1_528' title='bbox 216 3759 311 3819; x_wconf 90' lang='lat' dir='ltr'><strong>omisit</strong></span> <span class='ocrx_word' id='word_1_529' title='bbox 325 3757 390 3828; x_wconf 79' lang='lat' dir='ltr'><strong>sais.</strong></span> <span class='ocrx_word' id='word_1_530' title='bbox 406 3755 489 3812; x_wconf 86' lang='lat' dir='ltr'><strong>Posui</strong></span> <span class='ocrx_word' id='word_1_531' title='bbox 505 3754 717 3811; x_wconf 82' lang='lat' dir='ltr'><strong>Thessalonicam</strong></span> <span class='ocrx_word' id='word_1_532' title='bbox 730 3749 851 3819; x_wconf 79' lang='lat' dir='ltr'><strong>maluhi,</strong></span> <span class='ocrx_word' id='word_1_533' title='bbox 868 3751 934 3809; x_wconf 90' lang='lat' dir='ltr'><strong>licet</strong></span> <span class='ocrx_word' id='word_1_534' title='bbox 985 3759 1078 3810; x_wconf 92' lang='lat' dir='ltr'><strong>stituit</strong></span> <span class='ocrx_word' id='word_1_535' title='bbox 1092 3763 1274 3828; x_wconf 80' lang='lat' dir='ltr'><strong>noacopctur.</strong></span> 
     </span>
    </p>
   </div>
   <div class='ocr_carea' id='block_1_9' title="bbox 813 3872 1117 3936">
    <p class='ocr_par' dir='ltr' id='par_1_9' title="bbox 813 3872 1117 3936">
     <span class='ocr_line' id='line_1_46' title="bbox 813 3872 1117 3936; baseline 0.007 -2"><span class='ocrx_word' id='word_1_536' title='bbox 813 3872 1117 3936; x_wconf 78' lang='lat' dir='ltr'><strong>OssSERVATIONES.</strong></span> 
     </span>
    </p>
   </div>
   <div class='ocr_carea' id='block_1_10' title="bbox 131 3973 1802 4567">
    <p class='ocr_par' dir='ltr' id='par_1_10' title="bbox 131 3973 1802 4567">
     <span class='ocr_line' id='line_1_47' title="bbox 170 3973 1788 4102; baseline 0.013 -68"><span class='ocrx_word' id='word_1_537' title='bbox 170 3985 214 4043; x_wconf 76' lang='lat' dir='ltr'><strong>Ad</strong></span> <span class='ocrx_word' id='word_1_538' title='bbox 224 4002 255 4040; x_wconf 73' lang='lat' dir='ltr'><strong>ir</strong></span> <span class='ocrx_word' id='word_1_539' title='bbox 266 3982 371 4067; x_wconf 81' lang='lat' dir='ltr'><strong>Aprilis</strong></span> <span class='ocrx_word' id='word_1_540' title='bbox 379 3977 482 4060; x_wconf 83' lang='lat' dir='ltr'><strong>cursim</strong></span> <span class='ocrx_word' id='word_1_541' title='bbox 492 3974 679 4033; x_wconf 83' lang='lat' dir='ltr'><strong>indicarimus</strong></span> <span class='ocrx_word' id='word_1_542' title='bbox 686 3973 931 4102; x_wconf 57' lang='lat' dir='ltr'><strong>PhifiTSFm’Gffl?</strong></span> <span class='ocrx_word' id='word_1_543' title='bbox 984 3974 1034 4056; x_wconf 81' lang='lat' dir='ltr'><strong>rit.¹</strong></span> <span class='ocrx_word' id='word_1_544' title='bbox 1048 3975 1148 4058; x_wconf 76' lang='lat' dir='ltr'><strong>Nossa</strong></span> <span class='ocrx_word' id='word_1_545' title='bbox 1160 3979 1254 4035; x_wconf 89' lang='lat' dir='ltr'><strong>omnia</strong></span> <span class='ocrx_word' id='word_1_546' title='bbox 1268 3988 1295 4062; x_wconf 78' lang='lat' dir='ltr'><strong>et</strong></span> <span class='ocrx_word' id='word_1_547' title='bbox 1309 3981 1504 4054; x_wconf 88' lang='lat' dir='ltr'><strong>producemus,</strong></span> <span class='ocrx_word' id='word_1_548' title='bbox 1520 3993 1556 4055; x_wconf 89' lang='lat' dir='ltr'><strong>et,</strong></span> <span class='ocrx_word' id='word_1_549' title='bbox 1607 4005 1623 4044; x_wconf 88' lang='lat' dir='ltr'><strong>a</strong></span> <span class='ocrx_word' id='word_1_550' title='bbox 1636 3990 1788 4066; x_wconf 84' lang='lat' dir='ltr'><strong>poterimus</strong></span> 
     </span>
     <span class='ocr_line' id='line_1_48' title="bbox 134 3998 1789 4136; baseline 0.01 -25"><span class='ocrx_word' id='word_1_551' title='bbox 134 4064 279 4131; x_wconf 84' lang='lat' dir='ltr'><strong>tynensern</strong></span> <span class='ocrx_word' id='word_1_552' title='bbox 294 4068 324 4111; x_wconf 91' lang='lat' dir='ltr'><strong>in</strong></span> <span class='ocrx_word' id='word_1_553' title='bbox 336 4053 419 4113; x_wconf 90' lang='lat' dir='ltr'><strong>Creta</strong></span> <span class='ocrx_word' id='word_1_554' title='bbox 427 4064 598 4121; x_wconf 89' lang='lat' dir='ltr'><strong>episcopum,</strong></span> <span class='ocrx_word' id='word_1_555' title='bbox 614 4045 665 4103; x_wconf 90' lang='lat' dir='ltr'><strong>hac</strong></span> <span class='ocrx_word' id='word_1_556' title='bbox 678 4053 761 4102; x_wconf 88' lang='lat' dir='ltr'><strong>etiam</strong></span> <span class='ocrx_word' id='word_1_557' title='bbox 797 4062 822 4102; x_wconf 90' lang='lat' dir='ltr'><strong>io</strong></span> <span class='ocrx_word' id='word_1_558' title='bbox 845 4046 930 4102; x_wconf 86' lang='lat' dir='ltr'><strong>recoli</strong></span> <span class='ocrx_word' id='word_1_559' title='bbox 985 4045 1035 4102; x_wconf 91' lang='lat' dir='ltr'><strong>dili</strong></span> <span class='ocrx_word' id='word_1_560' title='bbox 1055 4050 1351 4120; x_wconf 88' lang='lat' dir='ltr'><strong>eutiaillustrabimus,</strong></span> <span class='ocrx_word' id='word_1_561' title='bbox 1363 4056 1472 4112; x_wconf 88' lang='lat' dir='ltr'><strong>collatis</strong></span> <span class='ocrx_word' id='word_1_562' title='bbox 1484 4059 1553 4115; x_wconf 83' lang='lat' dir='ltr'><strong>actis</strong></span> <span class='ocrx_word' id='word_1_563' title='bbox 1568 3998 1789 4136; x_wconf 57' lang='lat' dir='ltr'><strong>huctaptirasticis</strong></span> 
     </span>
     <span class='ocr_line' id='line_1_49' title="bbox 133 4064 1788 4202; baseline 0.018 -35"><span class='ocrx_word' id='word_1_564' title='bbox 133 4130 286 4185; x_wconf 61' lang='lat' dir='ltr'><strong>,Romano</strong></span> <span class='ocrx_word' id='word_1_565' title='bbox 309 4142 404 4199; x_wconf 74' lang='lat' dir='ltr'><strong>parvo,</strong></span> <span class='ocrx_word' id='word_1_566' title='bbox 426 4121 523 4178; x_wconf 80' lang='lat' dir='ltr'><strong>Adone</strong></span> <span class='ocrx_word' id='word_1_567' title='bbox 547 4127 574 4176; x_wconf 90' lang='lat' dir='ltr'><strong>et</strong></span> <span class='ocrx_word' id='word_1_568' title='bbox 595 4118 717 4199; x_wconf 79' lang='lat' dir='ltr'><strong>Notliero</strong></span> <span class='ocrx_word' id='word_1_569' title='bbox 735 4117 931 4201; x_wconf 75' lang='lat' dir='ltr'><strong>:repetitionis</strong></span> <span class='ocrx_word' id='word_1_570' title='bbox 984 4064 1056 4199; x_wconf 59' lang='lat' dir='ltr'><strong>apag</strong></span> <span class='ocrx_word' id='word_1_571' title='bbox 1071 4119 1183 4202; x_wconf 81' lang='lat' dir='ltr'><strong>Surium</strong></span> <span class='ocrx_word' id='word_1_572' title='bbox 1199 4121 1367 4191; x_wconf 88' lang='lat' dir='ltr'><strong>editis,cum</strong></span> <span class='ocrx_word' id='word_1_573' title='bbox 1382 4129 1508 4197; x_wconf 88' lang='lat' dir='ltr'><strong>passione</strong></span> <span class='ocrx_word' id='word_1_574' title='bbox 1522 4129 1557 4186; x_wconf 90' lang='lat' dir='ltr'><strong>ab</strong></span> <span class='ocrx_word' id='word_1_575' title='bbox 1576 4134 1726 4196; x_wconf 70' lang='lat' dir='ltr'><strong>Auasmdo</strong></span> <span class='ocrx_word' id='word_1_576' title='bbox 1746 4138 1788 4197; x_wconf 89' lang='lat' dir='ltr'><strong>Bi·</strong></span> 
     </span>
     <span class='ocr_line' id='line_1_50' title="bbox 133 4187 1787 4270; baseline 0.018 -30"><span class='ocrx_word' id='word_1_577' title='bbox 133 4197 211 4257; x_wconf 65' lang='lat' dir='ltr'><strong>janu,</strong></span> <span class='ocrx_word' id='word_1_578' title='bbox 224 4214 332 4256; x_wconf 64' lang='lat' dir='ltr'><strong>eausam</strong></span> <span class='ocrx_word' id='word_1_579' title='bbox 348 4197 543 4252; x_wconf 83' lang='lat' dir='ltr'><strong>hactenusnou</strong></span> <span class='ocrx_word' id='word_1_580' title='bbox 557 4207 672 4263; x_wconf 90' lang='lat' dir='ltr'><strong>reperio,</strong></span> <span class='ocrx_word' id='word_1_581' title='bbox 684 4206 776 4247; x_wconf 88' lang='lat' dir='ltr'><strong>necin</strong></span> <span class='ocrx_word' id='word_1_582' title='bbox 791 4205 930 4262; x_wconf 78' lang='lat' dir='ltr'><strong>camops-</strong></span> <span class='ocrx_word' id='word_1_583' title='bbox 983 4187 1167 4270; x_wconf 79' lang='lat' dir='ltr'><strong>blrothecario</strong></span> <span class='ocrx_word' id='word_1_584' title='bbox 1193 4193 1342 4264; x_wconf 89' lang='lat' dir='ltr'><strong>elaborata,</strong></span> <span class='ocrx_word' id='word_1_585' title='bbox 1368 4211 1429 4270; x_wconf 83' lang='lat' dir='ltr'><strong>quaa</strong></span> <span class='ocrx_word' id='word_1_586' title='bbox 1449 4206 1539 4258; x_wconf 85' lang='lat' dir='ltr'><strong>exstet</strong></span> <span class='ocrx_word' id='word_1_587' title='bbox 1559 4201 1633 4260; x_wconf 89' lang='lat' dir='ltr'><strong>inter</strong></span> <span class='ocrx_word' id='word_1_588' title='bbox 1656 4208 1787 4269; x_wconf 79' lang='lat' dir='ltr'><strong>Analecta</strong></span> 
     </span>
     <span class='ocr_line' id='line_1_51' title="bbox 132 4260 1785 4361; baseline 0.008 -32"><span class='ocrx_word' id='word_1_589' title='bbox 132 4273 223 4328; x_wconf 82' lang='lat' dir='ltr'><strong>rusius</strong></span> <span class='ocrx_word' id='word_1_590' title='bbox 236 4271 312 4327; x_wconf 90' lang='lat' dir='ltr'><strong>lubet</strong></span> <span class='ocrx_word' id='word_1_591' title='bbox 329 4268 479 4341; x_wconf 88' lang='lat' dir='ltr'><strong>inquirere,</strong></span> <span class='ocrx_word' id='word_1_592' title='bbox 495 4281 559 4321; x_wconf 90' lang='lat' dir='ltr'><strong>cuin</strong></span> <span class='ocrx_word' id='word_1_593' title='bbox 573 4263 607 4319; x_wconf 93' lang='lat' dir='ltr'><strong>ad</strong></span> <span class='ocrx_word' id='word_1_594' title='bbox 621 4262 782 4344; x_wconf 26' lang='lat' dir='ltr'><strong>‘Usuardum</strong></span> <span class='ocrx_word' id='word_1_595' title='bbox 803 4269 929 4318; x_wconf 89' lang='lat' dir='ltr'><strong>nostrum</strong></span> <span class='ocrx_word' id='word_1_596' title='bbox 982 4260 1152 4331; x_wconf 86' lang='lat' dir='ltr'><strong>Mabilionis,</strong></span> <span class='ocrx_word' id='word_1_597' title='bbox 1168 4271 1245 4320; x_wconf 91' lang='lat' dir='ltr'><strong>tomo</strong></span> <span class='ocrx_word' id='word_1_598' title='bbox 1260 4266 1282 4332; x_wconf 92' lang='lat'><strong>1,</strong></span> <span class='ocrx_word' id='word_1_599' title='bbox 1298 4283 1313 4322; x_wconf 90' lang='lat' dir='ltr'><strong>a</strong></span> <span class='ocrx_word' id='word_1_600' title='bbox 1328 4284 1388 4339; x_wconf 72' lang='lat' dir='ltr'><strong>pag.</strong></span> <span class='ocrx_word' id='word_1_601' title='bbox 1405 4269 1450 4328; x_wconf 81' lang='lat'><strong>65.</strong></span> <span class='ocrx_word' id='word_1_602' title='bbox 1466 4273 1577 4328; x_wconf 86' lang='lat' dir='ltr'><strong>Petrum</strong></span> <span class='ocrx_word' id='word_1_603' title='bbox 1592 4275 1785 4361; x_wconf 72' lang='lat' dir='ltr'><strong>hispalensem</strong></span> 
     </span>
     <span class='ocr_line' id='line_1_52' title="bbox 132 4335 1788 4416; baseline 0.028 -50"><span class='ocrx_word' id='word_1_604' title='bbox 132 4342 203 4399; x_wconf 62' lang='lat' dir='ltr'><strong>nihil</strong></span> <span class='ocrx_word' id='word_1_605' title='bbox 217 4349 330 4415; x_wconf 39' lang='lat' dir='ltr'><strong>spectet·</strong></span> <span class='ocrx_word' id='word_1_606' title='bbox 348 4338 501 4396; x_wconf 53' lang='lat' dir='ltr'><strong>&amp;Gummi</strong></span> <span class='ocrx_word' id='word_1_607' title='bbox 515 4335 582 4391; x_wconf 61' lang='lat' dir='ltr'><strong>geals</strong></span> <span class='ocrx_word' id='word_1_608' title='bbox 598 4335 726 4390; x_wconf 72' lang='lat' dir='ltr'><strong>Summers</strong></span> <span class='ocrx_word' id='word_1_609' title='bbox 742 4348 847 4405; x_wconf 89' lang='lat' dir='ltr'><strong>primus</strong></span> <span class='ocrx_word' id='word_1_610' title='bbox 867 4348 929 4414; x_wconf 67' lang='lat' dir='ltr'><strong>ine7</strong></span> <span class='ocrx_word' id='word_1_611' title='bbox 982 4339 1133 4414; x_wconf 78' lang='lat' dir='ltr'><strong>martyrem</strong></span> <span class='ocrx_word' id='word_1_612' title='bbox 1149 4343 1227 4391; x_wconf 83' lang='lat' dir='ltr'><strong>extra</strong></span> <span class='ocrx_word' id='word_1_613' title='bbox 1240 4336 1394 4396; x_wconf 90' lang='lat' dir='ltr'><strong>Usuardum</strong></span> <span class='ocrx_word' id='word_1_614' title='bbox 1407 4354 1542 4416; x_wconf 86' lang='lat' dir='ltr'><strong>nusquam</strong></span> <span class='ocrx_word' id='word_1_615' title='bbox 1553 4345 1689 4408; x_wconf 88' lang='lat' dir='ltr'><strong>invenio:</strong></span> <span class='ocrx_word' id='word_1_616' title='bbox 1707 4352 1788 4412; x_wconf 87' lang='lat' dir='ltr'><strong>liceat</strong></span> 
     </span>
     <span class='ocr_line' id='line_1_53' title="bbox 132 4403 1785 4498; baseline 0.007 -28"><span class='ocrx_word' id='word_1_617' title='bbox 132 4415 216 4471; x_wconf 89' lang='lat' dir='ltr'><strong>minit</strong></span> <span class='ocrx_word' id='word_1_618' title='bbox 227 4412 391 4482; x_wconf 82' lang='lat' dir='ltr'><strong>Ado,etiam</strong></span> <span class='ocrx_word' id='word_1_619' title='bbox 403 4411 474 4466; x_wconf 90' lang='lat' dir='ltr'><strong>inter</strong></span> <span class='ocrx_word' id='word_1_620' title='bbox 487 4406 685 4465; x_wconf 82' lang='lat' dir='ltr'><strong>Testiuitatesa</strong></span> <span class='ocrx_word' id='word_1_621' title='bbox 705 4407 868 4472; x_wconf 88' lang='lat' dir='ltr'><strong>ostolorum,</strong></span> <span class='ocrx_word' id='word_1_622' title='bbox 879 4403 927 4460; x_wconf 89' lang='lat' dir='ltr'><strong>ubi</strong></span> <span class='ocrx_word' id='word_1_623' title='bbox 982 4412 1068 4485; x_wconf 76' lang='lat' dir='ltr'><strong>igitur</strong></span> <span class='ocrx_word' id='word_1_624' title='bbox 1082 4406 1218 4477; x_wconf 87' lang='lat' dir='ltr'><strong>suspicari</strong></span> <span class='ocrx_word' id='word_1_625' title='bbox 1232 4423 1295 4463; x_wconf 91' lang='lat' dir='ltr'><strong>enm</strong></span> <span class='ocrx_word' id='word_1_626' title='bbox 1312 4424 1369 4467; x_wconf 86' lang='lat' dir='ltr'><strong>esse</strong></span> <span class='ocrx_word' id='word_1_627' title='bbox 1382 4412 1415 4467; x_wconf 89' lang='lat' dir='ltr'><strong>de</strong></span> <span class='ocrx_word' id='word_1_628' title='bbox 1439 4412 1551 4472; x_wconf 88' lang='lat' dir='ltr'><strong>illdrum</strong></span> <span class='ocrx_word' id='word_1_629' title='bbox 1576 4434 1695 4480; x_wconf 90' lang='lat' dir='ltr'><strong>numero</strong></span> <span class='ocrx_word' id='word_1_630' title='bbox 1718 4434 1785 4498; x_wconf 78' lang='lat' dir='ltr'><strong>quos</strong></span> 
     </span>
     <span class='ocr_line' id='line_1_54' title="bbox 131 4422 1802 4567; baseline 0.017 -39"><span class='ocrx_word' id='word_1_631' title='bbox 131 4501 166 4542; x_wconf 69' lang='lat'><strong>01</strong></span> <span class='ocrx_word' id='word_1_632' title='bbox 182 4486 261 4542; x_wconf 56' lang='grc' dir='ltr'><strong>[ηοω</strong></span> <span class='ocrx_word' id='word_1_633' title='bbox 277 4502 297 4541; x_wconf 81' lang='lat'><strong>11</strong></span> <span class='ocrx_word' id='word_1_634' title='bbox 311 4500 371 4557; x_wconf 88' lang='lat' dir='ltr'><strong>cap.</strong></span> <span class='ocrx_word' id='word_1_635' title='bbox 388 4498 419 4538; x_wconf 84' lang='lat' dir='ltr'><strong>aa</strong></span> <span class='ocrx_word' id='word_1_636' title='bbox 433 4481 669 4551; x_wconf 60' lang='lat' dir='ltr'><strong>referunturque</strong></span> <span class='ocrx_word' id='word_1_637' title='bbox 684 4422 718 4534; x_wconf 58' lang='lat' dir='ltr'><strong>X,</strong></span> <span class='ocrx_word' id='word_1_638' title='bbox 728 4493 760 4534; x_wconf 89' lang='lat' dir='ltr'><strong>eo</strong></span> <span class='ocrx_word' id='word_1_639' title='bbox 774 4492 837 4533; x_wconf 87' lang='lat' dir='ltr'><strong>rere</strong></span> <span class='ocrx_word' id='word_1_640' title='bbox 853 4492 927 4532; x_wconf 90' lang='lat' dir='ltr'><strong>coiu-</strong></span> <span class='ocrx_word' id='word_1_641' title='bbox 982 4490 1017 4531; x_wconf 83' lang='lat' dir='ltr'><strong>ex</strong></span> <span class='ocrx_word' id='word_1_642' title='bbox 1034 4475 1166 4547; x_wconf 83' lang='lat' dir='ltr'><strong>Hispania</strong></span> <span class='ocrx_word' id='word_1_643' title='bbox 1178 4477 1206 4534; x_wconf 92' lang='lat' dir='ltr'><strong>in</strong></span> <span class='ocrx_word' id='word_1_644' title='bbox 1221 4479 1364 4538; x_wconf 83' lang='lat' dir='ltr'><strong>Franciarn</strong></span> <span class='ocrx_word' id='word_1_645' title='bbox 1377 4484 1475 4541; x_wconf 86' lang='lat' dir='ltr'><strong>Noster</strong></span> <span class='ocrx_word' id='word_1_646' title='bbox 1488 4489 1620 4557; x_wconf 88' lang='lat' dir='ltr'><strong>contulit,</strong></span> <span class='ocrx_word' id='word_1_647' title='bbox 1647 4496 1802 4567; x_wconf 70' lang='lat' dir='ltr'><strong>quemad·</strong></span> 
     </span>
    </p>
   </div>
   <div class='ocr_carea' id='block_1_11' title="bbox 130 4545 1783 4694">
    <p class='ocr_par' dir='ltr' id='par_1_11' title="bbox 130 4545 1783 4694">
     <span class='ocr_line' id='line_1_55' title="bbox 130 4545 1783 4693; baseline 0.004 -80"><span class='ocrx_word' id='word_1_648' title='bbox 130 4557 277 4613; x_wconf 87' lang='lat' dir='ltr'><strong>memorari</strong></span> <span class='ocrx_word' id='word_1_649' title='bbox 291 4563 415 4628; x_wconf 90' lang='lat' dir='ltr'><strong>possunt.</strong></span> <span class='ocrx_word' id='word_1_650' title='bbox 430 4553 528 4609; x_wconf 87' lang='lat' dir='ltr'><strong>Noster</strong></span> <span class='ocrx_word' id='word_1_651' title='bbox 542 4550 660 4606; x_wconf 92' lang='lat' dir='ltr'><strong>strictim</strong></span> <span class='ocrx_word' id='word_1_652' title='bbox 682 4549 776 4604; x_wconf 87' lang='lat' dir='ltr'><strong>omnia</strong></span> <span class='ocrx_word' id='word_1_653' title='bbox 799 4548 926 4620; x_wconf 87' lang='lat' dir='ltr'><strong>comple·</strong></span> <span class='ocrx_word' id='word_1_654' title='bbox 985 4545 1099 4603; x_wconf 89' lang='lat' dir='ltr'><strong>modum</strong></span> <span class='ocrx_word' id='word_1_655' title='bbox 1113 4548 1180 4605; x_wconf 89' lang='lat' dir='ltr'><strong>alibi</strong></span> <span class='ocrx_word' id='word_1_656' title='bbox 1196 4566 1266 4623; x_wconf 80' lang='lat' dir='ltr'><strong>saepe</strong></span> <span class='ocrx_word' id='word_1_657' title='bbox 1289 4558 1498 4625; x_wconf 86' lang='lat' dir='ltr'><strong>supponendum</strong></span> <span class='ocrx_word' id='word_1_658' title='bbox 1519 4559 1584 4630; x_wconf 86' lang='lat' dir='ltr'><strong>fuit,</strong></span> <span class='ocrx_word' id='word_1_659' title='bbox 1607 4576 1707 4693; x_wconf 59' lang='lat' dir='ltr'><strong>nemge</strong></span> <span class='ocrx_word' id='word_1_660' title='bbox 1722 4582 1783 4626; x_wconf 86' lang='lat' dir='ltr'><strong>cum</strong></span> 
     </span>
     <span class='ocr_line' id='line_1_56' title="bbox 1609 4650 1709 4694; baseline 0.05 -5"><span class='ocrx_word' id='word_1_661' title='bbox 1609 4650 1655 4690; x_wconf 88' lang='lat' dir='ltr'><strong>nm</strong></span> <span class='ocrx_word' id='word_1_662' title='bbox 1693 4653 1709 4694; x_wconf 96' lang='lat' dir='ltr'><strong>a</strong></span> 
     </span>
    </p>
   </div>
   <div class='ocr_carea' id='block_1_12' title="bbox 127 4617 1783 5415">
    <p class='ocr_par' dir='ltr' id='par_1_12' title="bbox 127 4617 1783 5415">
     <span class='ocr_line' id='line_1_57' title="bbox 130 4617 1783 4704; baseline -0.001 -20"><span class='ocrx_word' id='word_1_663' title='bbox 130 4629 224 4684; x_wconf 90' lang='lat' dir='ltr'><strong>ctitur.</strong></span> <span class='ocrx_word' id='word_1_664' title='bbox 252 4628 353 4682; x_wconf 87' lang='lat' dir='ltr'><strong>llirmn</strong></span> <span class='ocrx_word' id='word_1_665' title='bbox 377 4633 417 4681; x_wconf 91' lang='lat' dir='ltr'><strong>est</strong></span> <span class='ocrx_word' id='word_1_666' title='bbox 444 4640 506 4679; x_wconf 85' lang='lat' dir='ltr'><strong>oum</strong></span> <span class='ocrx_word' id='word_1_667' title='bbox 521 4638 537 4678; x_wconf 90' lang='lat' dir='ltr'><strong>a</strong></span> <span class='ocrx_word' id='word_1_668' title='bbox 554 4621 676 4677; x_wconf 84' lang='lat' dir='ltr'><strong>Notlroro</strong></span> <span class='ocrx_word' id='word_1_669' title='bbox 699 4619 923 4692; x_wconf 75' lang='lat' dir='ltr'><strong>pretermissum,</strong></span> <span class='ocrx_word' id='word_1_670' title='bbox 979 4617 1052 4699; x_wconf 75' lang='lat' dir='ltr'><strong>alius</strong></span> <span class='ocrx_word' id='word_1_671' title='bbox 1076 4619 1140 4676; x_wconf 88' lang='lat' dir='ltr'><strong>lons</strong></span> <span class='ocrx_word' id='word_1_672' title='bbox 1162 4637 1219 4677; x_wconf 90' lang='lat' dir='ltr'><strong>non</strong></span> <span class='ocrx_word' id='word_1_673' title='bbox 1242 4633 1409 4696; x_wconf 89' lang='lat' dir='ltr'><strong>suppeteret,</strong></span> <span class='ocrx_word' id='word_1_674' title='bbox 1432 4645 1468 4685; x_wconf 90' lang='lat' dir='ltr'><strong>ex</strong></span> <span class='ocrx_word' id='word_1_675' title='bbox 1493 4646 1549 4701; x_wconf 89' lang='lat' dir='ltr'><strong>quo</strong></span> <span class='ocrx_word' id='word_1_676' title='bbox 1564 4631 1606 4704; x_wconf 93' lang='lat' dir='ltr'><strong>ips</strong></span> <span class='ocrx_word' id='word_1_677' title='bbox 1710 4641 1783 4698; x_wconf 58' lang='lat' dir='ltr'><strong>usis,</strong></span> 
     </span>
     <span class='ocr_line' id='line_1_58' title="bbox 130 4691 1783 4781; baseline 0.008 -27"><span class='ocrx_word' id='word_1_678' title='bbox 130 4698 243 4770; x_wconf 87' lang='lat' dir='ltr'><strong>ejusque</strong></span> <span class='ocrx_word' id='word_1_679' title='bbox 259 4698 319 4753; x_wconf 93' lang='lat' dir='ltr'><strong>loco</strong></span> <span class='ocrx_word' id='word_1_680' title='bbox 333 4696 512 4752; x_wconf 84' lang='lat' dir='ltr'><strong>substitutam</strong></span> <span class='ocrx_word' id='word_1_681' title='bbox 524 4693 729 4750; x_wconf 88' lang='lat' dir='ltr'><strong>celeberrimam</strong></span> <span class='ocrx_word' id='word_1_682' title='bbox 746 4691 883 4762; x_wconf 81' lang='lat' dir='ltr'><strong>virginem</strong></span> <span class='ocrx_word' id='word_1_683' title='bbox 898 4697 925 4746; x_wconf 92' lang='lat' dir='ltr'><strong>et</strong></span> <span class='ocrx_word' id='word_1_684' title='bbox 979 4698 1208 4771; x_wconf 74' lang='lat' dir='ltr'><strong>coniectaremur.</strong></span> <span class='ocrx_word' id='word_1_685' title='bbox 1220 4695 1361 4754; x_wconf 83' lang='lat' dir='ltr'><strong>Berirdictn</strong></span> <span class='ocrx_word' id='word_1_686' title='bbox 1376 4700 1590 4769; x_wconf 68' lang='lat' dir='ltr'><strong>auriniacensis,</strong></span> <span class='ocrx_word' id='word_1_687' title='bbox 1604 4707 1659 4775; x_wconf 86' lang='lat' dir='ltr'><strong>rel,</strong></span> <span class='ocrx_word' id='word_1_688' title='bbox 1678 4716 1710 4764; x_wconf 90' lang='lat' dir='ltr'><strong>ut</strong></span> <span class='ocrx_word' id='word_1_689' title='bbox 1722 4711 1783 4781; x_wconf 90' lang='lat' dir='ltr'><strong>alii,</strong></span> 
     </span>
     <span class='ocr_line' id='line_1_59' title="bbox 130 4761 1771 4842; baseline 0.002 -18"><span class='ocrx_word' id='word_1_690' title='bbox 130 4776 279 4840; x_wconf 87' lang='lat' dir='ltr'><strong>martyrem</strong></span> <span class='ocrx_word' id='word_1_691' title='bbox 295 4770 466 4837; x_wconf 81' lang='lat' dir='ltr'><strong>llepcrotam,</strong></span> <span class='ocrx_word' id='word_1_692' title='bbox 477 4781 539 4820; x_wconf 90' lang='lat' dir='ltr'><strong>cum</strong></span> <span class='ocrx_word' id='word_1_693' title='bbox 554 4763 643 4834; x_wconf 84' lang='lat' dir='ltr'><strong>elogio</strong></span> <span class='ocrx_word' id='word_1_694' title='bbox 667 4779 702 4818; x_wconf 81' lang='lat' dir='ltr'><strong>ex</strong></span> <span class='ocrx_word' id='word_1_695' title='bbox 724 4762 841 4841; x_wconf 33' lang='lat' dir='ltr'><strong>llabano·</strong></span> <span class='ocrx_word' id='word_1_696' title='bbox 853 4777 925 4842; x_wconf 80' lang='lat' dir='ltr'><strong>cou-</strong></span> <span class='ocrx_word' id='word_1_697' title='bbox 980 4761 1185 4831; x_wconf 76' lang='lat' dir='ltr'><strong>Ortpuicceasir,</strong></span> <span class='ocrx_word' id='word_1_698' title='bbox 1201 4765 1235 4821; x_wconf 88' lang='lat' dir='ltr'><strong>ab</strong></span> <span class='ocrx_word' id='word_1_699' title='bbox 1250 4767 1374 4825; x_wconf 89' lang='lat' dir='ltr'><strong>Usuardo</strong></span> <span class='ocrx_word' id='word_1_700' title='bbox 1392 4770 1476 4827; x_wconf 86' lang='lat' dir='ltr'><strong>etiam</strong></span> <span class='ocrx_word' id='word_1_701' title='bbox 1499 4772 1527 4828; x_wconf 91' lang='lat' dir='ltr'><strong>in</strong></span> <span class='ocrx_word' id='word_1_702' title='bbox 1549 4790 1640 4834; x_wconf 85' lang='lat' dir='ltr'><strong>sacras</strong></span> <span class='ocrx_word' id='word_1_703' title='bbox 1662 4778 1771 4840; x_wconf 69' lang='lat' dir='ltr'><strong>tabulas</strong></span> 
     </span>
     <span class='ocr_line' id='line_1_60' title="bbox 129 4827 1782 4919; baseline 0.001 -22"><span class='ocrx_word' id='word_1_704' title='bbox 129 4847 226 4896; x_wconf 89' lang='lat' dir='ltr'><strong>tracto.</strong></span> <span class='ocrx_word' id='word_1_705' title='bbox 240 4838 312 4905; x_wconf 83' lang='lat' dir='ltr'><strong>Quid</strong></span> <span class='ocrx_word' id='word_1_706' title='bbox 331 4837 364 4893; x_wconf 87' lang='lat' dir='ltr'><strong>de</strong></span> <span class='ocrx_word' id='word_1_707' title='bbox 387 4837 514 4893; x_wconf 80' lang='lat' dir='ltr'><strong>simeone</strong></span> <span class='ocrx_word' id='word_1_708' title='bbox 537 4842 662 4906; x_wconf 80' lang='lat' dir='ltr'><strong>suggerat</strong></span> <span class='ocrx_word' id='word_1_709' title='bbox 684 4834 738 4888; x_wconf 85' lang='lat' dir='ltr'><strong>Leo</strong></span> <span class='ocrx_word' id='word_1_710' title='bbox 759 4832 885 4913; x_wconf 80' lang='grc' dir='ltr'><strong>ΑΙΙιιιιιιιΙ</strong></span> <span class='ocrx_word' id='word_1_711' title='bbox 895 4847 925 4887; x_wconf 91' lang='lat' dir='ltr'><strong>in</strong></span> <span class='ocrx_word' id='word_1_712' title='bbox 939 4840 963 4898; x_wconf 79' lang='grc' dir='ltr'><strong>Ι)</strong></span> <span class='ocrx_word' id='word_1_713' title='bbox 978 4831 1052 4904; x_wconf 83' lang='lat' dir='ltr'><strong>quod</strong></span> <span class='ocrx_word' id='word_1_714' title='bbox 1070 4833 1099 4888; x_wconf 90' lang='lat' dir='ltr'><strong>iii</strong></span> <span class='ocrx_word' id='word_1_715' title='bbox 1110 4836 1213 4891; x_wconf 88' lang='lat' dir='ltr'><strong>sanctis</strong></span> <span class='ocrx_word' id='word_1_716' title='bbox 1228 4836 1341 4896; x_wconf 88' lang='lat' dir='ltr'><strong>Gallicis</strong></span> <span class='ocrx_word' id='word_1_717' title='bbox 1356 4857 1392 4896; x_wconf 80' lang='lat' dir='ltr'><strong>saa</strong></span> <span class='ocrx_word' id='word_1_718' title='bbox 1439 4845 1551 4913; x_wconf 90' lang='lat' dir='ltr'><strong>accidit,</strong></span> <span class='ocrx_word' id='word_1_719' title='bbox 1564 4846 1686 4919; x_wconf 85' lang='lat' dir='ltr'><strong>primum</strong></span> <span class='ocrx_word' id='word_1_720' title='bbox 1695 4827 1782 4912; x_wconf 59' lang='lat' dir='ltr'><strong>miae}</strong></span> 
     </span>
     <span class='ocr_line' id='line_1_61' title="bbox 128 4858 1782 5039; baseline 0.007 -70"><span class='ocrx_word' id='word_1_721' title='bbox 128 4911 248 4969; x_wconf 89' lang='lat' dir='ltr'><strong>diatriba</strong></span> <span class='ocrx_word' id='word_1_722' title='bbox 260 4910 293 4966; x_wconf 94' lang='lat' dir='ltr'><strong>de</strong></span> <span class='ocrx_word' id='word_1_723' title='bbox 309 4909 476 4982; x_wconf 86' lang='lat' dir='ltr'><strong>Syiueonum</strong></span> <span class='ocrx_word' id='word_1_724' title='bbox 492 4905 669 4977; x_wconf 76' lang='lat' dir='ltr'><strong>scripsltpag.</strong></span> <span class='ocrx_word' id='word_1_725' title='bbox 680 4904 743 4969; x_wconf 78' lang='lat'><strong>100,</strong></span> <span class='ocrx_word' id='word_1_726' title='bbox 752 4903 803 4960; x_wconf 90' lang='lat' dir='ltr'><strong>sub</strong></span> <span class='ocrx_word' id='word_1_727' title='bbox 812 4919 924 4959; x_wconf 89' lang='lat' dir='ltr'><strong>nomine</strong></span> <span class='ocrx_word' id='word_1_728' title='bbox 976 4911 1027 4969; x_wconf 87' lang='lat' dir='ltr'><strong>est,</strong></span> <span class='ocrx_word' id='word_1_729' title='bbox 1050 4903 1232 4974; x_wconf 73' lang='lat' dir='ltr'><strong>minanam,</strong></span> <span class='ocrx_word' id='word_1_730' title='bbox 1247 4925 1302 4965; x_wconf 89' lang='lat' dir='ltr'><strong>non</strong></span> <span class='ocrx_word' id='word_1_731' title='bbox 1328 4858 1498 5039; x_wconf 44' lang='lat' dir='ltr'><strong>histriensi</strong></span> <span class='ocrx_word' id='word_1_732' title='bbox 1522 4918 1665 4977; x_wconf 91' lang='lat' dir='ltr'><strong>territorio</strong></span> <span class='ocrx_word' id='word_1_733' title='bbox 1688 4925 1782 4982; x_wconf 84' lang='lat' dir='ltr'><strong>ascri-</strong></span> 
     </span>
     <span class='ocr_line' id='line_1_62' title="bbox 127 4972 1768 5060; baseline 0.001 -20"><span class='ocrx_word' id='word_1_734' title='bbox 127 4982 256 5040; x_wconf 83' lang='lat' dir='ltr'><strong>lletboda&#39;i</strong></span> <span class='ocrx_word' id='word_1_735' title='bbox 279 4981 323 5039; x_wconf 90' lang='lat' dir='ltr'><strong>vel</strong></span> <span class='ocrx_word' id='word_1_736' title='bbox 352 4979 478 5037; x_wconf 82' lang='lat' dir='ltr'><strong>Timothei</strong></span> <span class='ocrx_word' id='word_1_737' title='bbox 504 4977 649 5060; x_wconf 67' lang='lat' dir='ltr'><strong>presbyteri</strong></span> <span class='ocrx_word' id='word_1_738' title='bbox 676 4975 921 5057; x_wconf 74' lang='lat' dir='ltr'><strong>Hierosolymltoai,</strong></span> <span class='ocrx_word' id='word_1_739' title='bbox 975 4972 1077 5056; x_wconf 54' lang='lat' dir='ltr'><strong>banda,</strong></span> <span class='ocrx_word' id='word_1_740' title='bbox 1092 4976 1200 5034; x_wconf 90' lang='lat' dir='ltr'><strong>Pridem</strong></span> <span class='ocrx_word' id='word_1_741' title='bbox 1213 4989 1344 5039; x_wconf 91' lang='lat' dir='ltr'><strong>notarunt</strong></span> <span class='ocrx_word' id='word_1_742' title='bbox 1379 4984 1768 5057; x_wconf 59' lang='lat' dir='ltr'><strong>ajoresnostriadxxvmafi</strong></span> 
     </span>
     <span class='ocr_line' id='line_1_63' title="bbox 128 5042 1781 5134; baseline -0.003 -22"><span class='ocrx_word' id='word_1_743' title='bbox 128 5055 235 5113; x_wconf 86' lang='lat' dir='ltr'><strong>dicetur</strong></span> <span class='ocrx_word' id='word_1_744' title='bbox 250 5072 300 5111; x_wconf 92' lang='lat' dir='ltr'><strong>suo</strong></span> <span class='ocrx_word' id='word_1_745' title='bbox 314 5054 385 5109; x_wconf 92' lang='lat' dir='ltr'><strong>loco.</strong></span> <span class='ocrx_word' id='word_1_746' title='bbox 403 5049 497 5107; x_wconf 84' lang='lat' dir='ltr'><strong>Videri</strong></span> <span class='ocrx_word' id='word_1_747' title='bbox 508 5055 618 5104; x_wconf 88' lang='lat' dir='ltr'><strong>iuterim</strong></span> <span class='ocrx_word' id='word_1_748' title='bbox 629 5054 718 5120; x_wconf 88' lang='lat' dir='ltr'><strong>potest</strong></span> <span class='ocrx_word' id='word_1_749' title='bbox 728 5047 921 5102; x_wconf 88' lang='lat' dir='ltr'><strong>Tillemcntius</strong></span> <span class='ocrx_word' id='word_1_750' title='bbox 975 5061 1005 5100; x_wconf 89' lang='lat' dir='ltr'><strong>m</strong></span> <span class='ocrx_word' id='word_1_751' title='bbox 1016 5046 1111 5126; x_wconf 24' lang='lat' dir='ltr'><strong>‘indice</strong></span> <span class='ocrx_word' id='word_1_752' title='bbox 1125 5049 1386 5123; x_wconf 88' lang='lat' dir='ltr'><strong>Praetermissorum,</strong></span> <span class='ocrx_word' id='word_1_753' title='bbox 1402 5064 1477 5113; x_wconf 92' lang='lat' dir='ltr'><strong>tomo</strong></span> <span class='ocrx_word' id='word_1_754' title='bbox 1492 5058 1539 5127; x_wconf 85' lang='lat' dir='ltr'><strong>VI,</strong></span> <span class='ocrx_word' id='word_1_755' title='bbox 1551 5076 1612 5134; x_wconf 71' lang='lat' dir='ltr'><strong>pag,</strong></span> <span class='ocrx_word' id='word_1_756' title='bbox 1628 5062 1694 5134; x_wconf 69' lang='lat'><strong>353,</strong></span> <span class='ocrx_word' id='word_1_757' title='bbox 1709 5042 1781 5126; x_wconf 61' lang='grc' dir='ltr'><em>Μᾶ</em></span> 
     </span>
     <span class='ocr_line' id='line_1_64' title="bbox 128 5117 1781 5201; baseline 0.006 -18"><span class='ocrx_word' id='word_1_758' title='bbox 128 5133 203 5183; x_wconf 91' lang='lat' dir='ltr'><strong>tomo</strong></span> <span class='ocrx_word' id='word_1_759' title='bbox 217 5128 239 5196; x_wconf 89' lang='lat'><strong>1,</strong></span> <span class='ocrx_word' id='word_1_760' title='bbox 256 5142 316 5200; x_wconf 83' lang='lat' dir='ltr'><strong>pag.</strong></span> <span class='ocrx_word' id='word_1_761' title='bbox 328 5124 391 5180; x_wconf 77' lang='lat' dir='ltr'><strong>otu.</strong></span> <span class='ocrx_word' id='word_1_762' title='bbox 406 5124 446 5179; x_wconf 84' lang='lat' dir='ltr'><strong>lle</strong></span> <span class='ocrx_word' id='word_1_763' title='bbox 460 5122 591 5177; x_wconf 70' lang='lat' dir='ltr'><strong>naason</strong></span> <span class='ocrx_word' id='word_1_764' title='bbox 605 5124 645 5177; x_wconf 91' lang='lat' dir='ltr'><strong>sic</strong></span> <span class='ocrx_word' id='word_1_765' title='bbox 660 5119 741 5176; x_wconf 88' lang='lat' dir='ltr'><strong>habet</strong></span> <span class='ocrx_word' id='word_1_766' title='bbox 753 5127 849 5201; x_wconf 78' lang='lat' dir='ltr'><strong>auctor</strong></span> <span class='ocrx_word' id='word_1_767' title='bbox 862 5119 923 5200; x_wconf 69' lang='lat' dir='ltr'><strong>lio-</strong></span> <span class='ocrx_word' id='word_1_768' title='bbox 973 5117 1054 5200; x_wconf 67' lang='lat' dir='ltr'><strong>baius</strong></span> <span class='ocrx_word' id='word_1_769' title='bbox 1067 5121 1195 5201; x_wconf 72' lang='lat' dir='ltr'><strong>martyris</strong></span> <span class='ocrx_word' id='word_1_770' title='bbox 1206 5125 1287 5193; x_wconf 80' lang='lat' dir='ltr'><strong>piane</strong></span> <span class='ocrx_word' id='word_1_771' title='bbox 1299 5127 1386 5181; x_wconf 84' lang='lat' dir='ltr'><strong>eodem</strong></span> <span class='ocrx_word' id='word_1_772' title='bbox 1401 5143 1454 5183; x_wconf 86' lang='lat' dir='ltr'><strong>erse</strong></span> <span class='ocrx_word' id='word_1_773' title='bbox 1467 5146 1527 5200; x_wconf 80' lang='lat' dir='ltr'><strong>qun</strong></span> <span class='ocrx_word' id='word_1_774' title='bbox 1541 5138 1605 5187; x_wconf 80' lang='lat' dir='ltr'><strong>aaut</strong></span> <span class='ocrx_word' id='word_1_775' title='bbox 1622 5132 1781 5198; x_wconf 68' lang='lat' dir='ltr'><strong>Contrarium</strong></span> 
     </span>
     <span class='ocr_line' id='line_1_65' title="bbox 127 5190 1781 5277; baseline -0.001 -23"><span class='ocrx_word' id='word_1_776' title='bbox 127 5200 201 5255; x_wconf 89' lang='lat' dir='ltr'><strong>mani</strong></span> <span class='ocrx_word' id='word_1_777' title='bbox 217 5199 293 5271; x_wconf 85' lang='lat' dir='ltr'><strong>parvi</strong></span> <span class='ocrx_word' id='word_1_778' title='bbox 311 5216 317 5254; x_wconf 89' lang='lat'>:</span> <span class='ocrx_word' id='word_1_779' title='bbox 337 5194 535 5260; x_wconf 81' lang='lat' dir='ltr'><strong>Thessalonica,</strong></span> <span class='ocrx_word' id='word_1_780' title='bbox 556 5192 682 5248; x_wconf 82' lang='lat' dir='ltr'><strong>Deuretra&#39;i&#39;</strong></span> <span class='ocrx_word' id='word_1_781' title='bbox 697 5197 835 5262; x_wconf 73' lang='lat' dir='ltr'><strong>martyras.</strong></span> <span class='ocrx_word' id='word_1_782' title='bbox 851 5190 922 5248; x_wconf 85' lang='lat' dir='ltr'><strong>linio</strong></span> <span class='ocrx_word' id='word_1_783' title='bbox 973 5198 1119 5260; x_wconf 79' lang='lat' dir='ltr'><strong>osrprmsrt</strong></span> <span class='ocrx_word' id='word_1_784' title='bbox 1131 5194 1269 5264; x_wconf 74' lang='lat' dir='ltr'><strong>martyris,</strong></span> <span class='ocrx_word' id='word_1_785' title='bbox 1282 5200 1390 5254; x_wconf 83' lang='lat' dir='ltr'><strong>mutetis</strong></span> <span class='ocrx_word' id='word_1_786' title='bbox 1402 5202 1488 5256; x_wconf 84' lang='lat' dir='ltr'><strong>solunt</strong></span> <span class='ocrx_word' id='word_1_787' title='bbox 1501 5204 1670 5277; x_wconf 67' lang='lat' dir='ltr'><strong>nominibus,</strong></span> <span class='ocrx_word' id='word_1_788' title='bbox 1683 5217 1710 5267; x_wconf 61' lang='grc' dir='ltr'><strong>,ι</strong></span> <span class='ocrx_word' id='word_1_789' title='bbox 1726 5211 1781 5270; x_wconf 63' lang='lat' dir='ltr'><strong>tm</strong></span> 
     </span>
     <span class='ocr_line' id='line_1_66' title="bbox 127 5261 1781 5353; baseline 0.003 -28"><span class='ocrx_word' id='word_1_790' title='bbox 127 5268 161 5325; x_wconf 86' lang='lat' dir='ltr'><strong>ab</strong></span> <span class='ocrx_word' id='word_1_791' title='bbox 178 5270 274 5327; x_wconf 84' lang='lat' dir='ltr'><strong>Adone</strong></span> <span class='ocrx_word' id='word_1_792' title='bbox 287 5275 416 5340; x_wconf 86' lang='lat' dir='ltr'><strong>acceptus</strong></span> <span class='ocrx_word' id='word_1_793' title='bbox 428 5275 478 5333; x_wconf 87' lang='lat' dir='ltr'><strong>est,</strong></span> <span class='ocrx_word' id='word_1_794' title='bbox 494 5282 528 5321; x_wconf 88' lang='lat' dir='ltr'><strong>ex</strong></span> <span class='ocrx_word' id='word_1_795' title='bbox 543 5264 596 5321; x_wconf 95' lang='lat' dir='ltr'><strong>boc</strong></span> <span class='ocrx_word' id='word_1_796' title='bbox 608 5281 624 5346; x_wconf 81' lang='lat' dir='ltr'><strong>a</strong></span> <span class='ocrx_word' id='word_1_797' title='bbox 636 5263 735 5320; x_wconf 91' lang='lat' dir='ltr'><strong>Nostro</strong></span> <span class='ocrx_word' id='word_1_798' title='bbox 745 5270 772 5318; x_wconf 90' lang='lat' dir='ltr'><strong>et</strong></span> <span class='ocrx_word' id='word_1_799' title='bbox 787 5261 918 5318; x_wconf 85' lang='lat' dir='ltr'><strong>Notkcro.</strong></span> <span class='ocrx_word' id='word_1_800' title='bbox 973 5262 1079 5342; x_wconf 82' lang='lat' dir='ltr'><strong>euobis</strong></span> <span class='ocrx_word' id='word_1_801' title='bbox 1092 5279 1132 5318; x_wconf 82' lang='lat' dir='ltr'><strong>xii</strong></span> <span class='ocrx_word' id='word_1_802' title='bbox 1147 5265 1304 5322; x_wconf 82' lang='lat' dir='ltr'><strong>Moiiedits.</strong></span> <span class='ocrx_word' id='word_1_803' title='bbox 1314 5269 1342 5324; x_wconf 85' lang='lat' dir='ltr'><strong>si</strong></span> <span class='ocrx_word' id='word_1_804' title='bbox 1358 5287 1412 5351; x_wconf 86' lang='lat' dir='ltr'><strong>qna</strong></span> <span class='ocrx_word' id='word_1_805' title='bbox 1425 5271 1614 5333; x_wconf 84' lang='lat' dir='ltr'><strong>nihilomiuus</strong></span> <span class='ocrx_word' id='word_1_806' title='bbox 1628 5276 1781 5353; x_wconf 54' lang='lat' dir='ltr'><strong>peculiaria</strong></span> 
     </span>
     <span class='ocr_line' id='line_1_67' title="bbox 127 5332 1780 5415; baseline 0.013 -21"><span class='ocrx_word' id='word_1_807' title='bbox 127 5338 195 5411; x_wconf 83' lang='lat' dir='ltr'><strong>lljus</strong></span> <span class='ocrx_word' id='word_1_808' title='bbox 204 5341 360 5400; x_wconf 87' lang='lat' dir='ltr'><strong>encomium</strong></span> <span class='ocrx_word' id='word_1_809' title='bbox 377 5340 416 5396; x_wconf 84' lang='lat' dir='ltr'><strong>ita</strong></span> <span class='ocrx_word' id='word_1_810' title='bbox 428 5337 541 5394; x_wconf 85' lang='lat' dir='ltr'><strong>metrica</strong></span> <span class='ocrx_word' id='word_1_811' title='bbox 555 5335 669 5392; x_wconf 87' lang='lat' dir='ltr'><strong>exhibet</strong></span> <span class='ocrx_word' id='word_1_812' title='bbox 681 5334 896 5392; x_wconf 82' lang='lat' dir='ltr'><strong>Wandalbertus</strong></span> <span class='ocrx_word' id='word_1_813' title='bbox 913 5353 918 5390; x_wconf 93' lang='lat'><strong>:</strong></span> <span class='ocrx_word' id='word_1_814' title='bbox 979 5332 1096 5390; x_wconf 88' lang='lat' dir='ltr'><strong>subinde</strong></span> <span class='ocrx_word' id='word_1_815' title='bbox 1111 5344 1219 5407; x_wconf 87' lang='lat' dir='ltr'><strong>reperta</strong></span> <span class='ocrx_word' id='word_1_816' title='bbox 1232 5337 1454 5408; x_wconf 86' lang='lat' dir='ltr'><strong>luerint,srvesd</strong></span> <span class='ocrx_word' id='word_1_817' title='bbox 1468 5344 1565 5415; x_wconf 84' lang='lat' dir='ltr'><strong>vitam,</strong></span> <span class='ocrx_word' id='word_1_818' title='bbox 1577 5348 1680 5409; x_wconf 81' lang='lat' dir='ltr'><strong>siraed</strong></span> <span class='ocrx_word' id='word_1_819' title='bbox 1691 5360 1780 5414; x_wconf 83' lang='lat' dir='ltr'><strong>trane·</strong></span> 
     </span>
    </p>
   </div>
   <div class='ocr_carea' id='block_1_13' title="bbox 188 5403 1780 5507">
    <p class='ocr_par' dir='ltr' id='par_1_13' title="bbox 188 5403 1780 5507">
     <span class='ocr_line' id='line_1_68' title="bbox 188 5403 1780 5507; baseline -0.007 -12"><span class='ocrx_word' id='word_1_820' title='bbox 188 5444 285 5495; x_wconf 81' lang='lat' dir='ltr'><strong>Octauo</strong></span> <span class='ocrx_word' id='word_1_821' title='bbox 300 5455 359 5496; x_wconf 88' lang='lat' dir='ltr'><strong>ante</strong></span> <span class='ocrx_word' id='word_1_822' title='bbox 374 5445 444 5506; x_wconf 85' lang='lat' dir='ltr'><strong>Idne,</strong></span> <span class='ocrx_word' id='word_1_823' title='bbox 456 5432 574 5495; x_wconf 84' lang='lat' dir='ltr'><strong>Demetri</strong></span> <span class='ocrx_word' id='word_1_824' title='bbox 583 5446 681 5507; x_wconf 88' lang='lat' dir='ltr'><strong>sancte,</strong></span> <span class='ocrx_word' id='word_1_825' title='bbox 697 5440 790 5492; x_wconf 84' lang='lat' dir='ltr'><strong>bearis.</strong></span> <span class='ocrx_word' id='word_1_826' title='bbox 979 5403 1110 5461; x_wconf 59' lang='lat' dir='ltr'><strong>mmm</strong></span> <span class='ocrx_word' id='word_1_827' title='bbox 1126 5410 1288 5489; x_wconf 47' lang='grc' dir='ltr'><strong>8ΡωὸιῙηῘέΙι</strong></span> <span class='ocrx_word' id='word_1_828' title='bbox 1303 5426 1333 5467; x_wconf 63' lang='lat'><strong>⁰⁸</strong></span> <span class='ocrx_word' id='word_1_829' title='bbox 1348 5428 1441 5470; x_wconf 74' lang='lat'>¹¹¹⁰¹¹⁸⁰</span> <span class='ocrx_word' id='word_1_830' title='bbox 1464 5416 1577 5476; x_wconf 64' lang='lat' dir='ltr'><strong>0⁰¹⁰hf¹⁰</strong></span> <span class='ocrx_word' id='word_1_831' title='bbox 1592 5421 1623 5478; x_wconf 69' lang='lat' dir='ltr'><strong>in</strong></span> <span class='ocrx_word' id='word_1_832' title='bbox 1635 5425 1717 5484; x_wconf 66' lang='lat' dir='ltr'><strong>Atthis</strong></span> <span class='ocrx_word' id='word_1_833' title='bbox 1730 5428 1780 5487; x_wconf 83' lang='lat' dir='ltr'><strong>io-</strong></span> 
     </span>
    </p>
   </div>
   <div class='ocr_carea' id='block_1_14' title="bbox 125 5476 1779 5714">
    <p class='ocr_par' dir='ltr' id='par_1_14' title="bbox 125 5476 1779 5714">
     <span class='ocr_line' id='line_1_69' title="bbox 188 5476 1779 5609; baseline 0.001 -54"><span class='ocrx_word' id='word_1_834' title='bbox 188 5506 299 5557; x_wconf 88' lang='lat' dir='ltr'><strong>Nominc</strong></span> <span class='ocrx_word' id='word_1_835' title='bbox 316 5523 362 5571; x_wconf 90' lang='lat' dir='ltr'><strong>pro</strong></span> <span class='ocrx_word' id='word_1_836' title='bbox 377 5508 473 5558; x_wconf 85' lang='lat' dir='ltr'><strong>Christi</strong></span> <span class='ocrx_word' id='word_1_837' title='bbox 486 5513 592 5556; x_wconf 90' lang='lat' dir='ltr'><strong>tortores</strong></span> <span class='ocrx_word' id='word_1_838' title='bbox 608 5518 699 5570; x_wconf 82' lang='lat' dir='ltr'><strong>passus</strong></span> <span class='ocrx_word' id='word_1_839' title='bbox 718 5505 828 5568; x_wconf 89' lang='lat' dir='ltr'><strong>iniquos.</strong></span> <span class='ocrx_word' id='word_1_840' title='bbox 977 5491 1041 5602; x_wconf 49' lang='lat'><em>{32¹¹</em></span> <span class='ocrx_word' id='word_1_841' title='bbox 1052 5476 1205 5604; x_wconf 55' lang='grc' dir='ltr'><strong>ᾞΪθῃῑθῐέῑ·</strong></span> <span class='ocrx_word' id='word_1_842' title='bbox 1221 5480 1318 5609; x_wconf 56' lang='lat' dir='ltr'><strong>Vfideg</strong></span> <span class='ocrx_word' id='word_1_843' title='bbox 1332 5495 1447 5571; x_wconf 73' lang='lat' dir='ltr'><strong>bossunt</strong></span> <span class='ocrx_word' id='word_1_844' title='bbox 1461 5503 1521 5561; x_wconf 75' lang='lat' dir='ltr'><strong>qum</strong></span> <span class='ocrx_word' id='word_1_845' title='bbox 1533 5490 1567 5548; x_wconf 83' lang='lat' dir='ltr'><strong>de</strong></span> <span class='ocrx_word' id='word_1_846' title='bbox 1575 5504 1607 5551; x_wconf 75' lang='lat' dir='ltr'><strong>et</strong></span> <span class='ocrx_word' id='word_1_847' title='bbox 1618 5500 1646 5552; x_wconf 81' lang='lat' dir='ltr'><strong>et</strong></span> <span class='ocrx_word' id='word_1_848' title='bbox 1660 5495 1690 5569; x_wconf 72' lang='lat' dir='ltr'><strong>vl</strong></span> <span class='ocrx_word' id='word_1_849' title='bbox 1735 5498 1779 5557; x_wconf 61' lang='lat' dir='ltr'><strong>ut:</strong></span> 
     </span>
     <span class='ocr_line' id='line_1_70' title="bbox 125 5557 1779 5714; baseline 0.008 -41"><span class='ocrx_word' id='word_1_850' title='bbox 125 5613 249 5673; x_wconf 89' lang='lat' dir='ltr'><strong>Plurima</strong></span> <span class='ocrx_word' id='word_1_851' title='bbox 263 5614 485 5673; x_wconf 85' lang='lat' dir='ltr'><strong>deocleberrimo</strong></span> <span class='ocrx_word' id='word_1_852' title='bbox 500 5614 554 5671; x_wconf 93' lang='lat' dir='ltr'><strong>hoc</strong></span> <span class='ocrx_word' id='word_1_853' title='bbox 572 5621 693 5687; x_wconf 81' lang='lat' dir='ltr'><strong>martyre</strong></span> <span class='ocrx_word' id='word_1_854' title='bbox 715 5630 731 5670; x_wconf 90' lang='lat' dir='ltr'><strong>a</strong></span> <span class='ocrx_word' id='word_1_855' title='bbox 752 5613 838 5670; x_wconf 85' lang='lat' dir='ltr'><strong>variis</strong></span> <span class='ocrx_word' id='word_1_856' title='bbox 849 5613 923 5669; x_wconf 84' lang='lat' dir='ltr'><strong>scri·</strong></span> <span class='ocrx_word' id='word_1_857' title='bbox 978 5566 1233 5678; x_wconf 54' lang='lat' dir='ltr'><strong>Tillcmrlilnst’iugluisu</strong></span> <span class='ocrx_word' id='word_1_858' title='bbox 1250 5557 1707 5709; x_wconf 41' lang='lat' dir='ltr'><strong>sshcisasrioszffllalhhmxsrltlaeomo·</strong></span> <span class='ocrx_word' id='word_1_859' title='bbox 1723 5572 1779 5714; x_wconf 36' lang='grc' dir='ltr'><strong>[ἓξ</strong></span> 
     </span>
    </p>
   </div>
   <div class='ocr_carea' id='block_1_15' title="bbox 121 5685 1784 5919">
    <p class='ocr_par' dir='ltr' id='par_1_15' title="bbox 121 5685 1784 5919">
     <span class='ocr_line' id='line_1_71' title="bbox 125 5685 1778 5817; baseline 0.01 -74"><span class='ocrx_word' id='word_1_860' title='bbox 125 5695 172 5817; x_wconf 48' lang='lat' dir='ltr'><strong>pta</strong></span> <span class='ocrx_word' id='word_1_861' title='bbox 192 5693 335 5767; x_wconf 87' lang='lat' dir='ltr'><strong>enumerat</strong></span> <span class='ocrx_word' id='word_1_862' title='bbox 356 5685 468 5742; x_wconf 89' lang='lat' dir='ltr'><strong>Barouii</strong></span> <span class='ocrx_word' id='word_1_863' title='bbox 496 5686 617 5754; x_wconf 86' lang='lat' dir='ltr'><strong>Notatio,</strong></span> <span class='ocrx_word' id='word_1_864' title='bbox 645 5685 789 5767; x_wconf 80' lang='lat' dir='ltr'><strong>selectiora</strong></span> <span class='ocrx_word' id='word_1_865' title='bbox 816 5685 923 5758; x_wconf 70' lang='lat' dir='ltr'><strong>colligit</strong></span> <span class='ocrx_word' id='word_1_866' title='bbox 977 5703 1037 5762; x_wconf 80' lang='lat' dir='ltr'><strong>pag.</strong></span> <span class='ocrx_word' id='word_1_867' title='bbox 1053 5691 1116 5775; x_wconf 68' lang='lat' dir='ltr'><strong>bid.</strong></span> <span class='ocrx_word' id='word_1_868' title='bbox 1131 5693 1269 5766; x_wconf 74' lang='lat' dir='ltr'><strong>Pelopiam</strong></span> <span class='ocrx_word' id='word_1_869' title='bbox 1284 5697 1404 5772; x_wconf 85' lang='lat' dir='ltr'><strong>aliquam</strong></span> <span class='ocrx_word' id='word_1_870' title='bbox 1419 5702 1449 5758; x_wconf 88' lang='lat' dir='ltr'><strong>in</strong></span> <span class='ocrx_word' id='word_1_871' title='bbox 1461 5702 1778 5783; x_wconf 61' lang='lat' dir='ltr'><strong>Hieronymum.</strong></span> 
     </span>
     <span class='ocr_line' id='line_1_72' title="bbox 134 5755 1776 5885; baseline -0.015 -67"><span class='ocrx_word' id='word_1_872' title='bbox 134 5756 465 5864; x_wconf 38' lang='lat' dir='ltr'><strong>&#39;illemoutiuatomollm</strong></span> <span class='ocrx_word' id='word_1_873' title='bbox 473 5772 537 5885; x_wconf 52' lang='lat' dir='ltr'><strong>geg.</strong></span> <span class='ocrx_word' id='word_1_874' title='bbox 548 5755 609 5838; x_wconf 76' lang='lat' dir='ltr'><strong>ite,</strong></span> <span class='ocrx_word' id='word_1_875' title='bbox 619 5755 668 5813; x_wconf 87' lang='lat' dir='ltr'><strong>ulii</strong></span> <span class='ocrx_word' id='word_1_876' title='bbox 679 5757 922 5829; x_wconf 77' lang='lat' dir='ltr'><strong>etllepctumcrtp-</strong></span> <span class='ocrx_word' id='word_1_877' title='bbox 977 5774 1079 5819; x_wconf 65' lang='lat' dir='ltr'><strong>moran</strong></span> <span class='ocrx_word' id='word_1_878' title='bbox 1095 5771 1201 5846; x_wconf 44' lang='lat' dir='ltr'><strong>penum</strong></span> <span class='ocrx_word' id='word_1_879' title='bbox 1216 5776 1266 5835; x_wconf 52' lang='grc' dir='ltr'><strong>Μ,</strong></span> <span class='ocrx_word' id='word_1_880' title='bbox 1288 5783 1322 5826; x_wconf 64' lang='lat' dir='ltr'><strong>,n</strong></span> <span class='ocrx_word' id='word_1_881' title='bbox 1337 5773 1517 5861; x_wconf 41' lang='lat' dir='ltr'><strong>Equitem</strong></span> <span class='ocrx_word' id='word_1_882' title='bbox 1529 5772 1610 5839; x_wconf 57' lang='lat' dir='ltr'><strong>mm</strong></span> <span class='ocrx_word' id='word_1_883' title='bbox 1625 5788 1698 5859; x_wconf 55' lang='lat' dir='ltr'><strong>m,</strong></span> <span class='ocrx_word' id='word_1_884' title='bbox 1708 5774 1776 5851; x_wconf 53' lang='lat' dir='ltr'>m</span> 
     </span>
     <span class='ocr_line' id='line_1_73' title="bbox 121 5829 1784 5919; baseline -0.005 -33"><span class='ocrx_word' id='word_1_885' title='bbox 121 5829 470 5899; x_wconf 73' lang='lat' dir='ltr'><strong>smetlllioscastsrassis</strong></span> <span class='ocrx_word' id='word_1_886' title='bbox 500 5834 921 5900; x_wconf 74' lang='lat' dir='ltr'><strong>racisuumuputumessossse·</strong></span> <span class='ocrx_word' id='word_1_887' title='bbox 976 5832 1561 5914; x_wconf 74' lang='lat' dir='ltr'><strong>rosolymrsabarcnloasorrbitur,duliitat</strong></span> <span class='ocrx_word' id='word_1_888' title='bbox 1570 5846 1784 5919; x_wconf 65' lang='lat' dir='ltr'><strong>Plancum.</strong></span> 
     </span>
    </p>
   </div>
   <div class='ocr_carea' id='block_1_16' title="bbox 0 0 1922 6136">
    <p class='ocr_par' dir='ltr' id='par_1_16' title="bbox 0 0 1922 6136">
     <span class='ocr_line' id='line_1_74' title="bbox 0 0 1922 6136; baseline 0 5"><span class='ocrx_word' id='word_1_889' title='bbox 0 0 1922 6136; x_wconf 95' lang='lat' dir='ltr'><strong> </strong></span> 
     </span>
    </p>
   </div>
  </div>
 </body>
</html>
