3840 6136
79 270 125 331 ttl
603 268 920 330 nnnulnouecluu.
940 301 976 315 -
995 270 1099 331 Mnus
1120 269 1200 333 ech.

1678 270 1730 335 622

78 403 180 542 3033,
192 414 259 479 xcvi
275 396 397 480 militum
409 405 573 471 martyrum.
585 400 744 471 Frontonis,
756 401 875 475 episcopi
892 407 916 463 Α
932 403 1047 473 praeside
1062 404 1220 460 Rictiovaro
1234 413 1339 476 agente,
1352 403 1442 475 gladio
1457 403 1598 469 trucidati,
1610 405 1729 476 glorioso

96 488 111 529 e
174 485 344 526 crucensis.»

109 543 282 601 Caunraean.
296 548 324 596 et
339 542 478 598 Aursxrs.
501 541 627 599 scribunt
641 553 671 599 ut
685 544 773 601 codex
788 546 879 608 Aoui-

77 631 165 672 crucr.
186 627 271 685 snpra
292 612 416 669 citatus:
445 614 505 670 ‹ln
529 631 598 688 pago
625 614 764 674 Turonieu
791 616 878 675 sancti

77 685 159 760 Spani
174 683 315 755 martyris.
332 708 342 730 ι

108 758 179 815 ure.
196 756 278 812 Suae.
295 755 419 827 signatus
429 772 506 812 num.
519 756 591 814 428:
617 783 625 807 ι
640 758 779 827 Corbeilo,
790 761 877 817 saneti

77 827 284 958 Lupiwepiseopi
299 836 326 883 et
341 826 516 883 confessoris.
533 852 542 875 ·
567 829 638 886 Vide
651 832 808 896 Devenere,
824 841 877 889 etc.

197 897 505 955 snse.suhnum.130
523 917 528 954 :
552 902 642 957 «Item
666 902 768 969 Roma,
789 903 879 959 Boni-

76 970 138 1028 lacii
153 986 241 1043 papae,
256 969 326 1026 Item
343 968 399 1027 Chr
421 969 492 1025 santi
506 978 533 1026 et
547 972 636 1028 Baria
647 981 810 1044 martyrum.
826 999 835 1023 ι

107 1041 250 1099 Varrcau.
277 1056 356 1097 num.
381 986 451 1098 sits
480 1041 555 1098 deest
579 1043 688 1101 Mioieti
714 1051 738 1099 et
764 1044 875 1101 Hilarii.

76 1111 238 1186 Adjicitur:
263 1111 441 1168 ‹Translatie
459 1114 547 1170 sancti
568 1114 761 1172 Bartholemaei
777 1117 810 1173 de
829 1116 878 1174 iu-

76 1185 133 1241 sula
143 1183 238 1256 Lipari
248 1182 278 1239 in
294 1183 496 1239 Beneventum.
512 1208 522 1231 ι

108 1256 280 1312 Fuonaurm.
292 1253 383 1337 primo
399 1255 459 1311 loco
473 1272 480 1310 :
504 1280 513 1303 ι
527 1256 609 1328 Apud
623 1258 801 1326 Florentiam,
818 1275 876 1329 pas·

75 1325 114 1383 sio
127 1326 220 1383 sahmi
231 1325 356 1384 Miuratis
366 1325 496 1398 martyris
510 1343 572 1382 cum
589 1329 671 1385 sociis
683 1330 751 1398 suis,
762 1329 809 1401 qui
824 1329 876 1386 sub

76 1397 160 1455 Decio
178 1409 297 1470 tyranno
312 1397 384 1471 passi
399 1405 465 1453 sunt
483 1413 556 1453 anno
579 1400 691 1456 Domini
715 1417 868 1457 ccxxviii.»

75 1468 156 1525 llaud
171 1468 256 1525 dubie
269 1471 350 1540 paulo
364 1469 463 1524 serius.
482 1469 581 1550 «Apud
596 1470 750 1528 Sardiniam
765 1472 794 1526 in
809 1471 876 1527 civi·

76 1547 133 1595 tate
147 1539 307 1607 Turritaua,
321 1538 407 1596 sancti
422 1539 537 1594 Gravius
561 1541 658 1597 militis
683 1551 711 1598 ιι
734 1542 875 1614 martyris,

96 1610 128 1665 ui
144 1609 344 1681 passusestsub
352 1610 467 1683 praeside
478 1611 609 1676 Darbaro,
621 1613 672 1668 sub
686 1615 876 1686 persecutione

78 1626 249 1737 hioeletiani
262 1688 289 1736 et
301 1681 457 1737 Maximiani
468 1683 695 1763 imperatorum.»
710 1686 741 1740 ln
752 1686 875 1741 Romano

933 475 1067 547 martyrio
1081 474 1204 532 coronati
1219 484 1293 533 sunt.
1312 501 1321 522 ι
1341 475 1372 531 ln
1387 474 1500 531 llliniate
1514 483 1541 530 et
1550 474 1655 531 Hilario
1664 476 1730 532 satis

933 561 1001 618 pura
1024 552 1074 601 est.
1099 548 1138 602 De
1161 546 1244 603 Beato
1266 557 1293 605 et
1319 545 1453 617 Benigno,
1477 552 1507 601 ut
1534 562 1615 617 supra
1643 546 1731 602 codex

933 618 1093 679 Anuremer.
1116 619 1256 675 Densum:
1290 617 1469 686 «Bituricae,
1494 618 1581 675 sancti
1598 616 1729 675 Dulcardi

933 688 1106 744 confessoris.
1118 712 1127 735 ι

969 759 1065 833 Basra.
1089 759 1188 832 incipit
1208 777 1224 816 a
1247 759 1403 832 Chrysanto
1426 767 1453 816 et
1473 759 1556 817 Daria
1577 760 1674 831 ferme,
1699 768 1731 819 ut

933 831 1081 886 Reswnrn.
1098 848 1189 902 supra.
1200 832 1270 887 Tum
1288 850 1294 887 :
1317 832 1408 886 ‹ltem
1424 832 1527 901 Rome,
1549 833 1638 888 natale
1662 849 1730 890 sau-

933 909 1039 958 ctorum
1054 902 1122 957 Mari
1144 910 1171 958 et
1194 919 1260 959 xuvr
1283 900 1414 970 militurn,
1443 927 1452 951 ι
1480 910 1533 960 ιιι.
1562 904 1729 961 Frontonem

933 973 1011 1044 ponit
1026 974 1127 1029 ultimo
1142 974 1212 1030 loeo.
1229 975 1265 1030 Et
1277 974 1305 1029 in
1317 974 1402 1029 altera
1412 974 1535 1030 editione
1548 975 1707 1048 superaddit
1721 993 1728 1032 :

940 1070 948 1091 ι
963 1043 1067 1100 Eodem
1082 1043 1137 1111 die,
1151 1044 1227 1101 Beati
1245 1053 1272 1101 et
1285 1045 1401 1117 Benigni
1415 1062 1478 1102 cum
1493 1046 1576 1103 sociis
1590 1063 1696 1104 eorum.
1712 1071 1723 1095 ι

931 1114 1037 1172 Deinde
1054 1133 1060 1171 :
1085 1116 1139 1171 «ln
1154 1115 1294 1172 territorio
1309 1115 1457 1186 Turonieo,
1468 1117 1584 1190 spani.»
1604 1118 1730 1194 Denique

931 1186 1028 1254 Remis,
1043 1187 1152 1253 delsini,
1167 1196 1304 1259 utsupra.

967 1256 1093 1313 Gnarus.
1111 1258 1138 1313 in
1154 1257 1208 1313 fine
1227 1277 1233 1314 :
1259 1259 1345 1329 «lpse
1369 1257 1413 1314 dle
1434 1258 1585 1316 secundum
1601 1259 1729 1317 Vincen-

931 1328 1000 1383 tinm
1015 1329 1064 1384 lib.
1082 1329 1116 1385 26
1132 1330 1273 1385 translatio
1288 1329 1376 1385 sancti
1391 1329 1586 1387 Bartholomaei
1599 1331 1727 1402 apostoli,

929 1398 964 1454 de
978 1399 1070 1454 insula
1081 1400 1247 1470 Luparitana
1257 1401 1445 1457 Beneventum
1459 1401 1532 1457 iacta
1548 1417 1620 1457 anne
1635 1403 1728 1458 Domi·

931 1469 960 1524 ni
975 1487 1104 1527 ncccvrn.
1122 1471 1224 1539 Rome,
1240 1479 1397 1528 sanctorum
1413 1480 1566 1543 martyrum
1582 1471 1727 1528 Maximini

930 1549 957 1595 et
967 1542 1606 1610 aliorumcxx.Eodemdie‚t·elsecundumalies
1614 1559 1642 1599 se
1662 1559 1727 1600 neu·

930 1613 962 1678 ti,
974 1611 1172 1679 nichomedia,
1183 1623 1340 1670 sanctorum
1352 1613 1479 1682 luciani,
1488 1615 1629 1681 Marciani,
1640 1559 1726 1682 filori,

930 1683 1048 1752 lleracli,
1067 1684 1142 1751 Tuti,
1158 1685 1273 1752 Flerini,
1288 1685 1362 1740 Beati
1373 1684 1535 1758 elBenigni,
1549 1693 1726 1758 martyrum,

77 1751 220 1807 habentur
230 1752 326 1807 Ρνοιιιι
345 1761 372 1809 et
394 1753 553 1809 deonerans.
571 1754 875 1811 Videobservationem
893 1753 1045 1818 Baliarum
1069 1771 1101 1809 ue
1116 1771 1178 1810 cum
1192 1755 1269 1828 ipsis.
1299 1756 1329 1810 ln
1350 1756 1450 1827 Anglia
1472 1756 1616 1813 translatio
1640 1758 1728 1814 saneti

74 1829 200 1878 nostram
211 1838 270 1877 xxx
279 1822 354 1880 Maii.
374 1849 382 1873 ι
397 1824 499 1892 Romae,
509 1825 596 1881 sancti
607 1825 743 1883 Beniiacii
754 1842 828 1899 papae
839 1827 874 1895 V,

73 1893 154 1967 qui,·
183 1900 237 1949 etc.
253 1893 325 1950 Vide
339 1892 398 1951 bae
411 1911 493 1966 supra
508 1895 652 1952 Bonitaeio
668 1899 679 1953 l
692 1904 820 1969 ascripta.

107 1966 311 2021 Bunnscaurn.
329 1983 335 2021 ε
364 1966 553 2038 «andegavis,
569 1969 712 2025 translatio
726 1969 814 2025 saneti
828 1968 876 2024 Al·

73 2033 142 2091 bini.
159 2059 170 2084 ·
190 2024 287 2091 Nataie
301 2046 344 2093 est
359 2055 368 2092 ι
381 2036 482 2093 Martii.

109 2106 269 2163 Luxevmn.
287 2126 293 2164 :
315 2108 585 2166 «Translatiosancti
596 2110 742 2177 Simeonis,
754 2109 876 2182 episcopi

74 2186 101 2234 ιι
115 2177 295 2245 contessoris,
308 2180 439 2235 Metensis
454 2181 577 2237 ecclesia
587 2183 703 2253 pastoris
714 2181 842 2253 piissimi.
859 2205 868 2228 ·

108 2248 234 2306 Munus.
254 2248 301 2306 SS.
317 2250 440 2307 Timoth.
465 2259 492 2308 et
506 2252 598 2324 Apoll.
617 2271 623 2308 :
647 2252 772 2320 «Remis,
788 2251 876 2308 sancti

76 2318 190 2389 Celsiui,
205 2319 338 2394 discipuli
353 2323 441 2379 sancti
452 2323 580 2394 Remigii.
595 2348 603 2370 ·

107 2390 209 2448 Ειιιτιο
220 2392 408 2450 huneco-Coc
422 2393 456 2450 de
470 2393 612 2450 Bonilacio
624 2394 680 2467 jam
698 2410 730 2450 su
751 2411 780 2450 ra
795 2393 877 2451 dictis

75 2460 224 2537 adjungit:
248 2464 320 2532 «Qui
337 2464 410 2521 rexit
426 2465 576 2521 Ecclesiam
592 2467 672 2522 annis
694 2411 793 2521 trihus.
813 2490 821 2511 ι
841 2467 877 2522 Ει

76 2544 230 2606 praterea:
253 2560 263 2583 ι
286 2535 376 2591 Etiam
404 2536 536 2605 decrevit,
559 2544 589 2592 ut
613 2539 690 2592 nulla
713 2538 813 2592 mulier
830 2544 878 2593 aut

76 2605 212 2662 monacha
226 2607 328 2678 pallam
342 2616 475 2663 sacratam
492 2609 585 2664 altaris
602 2616 722 2680 tangeret
738 2615 784 2663 aut
797 2608 877 2664 lava-

75 2683 125 2732 rat.
140 2675 198 2745 Qui
209 2678 334 2749 sepultus
349 2686 390 2734 est
401 2677 481 2750 juxta
500 2696 599 2750 corpus
618 2687 719 2735 saneta
744 2680 878 2735 Felicita-

75 2744 147 2804 tis·
170 2746 304 2822 Sequitur
324 2751 414 2821 prima
428 2757 455 2805 et
470 2751 590 2806 secunda
613 2751 787 2805 annuntiatio
811 2751 877 2807 satis

74 2833 154 2891 pura.
170 2818 262 2876 Tum:
287 2821 342 2876 ‹ln
358 2821 464 2888 Galliis,
481 2821 594 2878 civitate
608 2822 772 2889 Suessienis,
789 2821 878 2892 passio

75 2898 237 2948 ιιιιιιοιιιιιι
248 2891 365 2947 fratrum
378 2891 499 2964 Crispini
514 2900 541 2948 et
556 2893 733 2964 Crispiniani.
749 2892 801 2959 Qui
814 2909 877 2949 cum

74 2969 166 3018 essem
192 2962 361 3019 nobilissimi
387 2963 515 3031 Romani,
540 2972 651 3035 propter
676 2964 758 3021 fidem
774 2964 877 3020 Christi

74 3031 248 3090 dilatandam
263 3049 280 3089 a
294 3036 379 3091 Roma
398 3035 497 3107 egressi
524 3033 613 3108 [sunt]
640 3045 671 3092 ut
693 3035 816 3091 eamdem
840 3036 879 3090 tl-

74 3103 138 3161 dam
153 3104 225 3162 alibi
258 3104 430 3163 radicarent.
445 3107 483 3161 Mt
495 3123 668 3179 quocumque
678 3115 872 3180 pervenerunt,

75 3175 171 3232 nullus
184 3121 366 3248 eoshospitio
380 3178 500 3303 recipere
521 3178 694 3249 dignabatur,
718 3187 745 3235 et
767 3178 802 3233 ub
824 3177 876 3233 hoc

75 3261 139 3319 crgo
153 3256 241 3304 artem
256 3248 389 3305 sutoriam
405 3248 432 3304 di
456 3249 572 3317 icarum,
588 3257 618 3304 ut
633 3249 799 3321 pauperibus
814 3249 875 3304 snb·

76 3320 215 3387 venirent,
227 3319 275 3393 qui
289 3319 424 3393 quidquid
434 3336 470 3374 ex
479 3321 571 3376 olhcie
582 3320 680 3376 lucrati
695 3330 768 3387 sunt,
781 3328 879 3391 praeter

76 3388 300 3458 rictum,totnu1
321 3391 486 3462 pauperibus
505 3390 611 3462 elargiti
630 3398 704 3446 sunt.
722 3392 755 3446 Hi
772 3391 878 3446 inventi

77 3461 150 3533 qued
163 3460 318 3519 Christiani
333 3469 434 3530 essent,
455 3462 576 3518 fustibus
590 3471 655 3518 sunt
670 3463 732 3517 caesi
745 3469 826 3543 atque
845 3461 878 3515 ad

78 3533 194 3588 trocleas
205 3534 326 3598 extensi,
342 3533 423 3604 digiti
436 3549 530 3588 eorum
541 3533 650 3589 subulis
662 3533 798 3600 transfixi,
809 3533 880 3588 etde

79 3600 170 3660 dorsis
183 3618 279 3660 eorum
295 3619 344 3659 ora
358 3604 481 3676 praecisa,
498 3613 525 3660 et
539 3606 580 3661 sic
595 3603 713 3660 diversis
736 3604 881 3659 tormentis

77 3675 184 3741 uexati,
200 3674 252 3732 sub
265 3674 455 3748 persecutione
468 3674 636 3732 Diocletiani
658 3683 687 3732 et
708 3674 879 3742 Maximiani,

76 3832 135 3892 Vll
148 3834 215 3893 Καὶ.

930 1825 1043 1880 loannis
1082 1824 1238 1882 beraeensis
1253 1825 1372 1898 episcopi
1386 1835 1413 1882 et
1427 1826 1601 1883 contessoris.
1618 1829 1649 1883 ln
1660 1829 1728 1885 Nor·

931 1897 1051 1963 mannia,
1068 1896 1155 1952 sancti
1170 1897 1240 1969 Lupi
1254 1897 1346 1968 episco
1367 1897 1374 1951 i
1390 1897 1546 1969 Bajoeensis
1555 1906 1582 1954 et
1592 1899 1728 1955 confesso·

930 1967 978 2023 ris.
987 1966 1108 2022 Mamor-i
1120 1967 1240 2050 episcopi
1252 1977 1279 2025 et
1289 1914 1463 2023 cunihssoris.
1478 1968 1624 2037 Bituricae,
1640 1968 1728 2026 sancti

930 2037 1242 2095 Dulcardiconlesserrs
1255 2041 1323 2095 ltem
1338 2039 1482 2096 translatio
1493 2048 1650 2096 sanctorum
1660 2056 1730 2096 mar·

931 2117 1036 2180 tyrum,
1052 2108 1172 2165 Crisanti
1186 2119 1214 2166 et
1228 2111 1328 2175 Baria,
1344 2110 1378 2165 ab
1393 2110 1460 2166 urbe
1480 2112 1565 2168 Roma
1579 2110 1612 2166 ad
1629 2128 1730 2168 mona-

931 2179 1044 2236 sterium
1059 2181 1165 2252 Eystia.
1180 2205 1189 2227 ·

966 2252 1087 2318 Mosam,
1103 2261 1164 2323 pest
1178 2253 1285 2321 Petrus,
1303 2267 1338 2308 ex
1351 2250 1447 2308 Adone
1460 2252 1523 2308 aliis
1540 2253 1641 2309 litteris
1655 2254 1731 2325 adji-

931 2322 969 2378 cit
986 2341 1011 2376 :‹
1027 2322 1059 2377 lli
1075 2322 1201 2378 videntes
1211 2323 1245 2379 ad
1255 2340 1284 2378 se
1298 2324 1393 2379 venire
1404 2333 1533 2391 armatos,
1546 2324 1687 2396 rogabant,
1700 2333 1730 2380 ut

931 2393 1012 2467 primi
1025 2393 1237 2449 decollarentur.
1249 2394 1307 2450 Scri
1328 2401 1388 2449 turn
1401 2395 1478 2449 estin
1508 2394 1614 2449 assiene
1624 2403 1730 2450 saneto·

931 2481 992 2519 rum
1003 2464 1088 2529 Sixti;
1103 2464 1242 2544 laurentii
1258 2473 1285 2521 et
1300 2410 1453 2536 liippolyti.
1470 2412 1523 2521 «in
1535 2463 1589 2545 line
1599 2464 1633 2520 de
1643 2465 1730 2547 Chry·

931 2545 1010 2590 santo
1018 2537 1142 2602 etDarrn,
1156 2536 1210 2590 lere
1220 2543 1252 2590 ut
1260 2538 1406 2592 Rosweru.
1417 2535 1535 2592 «Eodem
1547 2535 1730 2607 dre,Ben1gni

931 2615 959 2662 et
972 2606 1047 2661 Beati
1062 2622 1125 2661 cum
1141 2606 1223 2661 sociis
1235 2622 1340 2662 eorum.
1366 2607 1397 2661 ln
1417 2606 1556 2662 territerio
1580 2607 1729 2674 'l'uronieo,

932 2678 1018 2734 sancti
1044 2677 1119 2767 Spati
1136 2679 1300 2749 martyris·
1323 2677 1394 2735 Vide
1409 2677 1569 2738 hodiernus.
1596 2702 1604 2723 ι
1627 2677 1729 2744 Rernis,

932 2751 1019 2806 sancti
1049 2748 1151 2805 Celsini
1174 2748 1339 2804 contessoris
1364 2756 1390 2802 ιι
1433 2747 1578 2820 resbyteri,
1602 2747 1731 2820 discipuli

932 2821 1005 2877 beati
1022 2820 1174 2891 Remigii·
1197 2821 1236 2875 De
1256 2820 1332 2891 erpe
1347 2826 1378 2873 ut
1429 2835 1548 2874 uneaor.
1571 2818 1732 2874 «Bonilacii

933 2909 1020 2965 papae,
1035 2892 1082 2964 qui
1098 2891 1169 2946 sedit
1184 2893 1287 2957 Romae,
1304 2906 1390 2944 annos
1404 2897 1469 2945 tres.
1487 2891 1538 2945 llic
1552 2890 1677 2961 sepultus
1691 2898 1732 2946 est

933 2965 979 3019 via
993 2963 1106 3028 Salaria,
1120 2962 1309 3034 juxtacorpus
1322 2968 1422 3016 sanctae
1437 2960 1597 3017 Felicitatis.
1609 2961 1732 3018 lliccon·

933 3034 1034 3102 stituit,
1050 3050 1170 3100 servum,
1194 3057 1204 3079 ι
1231 3041 1283 3088 ιιι.
1307 3031 1450 3087 Editiones
1464 3032 1524 3087 aliae
1537 3032 1567 3087 in
1582 3031 1642 3103 ipso
1655 3038 1733 3087 textu

894 3106 1085 3181 Gpraelrgunt,
1107 3104 1259 3173 chrysanti,
1276 3103 1376 3169 Duriae,
1399 3110 1423 3157 et
1441 3103 1555 3157 Diodori
1578 3102 1732 3173 presbyteri,

932 3189 984 3235 etc.
997 3177 1060 3231 Post
1074 3176 1180 3240 Petrus,
1197 3173 1270 3229 idem
1286 3173 1361 3255 quod
1376 3189 1467 3244 supra.
1483 3175 1513 3228 ln
1525 3172 1579 3228 line
1596 3191 1601 3227 :
1622 3174 1734 3244 Beoipni

932 3257 956 3305 et
969 3247 1056 3313 Beati,
1072 3245 1147 3316 Spnti
1159 3251 1182 3299 et
1199 3245 1307 3309 Celsior,
1323 3251 1354 3298 ιιι
1368 3260 1459 3315 supra.
1476 3245 1515 3299 De
1530 3243 1607 3315 Lupe
1621 3243 1734 3299 additur

934 3318 1086 3388 Bejeceosis
1098 3316 1222 3386 episcopi,
1239 3324 1291 3370 etc.
1316 3338 1325 3359 ι
1341 3315 1483 3385 Biturigae,
1498 3314 1653 3370 Ambiliaco
1668 3331 1734 3370 mo-

934 3388 1063 3455 nasterio,
1088 3387 1161 3442 beati
1184 3384 1315 3441 Dulcardi
1337 3385 1513 3441 contessoris.
1534 3386 1585 3440 Die
1600 3386 1733 3455 vigesima

934 3460 1031 3534 quinta
1040 3467 1198 3514 sanctorum
1216 3465 1367 3528 martyrum
1383 3463 1410 3510 et
1420 3456 1588 3510 notariorum
1605 3455 1733 3512 Martiani

933 3543 961 3588 ιι
974 3529 1110 3601 Martyrii.
1132 3530 1223 3586 Romae
1247 3527 1291 3584 via
1310 3526 1425 3595 Salaria,
1448 3526 1585 3584 Bouiiacii
1609 3542 1725 3600 papas.»

936 3603 1006 3661 Vide
1020 3600 1154 3673 superius.

1621 3834 1673 3897 Dte
1687 3837 1732 3898 26.

119 3924 201 3999 Apud
216 3924 344 3999 Africam,
360 3924 463 3988 natalis
477 3939 635 3988 sanctorum
651 3936 804 4003 martyrum
820 3928 962 4005 Rogatiani
981 3928 1135 4006 presbyteri
1150 3939 1177 3990 et
1191 3930 1368 4003 Felicissimi,
1384 3928 1431 4006 qui
1452 3928 1641 4005 persecutione
1654 3928 1729 3986 Decii

56 4025 110 4073 ει
123 4016 263 4074 Valeriani
276 4019 379 4075 illustri
398 4029 463 4078 sunt
479 4021 614 4092 martyrio
630 4023 765 4089 coronati,
780 4022 814 4078 de
832 4023 933 4095 quibus
947 4021 1030 4077 etiam
1046 4021 1143 4079 scribit
1157 4022 1253 4079 beatus
1267 4023 1423 4097 Cyprianus
1437 4020 1467 4077 in
1483 4020 1600 4092 epistola
1612 4017 1647 4075 ad
1661 4034 1733 4076 eon·

60 4102 206 4164 instares.
222 4105 343 4165 Ciuitate
357 4109 496 4179 Narbona,
512 4109 601 4167 saneti
616 4109 723 4167 Rustici
738 4111 861 4184 episcopi
875 4120 902 4168 et
916 4110 1092 4169 contessoris.

847 4234 966 4294 NOFAE.

115 4328 154 4390 lta
163 4331 288 4403 From,
304 4330 453 4404 Merioicn,
468 4334 624 4404 nomon,
637 4332 890 4405 dalton-Major,
906 4333 1052 4402 Munerat,
1068 4333 1178 4390 drevan
1189 4341 1217 4388 et
1230 4333 1333 4393 Melon.

687 4457 890 4516 VARIANTMS
911 4458 1116 4517 LECTIONES.

95 4556 146 4638 ‘lu
158 4557 247 4615 navis
264 4556 380 4627 haerent,
395 4564 426 4614 nt
441 4556 597 4687 Aptricem,
621 4556 762 4638 affricam,
787 4558 879 4629 Repe-

50 4629 158 4699 eust,
170 4629 327 4703 ciprianus.
341 4631 451 4688 Poterat
486 4630 704 4703 ntuerp.-MaJer
718 4645 732 4684 e
747 4645 878 4702 purorum

57 4704 194 4759 numero
219 4700 345 4771 excludi,
369 4701 434 4776 quia
457 4709 514 4758 tota
544 4700 678 4758 hodierna
703 4700 879 4758 annuntiatio

932 4559 1023 4632 prima
1036 4575 1119 4615 manu
1134 4557 1235 4615 emissa
1249 4563 1303 4625 est;
1330 4564 1357 4613 at
1378 4572 1442 4614 cum
1461 4555 1496 4613 ad
1510 4554 1606 4613 heram
1627 4552 1732 4613 codicis

931 4637 990 4686 tota
1006 4629 1123 4688 subinde
1137 4629 1256 4702 ascripta
1268 4635 1296 4686 et
1310 4644 1380 4701 pura
1394 4629 1441 4696 sit,
1456 4628 1548 4687 locum
1559 4627 1606 4687 hic
1620 4628 1646 4685 ei
1658 4626 1734 4684 dedi·

934 4718 1005 4759 mus.
1703 4722 1715 4740 ·

754 4816 1057 4876 OBSERVATIONES.

114 4911 280 4999 Ιιοφιὶιιιιιιι
299 4919 328 4972 ιι
349 4915 528 4973 Felicissimae
550 4932 649 4989 aegra

72 4985 189 5059 ξιιίιιιι,
204 4987 297 5057 Beda,
311 4987 403 5055 Floro,
417 4987 538 5056 Rabano,
585 4932 746 5044 andaiberte
761 4998 879 5060 prater-

76 5057 125 5126 ιιι,
137 5056 172 5116 ab
184 5067 299 5116 auctore
312 5059 428 5116 Romani
443 5060 521 5132 parvi
537 5060 656 5132 primum
670 5059 878 5134 consignantur,

81 5118 126 5184 bis
136 5130 231 5187 sorbis
244 5149 250 5187 :
268 5130 572 5202 transrhenanorum
583 5131 731 5202 presbyteri
743 5131 879 5186 etFelicia·

86 5196 141 5278 lixi
156 5202 299 5273 martyria
313 5201 379 5268 Qua
395 5211 525 5274 praterea
539 5203 620 5276 paule
636 5202 725 5258 fusius
735 5211 762 5258 et
774 5203 879 5274 elegan-

89 5270 138 5327 hus
146 5273 265 5346 exponit
279 5280 371 5329 textus
386 5281 488 5341 noster,
502 5289 533 5329 ea
548 5289 582 5328 ex
597 5272 694 5329 Adone
713 5273 748 5330 ad
766 5273 879 5329 verbum

93 5336 226 5417 desumpta
243 5353 320 5411 sunt,
344 5344 455 5400 exclusa
479 5343 613 5400 duntaxat
638 5344 729 5416 magni
748 5344 789 5416 Cy
809 5344 880 5400 riani

93 5413 332 5496 commendatione,
354 5432 389 5497 ex
408 5416 523 5496 epistola
546 5414 604 5496 ejus
627 5414 673 5483 81,
697 5416 767 5487 apud
792 5362 880 5498 ilion-

92 5497 193 5543 utusem
208 5492 334 5555 recitata,
348 5503 492 5552 nimirum,
509 5493 609 5559 inquit,
633 5493 662 5540 nt
683 5504 830 5557 separemeni
852 5489 881 5542 io

93 5557 201 5613 emtum
221 5559 400 5629 Repetienum
418 5559 633 5629 presbyterum...
659 5559 706 5628 qui
726 5575 784 5613 earn
805 5560 881 5613 Feli-

92 5625 184 5685 n'saa'mo
197 5628 289 5699 [rutra
306 5634 407 5697 nostre,
422 5629 508 5711 quieto
525 5645 626 5700 semper
647 5636 670 5683 ιι
687 5630 786 5696 sobrio,
806 5631 881 5685 enci-

85 5698 154 5769 pieac
165 5700 321 5772 ferocientis
341 5701 435 5772 popula
458 5701 592 5772 impetum,
616 5708 668 5756 etc.
695 5701 790 5755 Plures
814 5701 882 5757 alias

88 5768 204 5842 amem
215 5771 257 5844 Cy
279 5771 348 5827 riani
364 5772 493 5843 epistolas
506 5772 625 5853 appellat
639 5771 774 5827 Batonius
787 5771 816 5826 in
830 5773 881 5828 No·

86 5842 198 5917 ιιιιιιιι,
213 5849 243 5900 ιι
256 5788 291 5899 Se
304 5842 426 5916 pretatis
442 5852 545 5900 sancus
558 5842 647 5899 fusius
662 5850 759 5900 tractat
773 5851 847 5900 tomo
857 5844 882 5900 ll

669 4915 713 4973 his
738 4916 881 4990 Hierony·
895 4918 917 4977 d
932 4916 1095 4986 Annalium,
1105 4916 1139 4973 ad
1149 4933 1252 4974 annum
1265 4918 1328 4988 253,
1340 4934 1417 4976 num.
1432 4917 1486 4985 ih
1502 4921 1568 4977 item
1578 4919 1641 4989 tal,
1653 4937 1731 4978 num.

933 4988 977 5057 35,
993 4988 1040 5045 sed
1055 4989 1220 5062 expressius,
1238 4989 1272 5046 ad
1289 4990 1352 5059 209,
1367 5007 1444 5047 num.
1464 4991 1499 5048 tu
1520 4998 1547 5047 et
1560 4991 1606 5059 60,
1623 4991 1671 5047 ubi
1684 5007 1733 5047 re-

934 5068 1018 5132 ceptae
1032 5059 1218 5133 chronologiae
1230 5061 1365 5117 rationem
1380 5061 1491 5117 videtur
1506 5062 1648 5128 excedere,
1663 5078 1732 5118 san-

933 5139 1042 5188 ctorum
1053 5131 1169 5200 obitum,
1184 5139 1280 5189 contra
1289 5141 1383 5190 textus
1393 5133 1479 5188 nostri
1489 5133 1680 5188 auctoritatem
1691 5133 1731 5189 ni-

935 5202 1022 5258 mium
1032 5201 1171 5271 differens,
1182 5220 1236 5276 qua
1246 5204 1316 5260 sorte
1325 5220 1417 5271 causa,
1430 5204 1457 5259 in
1468 5203 1731 5261 hodiernellemauo

935 5282 1040 5329 mutata
1054 5271 1250 5346 imperatorum
1265 5276 1378 5330 nomina
1388 5273 1643 5330 animadvertimus.
1659 5276 1731 5331 Inte·

935 5345 986 5399 rim
1001 5361 1036 5399 ex
1051 5345 1180 5417 praedicta
1203 5345 1335 5418 Cypriani
1359 5346 1473 5417 epistola
1496 5343 1529 5399 8l
1547 5345 1729 5471 festissimum

935 5415 1038 5472 eruisse
1053 5415 1184 5472 videntur
1196 5416 1375 5488 Martyrologi
1390 5415 1476 5470 nostri
1492 5431 1546 5486 quo
1580 5416 1613 5471 dc
1628 5417 1730 5473 illustri

935 5488 1060 5558 martyrii
1074 5505 1171 5543 corone
1180 5487 1329 5569 pradicant
1340 5505 1347 5553 ;
1358 5503 1392 5541 an
1403 5488 1469 5541 satis
1478 5494 1563 5552 certo,
1576 5503 1629 5542 non
1641 5489 1729 5544 ausim

935 5574 1053 5614 asserere
1071 5578 1076 5614 :
1093 5575 1156 5615 nam
1171 5577 1195 5615 sr
1211 5575 1276 5615 vera
1294 5567 1358 5614 sunt
1375 5574 1435 5628 nure
1456 5566 1581 5614 accurate
1605 5558 1732 5615 observat

935 5630 1129 5687 Tillemontius
1144 5638 1218 5687 temo
1230 5631 1277 5696 Ill,
1293 5647 1352 5702 pag.
1370 5630 1432 5697 38³,
1444 5646 1536 5700 passos
1546 5630 1657 5702 quidem
1667 5646 1732 5685 corr-

936 5710 990 5757 stat
1006 5701 1187 5773 Rogatianum
1211 5708 1237 5757 et
1260 5700 1461 5757 Felicissimum
1478 5701 1567 5774 primo
1581 5701 1640 5774 ipse
1655 5701 1733 5771 [ero-

937 5771 1028 5826 eientir
1040 5772 1134 5843 populi
1144 5772 1253 5843 impetu,
1268 5780 1296 5827 at
1305 5772 1334 5828 in
1347 5775 1494 5830 tormentis
1504 5772 1588 5828 vitam
1601 5772 1733 5844 posuisse,

938 5858 996 5899 uon
1008 5843 1085 5898 item.
1104 5842 1241 5899 Notlrerus
1255 5841 1363 5900 divorsa
1377 5843 1411 5901 ab
1427 5844 1525 5902 Adone
1538 5842 1637 5917 phrasi
1647 5841 1743 5899 ntitas
