<?xml version="1.0" encoding="UTF-8"?>
<!DOCTYPE html PUBLIC "-//W3C//DTD XHTML 1.0 Transitional//EN"
    "http://www.w3.org/TR/xhtml1/DTD/xhtml1-transitional.dtd">
<html xmlns="http://www.w3.org/1999/xhtml" xml:lang="en" lang="en">
 <head>
  <title>
</title>
<meta http-equiv="Content-Type" content="text/html;charset=utf-8" />
  <meta name='ocr-system' content='tesseract 3.04.00' />
  <meta name='ocr-capabilities' content='ocr_page ocr_carea ocr_par ocr_line ocrx_word'/>
</head>
<body>
  <div class='ocr_page' id='page_1' title='image "./patrologiaecurs76unkngoog_0563.png"; bbox 0 0 3834 6136; ppageno 0'>
   <div class='ocr_carea' id='block_1_1' title="bbox 226 259 298 318">
    <p class='ocr_par' dir='ltr' id='par_1_1' title="bbox 226 259 298 318">
     <span class='ocr_line' id='line_1_1' title="bbox 226 259 298 318; baseline 0 0"><span class='ocrx_word' id='word_1_1' title='bbox 226 259 298 318; x_wconf 79' lang='lat' dir='ltr'>ttlt</span> 
     </span>
    </p>
   </div>
   <div class='ocr_carea' id='block_1_2' title="bbox 742 213 1352 310">
    <p class='ocr_par' dir='ltr' id='par_1_2' title="bbox 742 213 1352 310">
     <span class='ocr_line' id='line_1_2' title="bbox 742 213 1352 310; baseline -0.01 0"><span class='ocrx_word' id='word_1_2' title='bbox 742 249 869 310; x_wconf 89' lang='lat' dir='ltr'>oooms</span> <span class='ocrx_word' id='word_1_3' title='bbox 887 213 1177 307; x_wconf 82' lang='lat' dir='ltr'>euuuovteuusrs</span> <span class='ocrx_word' id='word_1_4' title='bbox 1194 236 1352 306; x_wconf 80' lang='lat' dir='ltr'>miscent</span> 
     </span>
    </p>
   </div>
   <div class='ocr_carea' id='block_1_3' title="bbox 1808 245 1872 304">
    <p class='ocr_par' dir='ltr' id='par_1_3' title="bbox 1808 245 1872 304">
     <span class='ocr_line' id='line_1_3' title="bbox 1808 245 1872 304; baseline 0.031 -2"><span class='ocrx_word' id='word_1_5' title='bbox 1808 245 1872 304; x_wconf 76' lang='lat' dir='ltr'>lili</span> 
     </span>
    </p>
   </div>
   <div class='ocr_carea' id='block_1_4' title="bbox 222 402 1873 491">
    <p class='ocr_par' dir='ltr' id='par_1_4' title="bbox 222 402 1873 491">
     <span class='ocr_line' id='line_1_4' title="bbox 222 402 1873 491; baseline -0.008 -17"><span class='ocrx_word' id='word_1_6' title='bbox 222 414 416 491; x_wconf 78' lang='lat' dir='ltr'><strong>superstitione</strong></span> <span class='ocrx_word' id='word_1_7' title='bbox 426 419 453 469; x_wconf 92' lang='lat' dir='ltr'>et</span> <span class='ocrx_word' id='word_1_8' title='bbox 463 411 571 469; x_wconf 91' lang='lat' dir='ltr'>cultura</span> <span class='ocrx_word' id='word_1_9' title='bbox 581 408 731 474; x_wconf 90' lang='lat' dir='ltr'>idolorum,</span> <span class='ocrx_word' id='word_1_10' title='bbox 742 415 853 481; x_wconf 89' lang='lat' dir='ltr'>propter</span> <span class='ocrx_word' id='word_1_11' title='bbox 864 406 935 464; x_wconf 92' lang='lat' dir='ltr'>illud</span> <span class='ocrx_word' id='word_1_12' title='bbox 947 406 1020 481; x_wconf 93' lang='lat' dir='ltr'>quod</span> <span class='ocrx_word' id='word_1_13' title='bbox 1036 409 1063 469; x_wconf 81' lang='grc' dir='ltr'><strong>Α</strong></span> <span class='ocrx_word' id='word_1_14' title='bbox 1077 408 1161 477; x_wconf 91' lang='lat' dir='ltr'>stnlo,</span> <span class='ocrx_word' id='word_1_15' title='bbox 1186 415 1268 483; x_wconf 87' lang='lat' dir='ltr'>atque</span> <span class='ocrx_word' id='word_1_16' title='bbox 1293 419 1349 461; x_wconf 91' lang='lat' dir='ltr'>uua</span> <span class='ocrx_word' id='word_1_17' title='bbox 1367 419 1430 463; x_wconf 87' lang='lat' dir='ltr'>cnm</span> <span class='ocrx_word' id='word_1_18' title='bbox 1445 403 1546 462; x_wconf 90' lang='lat' dir='ltr'>sanctis</span> <span class='ocrx_word' id='word_1_19' title='bbox 1560 402 1618 460; x_wconf 89' lang='lat' dir='ltr'>suis</span> <span class='ocrx_word' id='word_1_20' title='bbox 1633 402 1873 464; x_wconf 88' lang='lat' dir='ltr'>commilitonibus</span> 
     </span>
    </p>
   </div>
   <div class='ocr_carea' id='block_1_5' title="bbox 222 498 1021 1744">
    <p class='ocr_par' dir='ltr' id='par_1_5' title="bbox 222 498 1021 1744">
     <span class='ocr_line' id='line_1_5' title="bbox 223 498 1021 579; baseline -0.015 -14"><span class='ocrx_word' id='word_1_21' title='bbox 223 507 332 567; x_wconf 85' lang='lat' dir='ltr'>canitur</span> <span class='ocrx_word' id='word_1_22' title='bbox 346 506 374 563; x_wconf 93' lang='lat' dir='ltr'>iu</span> <span class='ocrx_word' id='word_1_23' title='bbox 390 504 496 579; x_wconf 89' lang='lat' dir='ltr'>psalmo</span> <span class='ocrx_word' id='word_1_24' title='bbox 513 519 518 557; x_wconf 93' lang='lat'>:</span> <span class='ocrx_word' id='word_1_25' title='bbox 535 507 625 558; x_wconf 82' lang='lat' dir='ltr'>euntes</span> <span class='ocrx_word' id='word_1_26' title='bbox 644 498 719 555; x_wconf 84' lang='lat' dir='ltr'>ibent</span> <span class='ocrx_word' id='word_1_27' title='bbox 732 504 756 555; x_wconf 88' lang='lat' dir='ltr'>ct</span> <span class='ocrx_word' id='word_1_28' title='bbox 777 499 874 570; x_wconf 77' lang='lat' dir='ltr'>{tebout</span> <span class='ocrx_word' id='word_1_29' title='bbox 894 498 1021 554; x_wconf 85' lang='lat' dir='ltr'>mittentes</span> 
     </span>
     <span class='ocr_line' id='line_1_6' title="bbox 223 587 1020 666; baseline -0.014 -12"><span class='ocrx_word' id='word_1_30' title='bbox 223 597 322 654; x_wconf 76' lang='lat' dir='ltr'>umine</span> <span class='ocrx_word' id='word_1_31' title='bbox 337 613 386 650; x_wconf 88' lang='lat' dir='ltr'>suu</span> <span class='ocrx_word' id='word_1_32' title='bbox 401 613 412 661; x_wconf 91' lang='lat'><em>;</em></span> <span class='ocrx_word' id='word_1_33' title='bbox 425 602 452 650; x_wconf 91' lang='lat' dir='ltr'>et</span> <span class='ocrx_word' id='word_1_34' title='bbox 466 608 527 666; x_wconf 79' lang='lat' dir='ltr'>que</span> <span class='ocrx_word' id='word_1_35' title='bbox 540 598 681 664; x_wconf 88' lang='lat' dir='ltr'>acceperat</span> <span class='ocrx_word' id='word_1_36' title='bbox 695 605 726 647; x_wconf 89' lang='lat' dir='ltr'>ac</span> <span class='ocrx_word' id='word_1_37' title='bbox 739 589 763 645; x_wconf 91' lang='lat' dir='ltr'>si</span> <span class='ocrx_word' id='word_1_38' title='bbox 779 588 869 644; x_wconf 89' lang='lat' dir='ltr'>fidelis</span> <span class='ocrx_word' id='word_1_39' title='bbox 882 587 1020 660; x_wconf 87' lang='lat' dir='ltr'>dispensa·</span> 
     </span>
     <span class='ocr_line' id='line_1_7' title="bbox 222 677 1020 761; baseline -0.013 -18"><span class='ocrx_word' id='word_1_40' title='bbox 222 692 389 761; x_wconf 89' lang='lat' dir='ltr'>tererogaret</span> <span class='ocrx_word' id='word_1_41' title='bbox 406 683 436 740; x_wconf 93' lang='lat' dir='ltr'>iu</span> <span class='ocrx_word' id='word_1_42' title='bbox 461 682 573 756; x_wconf 89' lang='lat' dir='ltr'>populo.</span> <span class='ocrx_word' id='word_1_43' title='bbox 590 679 642 738; x_wconf 85' lang='lat' dir='ltr'>Sed</span> <span class='ocrx_word' id='word_1_44' title='bbox 658 679 785 737; x_wconf 88' lang='lat' dir='ltr'>homines</span> <span class='ocrx_word' id='word_1_45' title='bbox 799 678 852 735; x_wconf 90' lang='lat' dir='ltr'>loci</span> <span class='ocrx_word' id='word_1_46' title='bbox 863 677 938 734; x_wconf 90' lang='lat' dir='ltr'>illius</span> <span class='ocrx_word' id='word_1_47' title='bbox 957 693 1020 735; x_wconf 93' lang='lat' dir='ltr'>cum</span> 
     </span>
     <span class='ocr_line' id='line_1_8' title="bbox 223 768 1021 847; baseline -0.014 -13"><span class='ocrx_word' id='word_1_48' title='bbox 223 785 313 834; x_wconf 88' lang='lat' dir='ltr'>essent</span> <span class='ocrx_word' id='word_1_49' title='bbox 327 775 418 833; x_wconf 90' lang='lat' dir='ltr'>adbuc</span> <span class='ocrx_word' id='word_1_50' title='bbox 432 772 556 847; x_wconf 87' lang='lat' dir='ltr'>gentiles,</span> <span class='ocrx_word' id='word_1_51' title='bbox 574 779 600 827; x_wconf 92' lang='lat' dir='ltr'>et</span> <span class='ocrx_word' id='word_1_52' title='bbox 617 770 736 826; x_wconf 91' lang='lat' dir='ltr'>nimium</span> <span class='ocrx_word' id='word_1_53' title='bbox 751 768 888 826; x_wconf 90' lang='lat' dir='ltr'>idolorum</span> <span class='ocrx_word' id='word_1_54' title='bbox 899 768 1021 824; x_wconf 90' lang='lat' dir='ltr'>cultibus</span> 
     </span>
     <span class='ocr_line' id='line_1_9' title="bbox 222 858 1019 939; baseline -0.011 -17"><span class='ocrx_word' id='word_1_55' title='bbox 222 865 371 939; x_wconf 90' lang='lat' dir='ltr'>implicati,</span> <span class='ocrx_word' id='word_1_56' title='bbox 387 862 504 935; x_wconf 89' lang='lat' dir='ltr'>injurias</span> <span class='ocrx_word' id='word_1_57' title='bbox 514 861 630 918; x_wconf 91' lang='lat' dir='ltr'>deornm</span> <span class='ocrx_word' id='word_1_58' title='bbox 640 875 752 915; x_wconf 91' lang='lat' dir='ltr'>snorum</span> <span class='ocrx_word' id='word_1_59' title='bbox 763 873 818 914; x_wconf 90' lang='lat' dir='ltr'>non</span> <span class='ocrx_word' id='word_1_60' title='bbox 834 858 962 925; x_wconf 88' lang='lat' dir='ltr'>ferentes,</span> <span class='ocrx_word' id='word_1_61' title='bbox 974 872 1019 913; x_wconf 93' lang='lat' dir='ltr'>ne-</span> 
     </span>
     <span class='ocr_line' id='line_1_10' title="bbox 224 948 1017 1029; baseline -0.01 -17"><span class='ocrx_word' id='word_1_62' title='bbox 224 972 277 1029; x_wconf 90' lang='lat' dir='ltr'>que</span> <span class='ocrx_word' id='word_1_63' title='bbox 294 954 347 1011; x_wconf 93' lang='lat' dir='ltr'>sibi</span> <span class='ocrx_word' id='word_1_64' title='bbox 362 953 475 1009; x_wconf 88' lang='lat' dir='ltr'>verbum</span> <span class='ocrx_word' id='word_1_65' title='bbox 492 949 674 1022; x_wconf 85' lang='lat' dir='ltr'>evangelizari</span> <span class='ocrx_word' id='word_1_66' title='bbox 690 948 828 1016; x_wconf 88' lang='lat' dir='ltr'>divinum,</span> <span class='ocrx_word' id='word_1_67' title='bbox 843 965 908 1004; x_wconf 84' lang='lat' dir='ltr'>mor</span> <span class='ocrx_word' id='word_1_68' title='bbox 918 964 1017 1021; x_wconf 87' lang='lat' dir='ltr'>oppre-</span> 
     </span>
     <span class='ocr_line' id='line_1_11' title="bbox 224 1039 1020 1106; baseline -0.01 -5"><span class='ocrx_word' id='word_1_69' title='bbox 224 1045 348 1102; x_wconf 90' lang='lat' dir='ltr'>hendunt</span> <span class='ocrx_word' id='word_1_70' title='bbox 360 1042 563 1100; x_wconf 89' lang='lat' dir='ltr'>sanctissimum</span> <span class='ocrx_word' id='word_1_71' title='bbox 578 1040 741 1106; x_wconf 86' lang='lat' dir='ltr'>Luciannm,</span> <span class='ocrx_word' id='word_1_72' title='bbox 753 1048 779 1095; x_wconf 92' lang='lat' dir='ltr'>et</span> <span class='ocrx_word' id='word_1_73' title='bbox 794 1039 971 1096; x_wconf 87' lang='lat' dir='ltr'>contumeliis</span> <span class='ocrx_word' id='word_1_74' title='bbox 982 1039 1020 1094; x_wconf 90' lang='lat' dir='ltr'>af·</span> 
     </span>
     <span class='ocr_line' id='line_1_12' title="bbox 225 1125 1019 1205; baseline -0.01 -14"><span class='ocrx_word' id='word_1_75' title='bbox 225 1134 326 1192; x_wconf 92' lang='lat' dir='ltr'>fectum</span> <span class='ocrx_word' id='word_1_76' title='bbox 341 1138 506 1205; x_wconf 85' lang='lat' dir='ltr'>possuerunt</span> <span class='ocrx_word' id='word_1_77' title='bbox 516 1146 576 1186; x_wconf 92' lang='lat' dir='ltr'>eum</span> <span class='ocrx_word' id='word_1_78' title='bbox 588 1131 617 1186; x_wconf 92' lang='lat' dir='ltr'>in</span> <span class='ocrx_word' id='word_1_79' title='bbox 632 1127 758 1186; x_wconf 90' lang='lat' dir='ltr'>custodia</span> <span class='ocrx_word' id='word_1_80' title='bbox 768 1128 887 1200; x_wconf 88' lang='lat' dir='ltr'>publica,</span> <span class='ocrx_word' id='word_1_81' title='bbox 901 1144 961 1200; x_wconf 76' lang='lat' dir='ltr'>quae</span> <span class='ocrx_word' id='word_1_82' title='bbox 974 1125 1019 1183; x_wconf 91' lang='lat' dir='ltr'>ad·</span> 
     </span>
     <span class='ocr_line' id='line_1_13' title="bbox 227 1217 1020 1282; baseline -0.011 -2"><span class='ocrx_word' id='word_1_83' title='bbox 227 1226 281 1282; x_wconf 89' lang='lat' dir='ltr'>hnc</span> <span class='ocrx_word' id='word_1_84' title='bbox 295 1221 377 1279; x_wconf 92' lang='lat' dir='ltr'>hodie</span> <span class='ocrx_word' id='word_1_85' title='bbox 387 1228 556 1278; x_wconf 89' lang='lat' dir='ltr'>monstratur</span> <span class='ocrx_word' id='word_1_86' title='bbox 569 1217 699 1276; x_wconf 91' lang='lat' dir='ltr'>omnibus</span> <span class='ocrx_word' id='word_1_87' title='bbox 712 1220 781 1274; x_wconf 90' lang='lat' dir='ltr'>eoin</span> <span class='ocrx_word' id='word_1_88' title='bbox 797 1217 856 1273; x_wconf 92' lang='lat' dir='ltr'>loco</span> <span class='ocrx_word' id='word_1_89' title='bbox 871 1225 1020 1273; x_wconf 89' lang='lat' dir='ltr'>transeun-</span> 
     </span>
     <span class='ocr_line' id='line_1_14' title="bbox 223 1306 1020 1384; baseline -0.009 -16"><span class='ocrx_word' id='word_1_90' title='bbox 223 1313 308 1370; x_wconf 89' lang='lat' dir='ltr'>tibus.</span> <span class='ocrx_word' id='word_1_91' title='bbox 325 1313 356 1368; x_wconf 92' lang='lat' dir='ltr'>ln</span> <span class='ocrx_word' id='word_1_92' title='bbox 375 1327 429 1384; x_wconf 91' lang='lat' dir='ltr'>qna</span> <span class='ocrx_word' id='word_1_93' title='bbox 454 1325 518 1366; x_wconf 91' lang='lat' dir='ltr'>eum</span> <span class='ocrx_word' id='word_1_94' title='bbox 539 1309 739 1382; x_wconf 80' lang='lat' dir='ltr'>ingrederetur,</span> <span class='ocrx_word' id='word_1_95' title='bbox 768 1323 866 1381; x_wconf 93' lang='lat' dir='ltr'>magno</span> <span class='ocrx_word' id='word_1_96' title='bbox 888 1306 1020 1379; x_wconf 76' lang='lat' dir='ltr'>psallebat</span> 
     </span>
     <span class='ocr_line' id='line_1_15' title="bbox 222 1396 1021 1474; baseline -0.011 -14"><span class='ocrx_word' id='word_1_97' title='bbox 222 1418 285 1460; x_wconf 90' lang='lat' dir='ltr'>cum</span> <span class='ocrx_word' id='word_1_98' title='bbox 300 1400 411 1474; x_wconf 90' lang='lat' dir='ltr'>gaudio,</span> <span class='ocrx_word' id='word_1_99' title='bbox 428 1399 467 1455; x_wconf 94' lang='lat' dir='ltr'>ita</span> <span class='ocrx_word' id='word_1_100' title='bbox 477 1398 572 1456; x_wconf 91' lang='lat' dir='ltr'>diceus</span> <span class='ocrx_word' id='word_1_101' title='bbox 589 1418 595 1456; x_wconf 91' lang='lat'>:</span> <span class='ocrx_word' id='word_1_102' title='bbox 611 1398 706 1455; x_wconf 83' lang='lat' dir='ltr'>Deduc</span> <span class='ocrx_word' id='word_1_103' title='bbox 721 1415 773 1465; x_wconf 89' lang='lat' dir='ltr'>me,</span> <span class='ocrx_word' id='word_1_104' title='bbox 789 1397 915 1465; x_wconf 78' lang='lat' dir='ltr'>Domine,</span> <span class='ocrx_word' id='word_1_105' title='bbox 932 1397 961 1453; x_wconf 93' lang='lat' dir='ltr'>in</span> <span class='ocrx_word' id='word_1_106' title='bbox 975 1396 1021 1452; x_wconf 90' lang='lat' dir='ltr'>via</span> 
     </span>
     <span class='ocr_line' id='line_1_16' title="bbox 224 1486 1020 1563; baseline -0.011 -12"><span class='ocrx_word' id='word_1_107' title='bbox 224 1503 281 1561; x_wconf 92' lang='lat' dir='ltr'>tua,</span> <span class='ocrx_word' id='word_1_108' title='bbox 297 1499 324 1548; x_wconf 93' lang='lat' dir='ltr'>et</span> <span class='ocrx_word' id='word_1_109' title='bbox 335 1490 474 1563; x_wconf 89' lang='lat' dir='ltr'>ingrediar</span> <span class='ocrx_word' id='word_1_110' title='bbox 487 1490 516 1545; x_wconf 91' lang='lat' dir='ltr'>in</span> <span class='ocrx_word' id='word_1_111' title='bbox 527 1489 644 1545; x_wconf 80' lang='lat' dir='ltr'>veritate</span> <span class='ocrx_word' id='word_1_112' title='bbox 654 1496 805 1561; x_wconf 90' lang='lat' dir='ltr'>tua;atqne</span> <span class='ocrx_word' id='word_1_113' title='bbox 818 1487 887 1544; x_wconf 90' lang='lat' dir='ltr'>illud</span> <span class='ocrx_word' id='word_1_114' title='bbox 900 1505 905 1541; x_wconf 95' lang='lat'><strong>:</strong></span> <span class='ocrx_word' id='word_1_115' title='bbox 918 1486 1020 1543; x_wconf 80' lang='lat' dir='ltr'>Perfice</span> 
     </span>
     <span class='ocr_line' id='line_1_17' title="bbox 222 1579 1019 1654; baseline -0.005 -18"><span class='ocrx_word' id='word_1_116' title='bbox 222 1598 329 1654; x_wconf 82' lang='lat' dir='ltr'>gressus</span> <span class='ocrx_word' id='word_1_117' title='bbox 346 1597 420 1637; x_wconf 90' lang='lat' dir='ltr'>meos</span> <span class='ocrx_word' id='word_1_118' title='bbox 431 1579 461 1636; x_wconf 92' lang='lat' dir='ltr'>in</span> <span class='ocrx_word' id='word_1_119' title='bbox 475 1579 581 1637; x_wconf 89' lang='lat' dir='ltr'>semitis</span> <span class='ocrx_word' id='word_1_120' title='bbox 596 1579 663 1648; x_wconf 91' lang='lat' dir='ltr'>tuis,</span> <span class='ocrx_word' id='word_1_121' title='bbox 680 1586 711 1634; x_wconf 92' lang='lat' dir='ltr'>ut</span> <span class='ocrx_word' id='word_1_122' title='bbox 726 1594 782 1635; x_wconf 91' lang='lat' dir='ltr'>uon</span> <span class='ocrx_word' id='word_1_123' title='bbox 798 1584 962 1633; x_wconf 83' lang='lat' dir='ltr'>moueantur</span> <span class='ocrx_word' id='word_1_124' title='bbox 975 1592 1019 1632; x_wconf 87' lang='lat' dir='ltr'>ve·</span> 
     </span>
     <span class='ocr_line' id='line_1_18' title="bbox 223 1671 388 1744; baseline -0.012 -16"><span class='ocrx_word' id='word_1_125' title='bbox 223 1671 304 1744; x_wconf 88' lang='lat' dir='ltr'>stigia</span> <span class='ocrx_word' id='word_1_126' title='bbox 319 1685 388 1726; x_wconf 91' lang='lat' dir='ltr'>mea.</span> 
     </span>
    </p>
   </div>
   <div class='ocr_carea' id='block_1_6' title="bbox 217 1849 1024 3097">
    <p class='ocr_par' dir='ltr' id='par_1_6' title="bbox 217 1849 1024 3097">
     <span class='ocr_line' id='line_1_19' title="bbox 257 1849 1023 1926; baseline -0.001 -15"><span class='ocrx_word' id='word_1_127' title='bbox 257 1853 283 1911; x_wconf 87' lang='grc'>6.</span> <span class='ocrx_word' id='word_1_128' title='bbox 303 1852 401 1926; x_wconf 87' lang='lat' dir='ltr'>Sicque</span> <span class='ocrx_word' id='word_1_129' title='bbox 420 1851 464 1907; x_wconf 85' lang='lat' dir='ltr'>vir</span> <span class='ocrx_word' id='word_1_130' title='bbox 478 1859 591 1908; x_wconf 89' lang='lat' dir='ltr'>sanctus</span> <span class='ocrx_word' id='word_1_131' title='bbox 611 1850 640 1906; x_wconf 92' lang='lat' dir='ltr'>in</span> <span class='ocrx_word' id='word_1_132' title='bbox 655 1849 707 1908; x_wconf 92' lang='lat' dir='ltr'>hac</span> <span class='ocrx_word' id='word_1_133' title='bbox 720 1865 748 1906; x_wconf 88' lang='lat' dir='ltr'>se</span> <span class='ocrx_word' id='word_1_134' title='bbox 770 1850 866 1922; x_wconf 91' lang='lat' dir='ltr'>agebat</span> <span class='ocrx_word' id='word_1_135' title='bbox 888 1850 1023 1922; x_wconf 91' lang='lat' dir='ltr'>custodia,</span> 
     </span>
     <span class='ocr_line' id='line_1_20' title="bbox 222 1940 1024 2016; baseline 0.001 -18"><span class='ocrx_word' id='word_1_136' title='bbox 222 1943 299 2016; x_wconf 90' lang='lat' dir='ltr'>quasi</span> <span class='ocrx_word' id='word_1_137' title='bbox 322 1943 373 1999; x_wconf 91' lang='lat' dir='ltr'>sub</span> <span class='ocrx_word' id='word_1_138' title='bbox 389 1941 485 1998; x_wconf 92' lang='lat' dir='ltr'>umbra</span> <span class='ocrx_word' id='word_1_139' title='bbox 499 1941 607 1996; x_wconf 89' lang='lat' dir='ltr'>alarum</span> <span class='ocrx_word' id='word_1_140' title='bbox 632 1940 692 2009; x_wconf 93' lang='lat' dir='ltr'>Dei,</span> <span class='ocrx_word' id='word_1_141' title='bbox 713 1947 740 1996; x_wconf 93' lang='lat' dir='ltr'>et</span> <span class='ocrx_word' id='word_1_142' title='bbox 761 1948 835 1997; x_wconf 92' lang='lat' dir='ltr'>totus</span> <span class='ocrx_word' id='word_1_143' title='bbox 850 1942 879 1997; x_wconf 93' lang='lat' dir='ltr'>in</span> <span class='ocrx_word' id='word_1_144' title='bbox 903 1958 949 2016; x_wconf 89' lang='lat' dir='ltr'>spe</span> <span class='ocrx_word' id='word_1_145' title='bbox 964 1960 1024 2014; x_wconf 90' lang='lat' dir='ltr'>pro·</span> 
     </span>
     <span class='ocr_line' id='line_1_21' title="bbox 221 2029 1022 2102; baseline 0.004 -16"><span class='ocrx_word' id='word_1_146' title='bbox 221 2032 352 2089; x_wconf 91' lang='lat' dir='ltr'>tectionis</span> <span class='ocrx_word' id='word_1_147' title='bbox 375 2031 479 2090; x_wconf 84' lang='lat' dir='ltr'>Christi</span> <span class='ocrx_word' id='word_1_148' title='bbox 505 2031 611 2102; x_wconf 90' lang='lat' dir='ltr'>positus</span> <span class='ocrx_word' id='word_1_149' title='bbox 627 2029 721 2085; x_wconf 88' lang='lat' dir='ltr'>orabat</span> <span class='ocrx_word' id='word_1_150' title='bbox 740 2029 902 2100; x_wconf 91' lang='lat' dir='ltr'>Dominum,</span> <span class='ocrx_word' id='word_1_151' title='bbox 926 2032 966 2088; x_wconf 88' lang='lat' dir='ltr'>ita</span> <span class='ocrx_word' id='word_1_152' title='bbox 979 2033 1022 2088; x_wconf 92' lang='lat' dir='ltr'>di·</span> 
     </span>
     <span class='ocr_line' id='line_1_22' title="bbox 221 2120 1021 2192; baseline 0 -14"><span class='ocrx_word' id='word_1_153' title='bbox 221 2138 285 2179; x_wconf 89' lang='lat' dir='ltr'>cens</span> <span class='ocrx_word' id='word_1_154' title='bbox 297 2140 303 2178; x_wconf 78' lang='grc' dir='ltr'>ε</span> <span class='ocrx_word' id='word_1_155' title='bbox 317 2122 405 2189; x_wconf 88' lang='lat' dir='ltr'>Educ,</span> <span class='ocrx_word' id='word_1_156' title='bbox 423 2122 550 2192; x_wconf 84' lang='lat' dir='ltr'>Domine,</span> <span class='ocrx_word' id='word_1_157' title='bbox 562 2120 595 2176; x_wconf 91' lang='lat' dir='ltr'>de</span> <span class='ocrx_word' id='word_1_158' title='bbox 609 2120 734 2178; x_wconf 89' lang='lat' dir='ltr'>custodia</span> <span class='ocrx_word' id='word_1_159' title='bbox 744 2121 864 2176; x_wconf 90' lang='lat' dir='ltr'>animam</span> <span class='ocrx_word' id='word_1_160' title='bbox 877 2137 976 2190; x_wconf 91' lang='lat' dir='ltr'>meam,</span> <span class='ocrx_word' id='word_1_161' title='bbox 987 2121 1021 2178; x_wconf 90' lang='lat' dir='ltr'>ad</span> 
     </span>
     <span class='ocr_line' id='line_1_23' title="bbox 221 2211 1021 2283; baseline -0.005 -13"><span class='ocrx_word' id='word_1_162' title='bbox 221 2213 408 2271; x_wconf 86' lang='lat' dir='ltr'>confitendum</span> <span class='ocrx_word' id='word_1_163' title='bbox 424 2213 530 2269; x_wconf 91' lang='lat' dir='ltr'>nomini</span> <span class='ocrx_word' id='word_1_164' title='bbox 547 2224 613 2278; x_wconf 91' lang='lat' dir='ltr'>tuo;</span> <span class='ocrx_word' id='word_1_165' title='bbox 640 2211 769 2283; x_wconf 92' lang='lat' dir='ltr'>quoniam</span> <span class='ocrx_word' id='word_1_166' title='bbox 795 2227 838 2266; x_wconf 93' lang='lat' dir='ltr'>me</span> <span class='ocrx_word' id='word_1_167' title='bbox 862 2219 1021 2283; x_wconf 86' lang='lat' dir='ltr'>exspectant</span> 
     </span>
     <span class='ocr_line' id='line_1_24' title="bbox 217 2302 1019 2380; baseline -0.007 -15"><span class='ocrx_word' id='word_1_168' title='bbox 217 2306 303 2380; x_wconf 85' lang='lat' dir='ltr'>justi:</span> <span class='ocrx_word' id='word_1_169' title='bbox 320 2314 351 2364; x_wconf 92' lang='lat' dir='ltr'>ut</span> <span class='ocrx_word' id='word_1_170' title='bbox 366 2323 413 2378; x_wconf 91' lang='lat' dir='ltr'>per</span> <span class='ocrx_word' id='word_1_171' title='bbox 424 2308 475 2371; x_wconf 87' lang='lat' dir='ltr'>me,</span> <span class='ocrx_word' id='word_1_172' title='bbox 491 2305 600 2364; x_wconf 84' lang='lat' dir='ltr'>Christe</span> <span class='ocrx_word' id='word_1_173' title='bbox 615 2305 734 2360; x_wconf 87' lang='lat' dir='ltr'>salvator</span> <span class='ocrx_word' id='word_1_174' title='bbox 751 2303 858 2372; x_wconf 78' lang='lat' dir='ltr'>munii,</span> <span class='ocrx_word' id='word_1_175' title='bbox 875 2302 907 2358; x_wconf 94' lang='lat' dir='ltr'>ad</span> <span class='ocrx_word' id='word_1_176' title='bbox 924 2310 950 2358; x_wconf 86' lang='lat' dir='ltr'>te</span> <span class='ocrx_word' id='word_1_177' title='bbox 962 2302 1019 2376; x_wconf 80' lang='lat' dir='ltr'>jus·</span> 
     </span>
     <span class='ocr_line' id='line_1_25' title="bbox 220 2392 1018 2470; baseline -0.006 -16"><span class='ocrx_word' id='word_1_178' title='bbox 220 2396 405 2456; x_wconf 84' lang='lat' dir='ltr'>tifieentnrex</span> <span class='ocrx_word' id='word_1_179' title='bbox 416 2394 555 2470; x_wconf 85' lang='lat' dir='ltr'>gentibus,</span> <span class='ocrx_word' id='word_1_180' title='bbox 571 2395 619 2469; x_wconf 91' lang='lat' dir='ltr'>qui</span> <span class='ocrx_word' id='word_1_181' title='bbox 634 2393 819 2470; x_wconf 72' lang='lat' dir='ltr'>praedestinati</span> <span class='ocrx_word' id='word_1_182' title='bbox 841 2400 906 2450; x_wconf 93' lang='lat' dir='ltr'>suut</span> <span class='ocrx_word' id='word_1_183' title='bbox 921 2392 955 2448; x_wconf 87' lang='lat' dir='ltr'>ai</span> <span class='ocrx_word' id='word_1_184' title='bbox 979 2393 1018 2449; x_wconf 80' lang='lat' dir='ltr'>ui-</span> 
     </span>
     <span class='ocr_line' id='line_1_26' title="bbox 220 2483 1019 2559; baseline -0.011 -12"><span class='ocrx_word' id='word_1_185' title='bbox 220 2488 372 2548; x_wconf 83' lang='lat' dir='ltr'>tumCum</span> <span class='ocrx_word' id='word_1_186' title='bbox 398 2489 465 2546; x_wconf 90' lang='lat' dir='ltr'>talia</span> <span class='ocrx_word' id='word_1_187' title='bbox 489 2496 516 2545; x_wconf 89' lang='lat' dir='ltr'>et</span> <span class='ocrx_word' id='word_1_188' title='bbox 537 2483 730 2559; x_wconf 88' lang='lat' dir='ltr'>hujuscemodi</span> <span class='ocrx_word' id='word_1_189' title='bbox 745 2484 840 2540; x_wconf 89' lang='lat' dir='ltr'>beatus</span> <span class='ocrx_word' id='word_1_190' title='bbox 866 2489 893 2538; x_wconf 93' lang='lat' dir='ltr'>et</span> <span class='ocrx_word' id='word_1_191' title='bbox 909 2489 1019 2539; x_wconf 87' lang='lat' dir='ltr'>sanctus</span> 
     </span>
     <span class='ocr_line' id='line_1_27' title="bbox 219 2572 1017 2646; baseline -0.008 -12"><span class='ocrx_word' id='word_1_192' title='bbox 219 2579 302 2635; x_wconf 89' lang='lat' dir='ltr'>corde</span> <span class='ocrx_word' id='word_1_193' title='bbox 312 2578 432 2634; x_wconf 92' lang='lat' dir='ltr'>Domino</span> <span class='ocrx_word' id='word_1_194' title='bbox 448 2578 613 2644; x_wconf 84' lang='lat' dir='ltr'>decantaret,</span> <span class='ocrx_word' id='word_1_195' title='bbox 634 2592 700 2632; x_wconf 86' lang='lat' dir='ltr'>mox</span> <span class='ocrx_word' id='word_1_196' title='bbox 709 2575 805 2646; x_wconf 88' lang='lat' dir='ltr'>petitio</span> <span class='ocrx_word' id='word_1_197' title='bbox 820 2572 879 2645; x_wconf 88' lang='lat' dir='ltr'>ejus</span> <span class='ocrx_word' id='word_1_198' title='bbox 896 2579 1017 2644; x_wconf 90' lang='lat' dir='ltr'>penetra·</span> 
     </span>
     <span class='ocr_line' id='line_1_28' title="bbox 221 2663 1018 2738; baseline -0.005 -15"><span class='ocrx_word' id='word_1_199' title='bbox 221 2669 263 2724; x_wconf 86' lang='lat' dir='ltr'>vit</span> <span class='ocrx_word' id='word_1_200' title='bbox 277 2667 372 2736; x_wconf 85' lang='lat' dir='ltr'>coelos,</span> <span class='ocrx_word' id='word_1_201' title='bbox 389 2684 422 2724; x_wconf 90' lang='lat' dir='ltr'>ne</span> <span class='ocrx_word' id='word_1_202' title='bbox 433 2667 493 2722; x_wconf 90' lang='lat' dir='ltr'>siue</span> <span class='ocrx_word' id='word_1_203' title='bbox 503 2667 563 2723; x_wconf 89' lang='lat' dir='ltr'>suis</span> <span class='ocrx_word' id='word_1_204' title='bbox 577 2673 731 2723; x_wconf 90' lang='lat' dir='ltr'>remaneret</span> <span class='ocrx_word' id='word_1_205' title='bbox 741 2665 769 2720; x_wconf 96' lang='lat' dir='ltr'>in</span> <span class='ocrx_word' id='word_1_206' title='bbox 782 2668 835 2730; x_wconf 87' lang='lat' dir='ltr'>via,</span> <span class='ocrx_word' id='word_1_207' title='bbox 847 2663 966 2738; x_wconf 91' lang='lat' dir='ltr'>quicum</span> <span class='ocrx_word' id='word_1_208' title='bbox 979 2664 1018 2720; x_wconf 90' lang='lat' dir='ltr'>eis</span> 
     </span>
     <span class='ocr_line' id='line_1_29' title="bbox 220 2753 1017 2830; baseline -0.001 -18"><span class='ocrx_word' id='word_1_209' title='bbox 220 2757 381 2830; x_wconf 89' lang='lat' dir='ltr'>optabatire</span> <span class='ocrx_word' id='word_1_210' title='bbox 397 2756 431 2813; x_wconf 91' lang='lat' dir='ltr'>ad</span> <span class='ocrx_word' id='word_1_211' title='bbox 445 2757 610 2828; x_wconf 90' lang='lat' dir='ltr'>passionem,</span> <span class='ocrx_word' id='word_1_212' title='bbox 627 2765 654 2814; x_wconf 90' lang='lat' dir='ltr'>et</span> <span class='ocrx_word' id='word_1_213' title='bbox 668 2755 812 2829; x_wconf 88' lang='lat' dir='ltr'>peruenire</span> <span class='ocrx_word' id='word_1_214' title='bbox 827 2754 859 2810; x_wconf 90' lang='lat' dir='ltr'>ad</span> <span class='ocrx_word' id='word_1_215' title='bbox 876 2770 944 2827; x_wconf 84' lang='lat' dir='ltr'>qnos</span> <span class='ocrx_word' id='word_1_216' title='bbox 956 2753 1017 2811; x_wconf 90' lang='lat' dir='ltr'>mis·</span> 
     </span>
     <span class='ocr_line' id='line_1_30' title="bbox 219 2844 1016 2917; baseline -0.003 -14"><span class='ocrx_word' id='word_1_217' title='bbox 219 2863 266 2903; x_wconf 90' lang='lat' dir='ltr'>sus</span> <span class='ocrx_word' id='word_1_218' title='bbox 282 2847 380 2902; x_wconf 87' lang='lat' dir='ltr'>fuerat.</span> <span class='ocrx_word' id='word_1_219' title='bbox 401 2847 461 2901; x_wconf 87' lang='lat' dir='ltr'>Non</span> <span class='ocrx_word' id='word_1_220' title='bbox 476 2846 568 2917; x_wconf 85' lang='lat' dir='ltr'>itaque</span> <span class='ocrx_word' id='word_1_221' title='bbox 583 2845 730 2917; x_wconf 86' lang='lat' dir='ltr'>praeclarus</span> <span class='ocrx_word' id='word_1_222' title='bbox 744 2845 848 2901; x_wconf 88' lang='lat' dir='ltr'>athleta</span> <span class='ocrx_word' id='word_1_223' title='bbox 862 2844 965 2903; x_wconf 83' lang='lat' dir='ltr'>Christi</span> <span class='ocrx_word' id='word_1_224' title='bbox 978 2861 1016 2901; x_wconf 89' lang='lat' dir='ltr'>rc·</span> 
     </span>
     <span class='ocr_line' id='line_1_31' title="bbox 219 2928 1017 3005; baseline -0.005 -16"><span class='ocrx_word' id='word_1_225' title='bbox 219 2932 340 3005; x_wconf 81' lang='lat' dir='ltr'>fugiebat</span> <span class='ocrx_word' id='word_1_226' title='bbox 355 2947 403 3004; x_wconf 91' lang='lat' dir='ltr'>pro</span> <span class='ocrx_word' id='word_1_227' title='bbox 415 2929 525 2988; x_wconf 90' lang='lat' dir='ltr'>Christo</span> <span class='ocrx_word' id='word_1_228' title='bbox 540 2930 604 2987; x_wconf 74' lang='lat' dir='ltr'>ritae</span> <span class='ocrx_word' id='word_1_229' title='bbox 618 2931 794 3003; x_wconf 87' lang='lat' dir='ltr'>dispendium</span> <span class='ocrx_word' id='word_1_230' title='bbox 810 2932 958 3002; x_wconf 85' lang='lat' dir='ltr'>percipere,</span> <span class='ocrx_word' id='word_1_231' title='bbox 970 2928 1017 2986; x_wconf 91' lang='lat' dir='ltr'>sed</span> 
     </span>
     <span class='ocr_line' id='line_1_32' title="bbox 218 3019 1017 3097; baseline -0.005 -17"><span class='ocrx_word' id='word_1_232' title='bbox 218 3022 330 3097; x_wconf 82' lang='lat' dir='ltr'>rogabat</span> <span class='ocrx_word' id='word_1_233' title='bbox 346 3022 463 3078; x_wconf 87' lang='lat' dir='ltr'>devotus</span> <span class='ocrx_word' id='word_1_234' title='bbox 479 3030 510 3078; x_wconf 93' lang='lat' dir='ltr'>ut</span> <span class='ocrx_word' id='word_1_235' title='bbox 524 3020 600 3093; x_wconf 90' lang='lat' dir='ltr'>prius</span> <span class='ocrx_word' id='word_1_236' title='bbox 613 3021 715 3077; x_wconf 90' lang='lat' dir='ltr'>faceret</span> <span class='ocrx_word' id='word_1_237' title='bbox 730 3019 849 3076; x_wconf 87' lang='lat' dir='ltr'>fructum</span> <span class='ocrx_word' id='word_1_238' title='bbox 860 3019 914 3076; x_wconf 89' lang='lat' dir='ltr'>sibi</span> <span class='ocrx_word' id='word_1_239' title='bbox 929 3037 944 3075; x_wconf 89' lang='lat' dir='ltr'>a</span> <span class='ocrx_word' id='word_1_240' title='bbox 965 3021 1017 3076; x_wconf 91' lang='lat' dir='ltr'>Dc·</span> 
     </span>
    </p>
   </div>
   <div class='ocr_carea' id='block_1_7' title="bbox 219 3108 1055 3200">
    <p class='ocr_par' dir='ltr' id='par_1_7' title="bbox 219 3108 1055 3200">
     <span class='ocr_line' id='line_1_33' title="bbox 219 3108 1055 3200; baseline -0.001 -31"><span class='ocrx_word' id='word_1_241' title='bbox 219 3112 295 3169; x_wconf 93' lang='lat' dir='ltr'>mino</span> <span class='ocrx_word' id='word_1_242' title='bbox 313 3111 520 3186; x_wconf 91' lang='lat' dir='ltr'>repromissum,</span> <span class='ocrx_word' id='word_1_243' title='bbox 536 3116 564 3167; x_wconf 92' lang='lat' dir='ltr'>et</span> <span class='ocrx_word' id='word_1_244' title='bbox 580 3116 638 3166; x_wconf 92' lang='lat' dir='ltr'>tum</span> <span class='ocrx_word' id='word_1_245' title='bbox 655 3108 766 3166; x_wconf 89' lang='lat' dir='ltr'>demum</span> <span class='ocrx_word' id='word_1_246' title='bbox 781 3126 843 3167; x_wconf 92' lang='lat' dir='ltr'>cum</span> <span class='ocrx_word' id='word_1_247' title='bbox 857 3110 945 3167; x_wconf 91' lang='lat' dir='ltr'>multo</span> <span class='ocrx_word' id='word_1_248' title='bbox 960 3110 1016 3168; x_wconf 87' lang='lat' dir='ltr'>foe-</span> <span class='ocrx_word' id='word_1_249' title='bbox 1033 3139 1055 3200; x_wconf 73' lang='lat' dir='ltr'><strong>G</strong></span> 
     </span>
    </p>
   </div>
   <div class='ocr_carea' id='block_1_8' title="bbox 213 3201 1016 3821">
    <p class='ocr_par' dir='ltr' id='par_1_8' title="bbox 213 3201 1016 3821">
     <span class='ocr_line' id='line_1_34' title="bbox 217 3201 1016 3275; baseline -0.005 -14"><span class='ocrx_word' id='word_1_250' title='bbox 217 3221 284 3262; x_wconf 93' lang='lat' dir='ltr'>nore</span> <span class='ocrx_word' id='word_1_251' title='bbox 301 3203 397 3261; x_wconf 89' lang='lat' dir='ltr'>messis</span> <span class='ocrx_word' id='word_1_252' title='bbox 408 3202 563 3275; x_wconf 80' lang='lat' dir='ltr'>perueniret</span> <span class='ocrx_word' id='word_1_253' title='bbox 579 3217 634 3258; x_wconf 90' lang='lat' dir='ltr'>una</span> <span class='ocrx_word' id='word_1_254' title='bbox 646 3218 710 3259; x_wconf 92' lang='lat' dir='ltr'>eum</span> <span class='ocrx_word' id='word_1_255' title='bbox 732 3201 816 3259; x_wconf 88' lang='lat' dir='ltr'>sociis</span> <span class='ocrx_word' id='word_1_256' title='bbox 832 3205 889 3258; x_wconf 89' lang='lat' dir='ltr'>suis</span> <span class='ocrx_word' id='word_1_257' title='bbox 902 3201 935 3258; x_wconf 92' lang='lat' dir='ltr'>ad</span> <span class='ocrx_word' id='word_1_258' title='bbox 954 3202 1016 3275; x_wconf 90' lang='lat' dir='ltr'>pal-</span> 
     </span>
     <span class='ocr_line' id='line_1_35' title="bbox 216 3290 1015 3367; baseline -0.005 -17"><span class='ocrx_word' id='word_1_259' title='bbox 216 3311 289 3351; x_wconf 91' lang='lat' dir='ltr'>mam</span> <span class='ocrx_word' id='word_1_260' title='bbox 303 3293 442 3367; x_wconf 81' lang='lat' dir='ltr'>martyrii,</span> <span class='ocrx_word' id='word_1_261' title='bbox 456 3299 483 3350; x_wconf 93' lang='lat' dir='ltr'>et</span> <span class='ocrx_word' id='word_1_262' title='bbox 496 3293 530 3350; x_wconf 93' lang='lat' dir='ltr'>ad</span> <span class='ocrx_word' id='word_1_263' title='bbox 541 3291 606 3348; x_wconf 72' lang='lat' dir='ltr'>vitre</span> <span class='ocrx_word' id='word_1_264' title='bbox 616 3291 771 3366; x_wconf 83' lang='lat' dir='ltr'>praemium.</span> <span class='ocrx_word' id='word_1_265' title='bbox 783 3290 834 3349; x_wconf 89' lang='lat' dir='ltr'>Cui</span> <span class='ocrx_word' id='word_1_266' title='bbox 849 3291 940 3365; x_wconf 91' lang='lat' dir='ltr'>itaque</span> <span class='ocrx_word' id='word_1_267' title='bbox 952 3307 1015 3347; x_wconf 85' lang='lat' dir='ltr'>mox</span> 
     </span>
     <span class='ocr_line' id='line_1_36' title="bbox 215 3381 1013 3455; baseline -0.008 -12"><span class='ocrx_word' id='word_1_268' title='bbox 215 3387 248 3443; x_wconf 89' lang='lat' dir='ltr'>ad</span> <span class='ocrx_word' id='word_1_269' title='bbox 263 3384 319 3442; x_wconf 89' lang='lat' dir='ltr'>fuit</span> <span class='ocrx_word' id='word_1_270' title='bbox 330 3385 425 3441; x_wconf 89' lang='lat' dir='ltr'>divina</span> <span class='ocrx_word' id='word_1_271' title='bbox 440 3385 530 3440; x_wconf 81' lang='lat' dir='ltr'>uirtus</span> <span class='ocrx_word' id='word_1_272' title='bbox 541 3384 568 3439; x_wconf 93' lang='lat' dir='ltr'>in</span> <span class='ocrx_word' id='word_1_273' title='bbox 585 3381 764 3455; x_wconf 84' lang='lat' dir='ltr'>adjutorium.</span> <span class='ocrx_word' id='word_1_274' title='bbox 777 3386 788 3411; x_wconf 82' lang='lat'><strong>¹</strong></span> <span class='ocrx_word' id='word_1_275' title='bbox 803 3383 888 3438; x_wconf 86' lang='lat' dir='ltr'>Erant</span> <span class='ocrx_word' id='word_1_276' title='bbox 911 3381 1013 3438; x_wconf 89' lang='lat' dir='ltr'>ibidem</span> 
     </span>
     <span class='ocr_line' id='line_1_37' title="bbox 213 3474 1012 3551; baseline -0.004 -17"><span class='ocrx_word' id='word_1_277' title='bbox 213 3477 270 3550; x_wconf 83' lang='lat' dir='ltr'>jam</span> <span class='ocrx_word' id='word_1_278' title='bbox 286 3476 398 3551; x_wconf 88' lang='lat' dir='ltr'>quidam</span> <span class='ocrx_word' id='word_1_279' title='bbox 417 3475 579 3547; x_wconf 84' lang='lat' dir='ltr'>Christiani,</span> <span class='ocrx_word' id='word_1_280' title='bbox 602 3493 670 3549; x_wconf 91' lang='lat' dir='ltr'>qnos</span> <span class='ocrx_word' id='word_1_281' title='bbox 691 3474 782 3548; x_wconf 90' lang='lat' dir='ltr'>tetigit</span> <span class='ocrx_word' id='word_1_282' title='bbox 797 3475 892 3532; x_wconf 82' lang='lat' dir='ltr'>diuina</span> <span class='ocrx_word' id='word_1_283' title='bbox 906 3475 1012 3531; x_wconf 86' lang='lat' dir='ltr'>virtus:</span> 
     </span>
     <span class='ocr_line' id='line_1_38' title="bbox 215 3566 1013 3639; baseline -0.001 -16"><span class='ocrx_word' id='word_1_284' title='bbox 215 3566 333 3624; x_wconf 89' lang='lat' dir='ltr'>scientes</span> <span class='ocrx_word' id='word_1_285' title='bbox 351 3567 425 3639; x_wconf 91' lang='lat' dir='ltr'>quod</span> <span class='ocrx_word' id='word_1_286' title='bbox 449 3567 552 3623; x_wconf 92' lang='lat' dir='ltr'>factum</span> <span class='ocrx_word' id='word_1_287' title='bbox 576 3566 664 3621; x_wconf 89' lang='lat' dir='ltr'>luerat</span> <span class='ocrx_word' id='word_1_288' title='bbox 686 3567 714 3622; x_wconf 91' lang='lat' dir='ltr'>in</span> <span class='ocrx_word' id='word_1_289' title='bbox 729 3574 823 3622; x_wconf 90' lang='lat' dir='ltr'>sancto</span> <span class='ocrx_word' id='word_1_290' title='bbox 838 3566 909 3634; x_wconf 79' lang='lat' dir='ltr'>siro,</span> <span class='ocrx_word' id='word_1_291' title='bbox 930 3581 1013 3622; x_wconf 83' lang='lat' dir='ltr'>vene·</span> 
     </span>
     <span class='ocr_line' id='line_1_39' title="bbox 215 3657 1014 3730; baseline -0.001 -16"><span class='ocrx_word' id='word_1_292' title='bbox 215 3667 280 3715; x_wconf 89' lang='lat' dir='ltr'>runt</span> <span class='ocrx_word' id='word_1_293' title='bbox 295 3668 376 3716; x_wconf 90' lang='lat' dir='ltr'>nocte</span> <span class='ocrx_word' id='word_1_294' title='bbox 389 3657 423 3713; x_wconf 89' lang='lat' dir='ltr'>ad</span> <span class='ocrx_word' id='word_1_295' title='bbox 439 3674 503 3713; x_wconf 93' lang='lat' dir='ltr'>eum</span> <span class='ocrx_word' id='word_1_296' title='bbox 518 3658 548 3713; x_wconf 92' lang='lat' dir='ltr'>in</span> <span class='ocrx_word' id='word_1_297' title='bbox 562 3672 709 3725; x_wconf 80' lang='lat' dir='ltr'>carcerem,</span> <span class='ocrx_word' id='word_1_298' title='bbox 725 3666 752 3712; x_wconf 90' lang='lat' dir='ltr'>et</span> <span class='ocrx_word' id='word_1_299' title='bbox 775 3665 898 3728; x_wconf 85' lang='lat' dir='ltr'>arteque</span> <span class='ocrx_word' id='word_1_300' title='bbox 913 3666 1014 3730; x_wconf 91' lang='lat' dir='ltr'>potue-</span> 
     </span>
     <span class='ocr_line' id='line_1_40' title="bbox 215 3744 1014 3821; baseline -0.003 -17"><span class='ocrx_word' id='word_1_301' title='bbox 215 3755 280 3805; x_wconf 93' lang='lat' dir='ltr'>runt</span> <span class='ocrx_word' id='word_1_302' title='bbox 296 3764 345 3821; x_wconf 92' lang='lat' dir='ltr'>pro</span> <span class='ocrx_word' id='word_1_303' title='bbox 370 3745 473 3804; x_wconf 87' lang='lat' dir='ltr'>Christi</span> <span class='ocrx_word' id='word_1_304' title='bbox 495 3760 588 3802; x_wconf 88' lang='lat' dir='ltr'>amore</span> <span class='ocrx_word' id='word_1_305' title='bbox 606 3745 784 3801; x_wconf 88' lang='lat' dir='ltr'>absolverunt</span> <span class='ocrx_word' id='word_1_306' title='bbox 802 3762 865 3801; x_wconf 88' lang='lat' dir='ltr'>eum</span> <span class='ocrx_word' id='word_1_307' title='bbox 886 3744 919 3801; x_wconf 90' lang='lat' dir='ltr'>de</span> <span class='ocrx_word' id='word_1_308' title='bbox 932 3763 1014 3819; x_wconf 90' lang='lat' dir='ltr'>erga-</span> 
     </span>
    </p>
   </div>
   <div class='ocr_carea' id='block_1_9' title="bbox 210 3842 1014 4546">
    <p class='ocr_par' dir='ltr' id='par_1_9' title="bbox 210 3842 1014 4546">
     <span class='ocr_line' id='line_1_41' title="bbox 249 3842 1014 3902; baseline -0.003 0"><span class='ocrx_word' id='word_1_309' title='bbox 249 3847 325 3902; x_wconf 85' lang='lat' dir='ltr'>·lils.</span> <span class='ocrx_word' id='word_1_310' title='bbox 341 3845 367 3902; x_wconf 28' lang='lat' dir='ltr'>S,</span> <span class='ocrx_word' id='word_1_311' title='bbox 390 3845 463 3902; x_wconf 78' lang='lat' dir='ltr'>har.</span> <span class='ocrx_word' id='word_1_312' title='bbox 479 3851 506 3900; x_wconf 90' lang='lat' dir='ltr'>et</span> <span class='ocrx_word' id='word_1_313' title='bbox 524 3845 642 3900; x_wconf 84' lang='lat' dir='ltr'>berctus</span> <span class='ocrx_word' id='word_1_314' title='bbox 655 3860 691 3900; x_wconf 82' lang='lat' dir='ltr'>en</span> <span class='ocrx_word' id='word_1_315' title='bbox 713 3842 768 3897; x_wconf 90' lang='lat' dir='ltr'>alio</span> <span class='ocrx_word' id='word_1_316' title='bbox 790 3843 831 3899; x_wconf 87' lang='lat' dir='ltr'>lile</span> <span class='ocrx_word' id='word_1_317' title='bbox 863 3847 932 3899; x_wconf 86' lang='lat' dir='ltr'>Erat</span> <span class='ocrx_word' id='word_1_318' title='bbox 945 3845 1014 3900; x_wconf 86' lang='lat' dir='ltr'>raim</span> 
     </span>
     <span class='ocr_line' id='line_1_42' title="bbox 213 3913 1013 3988; baseline -0.003 -15"><span class='ocrx_word' id='word_1_319' title='bbox 213 3918 309 3974; x_wconf 80' lang='lat' dir='ltr'>ibidem</span> <span class='ocrx_word' id='word_1_320' title='bbox 319 3916 379 3985; x_wconf 79' lang='lat' dir='ltr'>jam</span> <span class='ocrx_word' id='word_1_321' title='bbox 395 3916 495 3972; x_wconf 81' lang='lat' dir='ltr'>Christi</span> <span class='ocrx_word' id='word_1_322' title='bbox 508 3916 665 3985; x_wconf 83' lang='lat' dir='ltr'>discipulus,</span> <span class='ocrx_word' id='word_1_323' title='bbox 678 3913 826 3969; x_wconf 85' lang='lat' dir='ltr'>Demuinus</span> <span class='ocrx_word' id='word_1_324' title='bbox 840 3916 952 3984; x_wconf 83' lang='lat' dir='ltr'>nomi-ne,</span> <span class='ocrx_word' id='word_1_325' title='bbox 967 3917 1013 3988; x_wconf 87' lang='lat' dir='ltr'>qui</span> 
     </span>
     <span class='ocr_line' id='line_1_43' title="bbox 211 3985 1010 4060; baseline -0.001 -16"><span class='ocrx_word' id='word_1_326' title='bbox 211 3988 343 4060; x_wconf 75' lang='lat' dir='ltr'>perfectus</span> <span class='ocrx_word' id='word_1_327' title='bbox 356 3987 444 4042; x_wconf 63' lang='lat' dir='ltr'>meuc</span> <span class='ocrx_word' id='word_1_328' title='bbox 453 3986 530 4041; x_wconf 79' lang='lat' dir='ltr'>laodic</span> <span class='ocrx_word' id='word_1_329' title='bbox 539 3987 674 4052; x_wconf 75' lang='lat' dir='ltr'>consessor</span> <span class='ocrx_word' id='word_1_330' title='bbox 690 3985 789 4042; x_wconf 81' lang='lat' dir='ltr'>Christi</span> <span class='ocrx_word' id='word_1_331' title='bbox 802 3986 828 4039; x_wconf 85' lang='lat' dir='ltr'>iu</span> <span class='ocrx_word' id='word_1_332' title='bbox 843 3987 930 4042; x_wconf 84' lang='lat' dir='ltr'>eodem</span> <span class='ocrx_word' id='word_1_333' title='bbox 946 3991 1010 4057; x_wconf 86' lang='lat' dir='ltr'>tom,</span> 
     </span>
     <span class='ocr_line' id='line_1_44' title="bbox 210 4056 1012 4130; baseline 0.004 -18"><span class='ocrx_word' id='word_1_334' title='bbox 210 4076 263 4130; x_wconf 86' lang='lat' dir='ltr'>pro</span> <span class='ocrx_word' id='word_1_335' title='bbox 278 4057 375 4112; x_wconf 85' lang='lat' dir='ltr'>tutibus</span> <span class='ocrx_word' id='word_1_336' title='bbox 389 4057 567 4125; x_wconf 69' lang='lat' dir='ltr'>huiuscemodi</span> <span class='ocrx_word' id='word_1_337' title='bbox 578 4056 700 4128; x_wconf 84' lang='lat' dir='ltr'>operibus</span> <span class='ocrx_word' id='word_1_338' title='bbox 715 4057 850 4127; x_wconf 85' lang='lat' dir='ltr'>requiescit</span> <span class='ocrx_word' id='word_1_339' title='bbox 860 4059 888 4113; x_wconf 87' lang='lat' dir='ltr'>iu</span> <span class='ocrx_word' id='word_1_340' title='bbox 902 4075 1012 4130; x_wconf 88' lang='lat' dir='ltr'>corpore</span> 
     </span>
     <span class='ocr_line' id='line_1_45' title="bbox 212 4128 1011 4257; baseline 0 -71"><span class='ocrx_word' id='word_1_341' title='bbox 212 4128 353 4257; x_wconf 62' lang='lat' dir='ltr'>qlert&#39;oeus.</span> <span class='ocrx_word' id='word_1_342' title='bbox 367 4129 437 4185; x_wconf 87' lang='lat' dir='ltr'>Num</span> <span class='ocrx_word' id='word_1_343' title='bbox 454 4135 478 4184; x_wconf 91' lang='lat' dir='ltr'>et</span> <span class='ocrx_word' id='word_1_344' title='bbox 496 4129 552 4201; x_wconf 85' lang='lat' dir='ltr'>ipse</span> <span class='ocrx_word' id='word_1_345' title='bbox 564 4130 635 4184; x_wconf 80' lang='lat' dir='ltr'>tectu</span> <span class='ocrx_word' id='word_1_346' title='bbox 656 4147 689 4185; x_wconf 80' lang='lat' dir='ltr'>ec</span> <span class='ocrx_word' id='word_1_347' title='bbox 706 4129 763 4198; x_wconf 83' lang='lat' dir='ltr'>ejus</span> <span class='ocrx_word' id='word_1_348' title='bbox 778 4130 881 4184; x_wconf 82' lang='lat' dir='ltr'>rioroiue</span> <span class='ocrx_word' id='word_1_349' title='bbox 898 4132 1011 4186; x_wconf 80' lang='lat' dir='ltr'>combre-</span> 
     </span>
     <span class='ocr_line' id='line_1_46' title="bbox 224 4200 1010 4272; baseline 0.003 -15"><span class='ocrx_word' id='word_1_350' title='bbox 224 4218 268 4257; x_wconf 88' lang='lat' dir='ltr'>um</span> <span class='ocrx_word' id='word_1_351' title='bbox 277 4200 398 4272; x_wconf 83' lang='lat' dir='ltr'>sumpsit,</span> <span class='ocrx_word' id='word_1_352' title='bbox 410 4207 475 4269; x_wconf 70' lang='lat' dir='ltr'>etc„</span> <span class='ocrx_word' id='word_1_353' title='bbox 491 4208 584 4257; x_wconf 89' lang='lat' dir='ltr'>narrat</span> <span class='ocrx_word' id='word_1_354' title='bbox 594 4200 628 4257; x_wconf 90' lang='lat' dir='ltr'>ab</span> <span class='ocrx_word' id='word_1_355' title='bbox 638 4218 671 4257; x_wconf 91' lang='lat' dir='ltr'>eo</span> <span class='ocrx_word' id='word_1_356' title='bbox 681 4200 811 4258; x_wconf 91' lang='lat' dir='ltr'>eductum</span> <span class='ocrx_word' id='word_1_357' title='bbox 826 4209 906 4257; x_wconf 90' lang='lat' dir='ltr'>nocte</span> <span class='ocrx_word' id='word_1_358' title='bbox 919 4203 1010 4259; x_wconf 81' lang='lat' dir='ltr'>bruit-</span> 
     </span>
     <span class='ocr_line' id='line_1_47' title="bbox 212 4271 1011 4345; baseline 0.005 -17"><span class='ocrx_word' id='word_1_359' title='bbox 212 4290 276 4328; x_wconf 82' lang='lat' dir='ltr'>uum</span> <span class='ocrx_word' id='word_1_360' title='bbox 304 4288 456 4343; x_wconf 86' lang='lat' dir='ltr'>ecarcere,</span> <span class='ocrx_word' id='word_1_361' title='bbox 478 4271 506 4328; x_wconf 93' lang='lat' dir='ltr'>in</span> <span class='ocrx_word' id='word_1_362' title='bbox 534 4288 615 4345; x_wconf 89' lang='lat' dir='ltr'>quem</span> <span class='ocrx_word' id='word_1_363' title='bbox 638 4272 694 4345; x_wconf 88' lang='lat' dir='ltr'>ipse</span> <span class='ocrx_word' id='word_1_364' title='bbox 710 4272 815 4329; x_wconf 91' lang='lat' dir='ltr'>idcirco</span> <span class='ocrx_word' id='word_1_365' title='bbox 830 4275 962 4345; x_wconf 91' lang='lat' dir='ltr'>postridie</span> <span class='ocrx_word' id='word_1_366' title='bbox 977 4275 1011 4332; x_wconf 93' lang='lat' dir='ltr'>ad</span> 
     </span>
     <span class='ocr_line' id='line_1_48' title="bbox 211 4343 1011 4418; baseline 0 -17"><span class='ocrx_word' id='word_1_367' title='bbox 211 4343 312 4402; x_wconf 90' lang='lat' dir='ltr'>accolis</span> <span class='ocrx_word' id='word_1_368' title='bbox 333 4343 474 4418; x_wconf 86' lang='lat' dir='ltr'>conjectus</span> <span class='ocrx_word' id='word_1_369' title='bbox 497 4345 543 4401; x_wconf 89' lang='lat' dir='ltr'>sit.</span> <span class='ocrx_word' id='word_1_370' title='bbox 565 4344 667 4401; x_wconf 80' lang='lat' dir='ltr'>Eadem</span> <span class='ocrx_word' id='word_1_371' title='bbox 684 4345 767 4400; x_wconf 81' lang='lat' dir='ltr'>refert</span> <span class='ocrx_word' id='word_1_372' title='bbox 781 4343 932 4415; x_wconf 85' lang='lat' dir='ltr'>Saussajus,</span> <span class='ocrx_word' id='word_1_373' title='bbox 955 4345 1011 4403; x_wconf 88' lang='lat' dir='ltr'>nisi</span> 
     </span>
     <span class='ocr_line' id='line_1_49' title="bbox 211 4415 1010 4546; baseline -0.001 -72"><span class='ocrx_word' id='word_1_374' title='bbox 211 4416 285 4546; x_wconf 54' lang='lat' dir='ltr'>guod</span> <span class='ocrx_word' id='word_1_375' title='bbox 300 4416 403 4473; x_wconf 81' lang='lat' dir='ltr'>Parma</span> <span class='ocrx_word' id='word_1_376' title='bbox 423 4416 491 4474; x_wconf 83' lang='lat' dir='ltr'>velit</span> <span class='ocrx_word' id='word_1_377' title='bbox 505 4416 558 4474; x_wconf 88' lang='lat' dir='ltr'>ista</span> <span class='ocrx_word' id='word_1_378' title='bbox 584 4415 723 4497; x_wconf 78' lang='lat' dir='ltr'>corigisse.</span> <span class='ocrx_word' id='word_1_379' title='bbox 747 4416 848 4473; x_wconf 84' lang='lat' dir='ltr'>Verum</span> <span class='ocrx_word' id='word_1_380' title='bbox 865 4416 924 4473; x_wconf 80' lang='lat' dir='ltr'>hac</span> <span class='ocrx_word' id='word_1_381' title='bbox 938 4417 960 4472; x_wconf 90' lang='lat' dir='ltr'>si</span> <span class='ocrx_word' id='word_1_382' title='bbox 976 4417 1010 4473; x_wconf 93' lang='lat' dir='ltr'>ab</span> 
     </span>
    </p>
   </div>
   <div class='ocr_carea' id='block_1_10' title="bbox 235 4487 1045 4561">
    <p class='ocr_par' dir='ltr' id='par_1_10' title="bbox 235 4487 1045 4561">
     <span class='ocr_line' id='line_1_50' title="bbox 235 4487 1045 4561; baseline 0.001 -17"><span class='ocrx_word' id='word_1_383' title='bbox 235 4489 306 4545; x_wconf 91' lang='lat' dir='ltr'>done</span> <span class='ocrx_word' id='word_1_384' title='bbox 319 4488 421 4561; x_wconf 87' lang='lat' dir='ltr'>scripta</span> <span class='ocrx_word' id='word_1_385' title='bbox 432 4489 519 4557; x_wconf 87' lang='lat' dir='ltr'>fuere,</span> <span class='ocrx_word' id='word_1_386' title='bbox 534 4504 589 4545; x_wconf 94' lang='lat' dir='ltr'>uon</span> <span class='ocrx_word' id='word_1_387' title='bbox 599 4505 685 4544; x_wconf 86' lang='lat' dir='ltr'>miror</span> <span class='ocrx_word' id='word_1_388' title='bbox 694 4488 723 4545; x_wconf 93' lang='lat' dir='ltr'>in</span> <span class='ocrx_word' id='word_1_389' title='bbox 734 4487 797 4545; x_wconf 91' lang='lat' dir='ltr'>aliis</span> <span class='ocrx_word' id='word_1_390' title='bbox 806 4488 1009 4559; x_wconf 82' lang='lat' dir='ltr'>exemplaribus</span> <span class='ocrx_word' id='word_1_391' title='bbox 1023 4502 1045 4560; x_wconf 76' lang='grc' dir='ltr'>ὓ</span> 
     </span>
    </p>
   </div>
   <div class='ocr_carea' id='block_1_11' title="bbox 1075 498 1874 1752">
    <p class='ocr_par' dir='ltr' id='par_1_11' title="bbox 1076 498 1873 568">
     <span class='ocr_line' id='line_1_51' title="bbox 1076 498 1873 568; baseline -0.013 -10"><span class='ocrx_word' id='word_1_392' title='bbox 1076 500 1195 558; x_wconf 89' lang='lat' dir='ltr'>liberum</span> <span class='ocrx_word' id='word_1_393' title='bbox 1209 499 1286 556; x_wconf 89' lang='lat' dir='ltr'>abire</span> <span class='ocrx_word' id='word_1_394' title='bbox 1303 498 1436 556; x_wconf 84' lang='lat' dir='ltr'>fecerunt.</span> <span class='ocrx_word' id='word_1_395' title='bbox 1871 565 1873 568; x_wconf 82' lang='lat'>.</span> 
     </span>
    </p>

    <p class='ocr_par' dir='ltr' id='par_1_12' title="bbox 1075 586 1874 1752">
     <span class='ocr_line' id='line_1_52' title="bbox 1112 586 1873 660; baseline 0.001 -13"><span class='ocrx_word' id='word_1_396' title='bbox 1112 592 1141 647; x_wconf 88' lang='lat' dir='ltr'>l.</span> <span class='ocrx_word' id='word_1_397' title='bbox 1161 591 1198 647; x_wconf 84' lang='lat' dir='ltr'>At</span> <span class='ocrx_word' id='word_1_398' title='bbox 1212 606 1278 646; x_wconf 81' lang='lat' dir='ltr'>vero</span> <span class='ocrx_word' id='word_1_399' title='bbox 1289 590 1338 646; x_wconf 91' lang='lat' dir='ltr'>illa</span> <span class='ocrx_word' id='word_1_400' title='bbox 1351 596 1445 646; x_wconf 90' lang='lat' dir='ltr'>sancta</span> <span class='ocrx_word' id='word_1_401' title='bbox 1460 586 1576 644; x_wconf 90' lang='lat' dir='ltr'>societas</span> <span class='ocrx_word' id='word_1_402' title='bbox 1589 586 1733 660; x_wconf 89' lang='lat' dir='ltr'>prosperis</span> <span class='ocrx_word' id='word_1_403' title='bbox 1748 591 1873 648; x_wconf 82' lang='lat' dir='ltr'>successi·</span> 
     </span>
     <span class='ocr_line' id='line_1_53' title="bbox 1075 676 1873 748; baseline 0.003 -13"><span class='ocrx_word' id='word_1_404' title='bbox 1075 679 1128 736; x_wconf 90' lang='lat' dir='ltr'>bns</span> <span class='ocrx_word' id='word_1_405' title='bbox 1143 680 1209 737; x_wconf 92' lang='lat' dir='ltr'>binc</span> <span class='ocrx_word' id='word_1_406' title='bbox 1232 678 1295 736; x_wconf 91' lang='lat' dir='ltr'>inde</span> <span class='ocrx_word' id='word_1_407' title='bbox 1315 679 1441 736; x_wconf 83' lang='lat' dir='ltr'>&#39;licinum</span> <span class='ocrx_word' id='word_1_408' title='bbox 1461 677 1577 734; x_wconf 87' lang='lat' dir='ltr'>veniunt</span> <span class='ocrx_word' id='word_1_409' title='bbox 1592 676 1652 732; x_wconf 69' lang='lat' dir='ltr'>bad</span> <span class='ocrx_word' id='word_1_410' title='bbox 1668 677 1773 748; x_wconf 84' lang='lat' dir='ltr'>regiam</span> <span class='ocrx_word' id='word_1_411' title='bbox 1795 679 1873 738; x_wconf 83' lang='lat' dir='ltr'>ltalia</span> 
     </span>
     <span class='ocr_line' id='line_1_54' title="bbox 1076 766 1873 844; baseline -0.003 -14"><span class='ocrx_word' id='word_1_412' title='bbox 1076 772 1228 830; x_wconf 89' lang='lat' dir='ltr'>civitatem.</span> <span class='ocrx_word' id='word_1_413' title='bbox 1243 771 1284 828; x_wconf 91' lang='lat' dir='ltr'>lbi</span> <span class='ocrx_word' id='word_1_414' title='bbox 1301 770 1437 844; x_wconf 90' lang='lat' dir='ltr'>siqnidem</span> <span class='ocrx_word' id='word_1_415' title='bbox 1448 767 1591 842; x_wconf 89' lang='lat' dir='ltr'>paululum</span> <span class='ocrx_word' id='word_1_416' title='bbox 1603 766 1873 840; x_wconf 87' lang='lat' dir='ltr'>requiescentes,uon</span> 
     </span>
     <span class='ocr_line' id='line_1_55' title="bbox 1077 856 1873 930; baseline 0 -13"><span class='ocrx_word' id='word_1_417' title='bbox 1077 863 1219 919; x_wconf 89' lang='lat' dir='ltr'>cessabant</span> <span class='ocrx_word' id='word_1_418' title='bbox 1233 877 1249 917; x_wconf 91' lang='lat' dir='ltr'>a</span> <span class='ocrx_word' id='word_1_419' title='bbox 1263 861 1390 918; x_wconf 91' lang='lat' dir='ltr'>laudibus</span> <span class='ocrx_word' id='word_1_420' title='bbox 1410 858 1525 927; x_wconf 81' lang='lat' dir='ltr'>diuinis,</span> <span class='ocrx_word' id='word_1_421' title='bbox 1542 873 1632 930; x_wconf 89' lang='lat' dir='ltr'>neque</span> <span class='ocrx_word' id='word_1_422' title='bbox 1647 856 1816 915; x_wconf 83' lang='lat' dir='ltr'>deficiebant</span> <span class='ocrx_word' id='word_1_423' title='bbox 1831 860 1873 917; x_wconf 94' lang='lat' dir='ltr'>nbi</span> 
     </span>
     <span class='ocr_line' id='line_1_56' title="bbox 1077 949 1872 1025; baseline 0.001 -18"><span class='ocrx_word' id='word_1_424' title='bbox 1077 954 1120 1007; x_wconf 89' lang='lat' dir='ltr'>vol</span> <span class='ocrx_word' id='word_1_425' title='bbox 1131 952 1178 1008; x_wconf 90' lang='lat' dir='ltr'>ubi</span> <span class='ocrx_word' id='word_1_426' title='bbox 1191 952 1337 1025; x_wconf 78' lang='lat' dir='ltr'>predicare</span> <span class='ocrx_word' id='word_1_427' title='bbox 1349 949 1464 1006; x_wconf 79' lang='lat' dir='ltr'>verbnm</span> <span class='ocrx_word' id='word_1_428' title='bbox 1475 949 1536 1017; x_wconf 93' lang='lat' dir='ltr'>Dei,</span> <span class='ocrx_word' id='word_1_429' title='bbox 1553 949 1591 1004; x_wconf 87' lang='lat' dir='ltr'>ita</span> <span class='ocrx_word' id='word_1_430' title='bbox 1600 955 1632 1004; x_wconf 91' lang='lat' dir='ltr'>ut</span> <span class='ocrx_word' id='word_1_431' title='bbox 1646 964 1776 1006; x_wconf 86' lang='lat' dir='ltr'>cerneres</span> <span class='ocrx_word' id='word_1_432' title='bbox 1785 965 1872 1008; x_wconf 88' lang='lat' dir='ltr'>eornm</span> 
     </span>
     <span class='ocr_line' id='line_1_57' title="bbox 1076 1038 1874 1116; baseline -0.006 -17"><span class='ocrx_word' id='word_1_433' title='bbox 1076 1043 1257 1116; x_wconf 87' lang='lat' dir='ltr'>prophetiam,</span> <span class='ocrx_word' id='word_1_434' title='bbox 1277 1042 1341 1113; x_wconf 87' lang='lat' dir='ltr'>quio</span> <span class='ocrx_word' id='word_1_435' title='bbox 1351 1039 1460 1112; x_wconf 84' lang='lat' dir='ltr'>speciosi</span> <span class='ocrx_word' id='word_1_436' title='bbox 1471 1038 1549 1110; x_wconf 87' lang='lat' dir='ltr'>pedes</span> <span class='ocrx_word' id='word_1_437' title='bbox 1563 1038 1807 1110; x_wconf 77' lang='lat' dir='ltr'>occupetizerttium</span> <span class='ocrx_word' id='word_1_438' title='bbox 1824 1057 1874 1113; x_wconf 84' lang='lat' dir='ltr'>po-</span> 
     </span>
     <span class='ocr_line' id='line_1_58' title="bbox 1075 1135 1873 1210; baseline 0.004 -16"><span class='ocrx_word' id='word_1_439' title='bbox 1075 1156 1139 1206; x_wconf 87' lang='lat' dir='ltr'>cem,</span> <span class='ocrx_word' id='word_1_440' title='bbox 1151 1138 1386 1210; x_wconf 81' lang='lat' dir='ltr'>evangelizantium</span> <span class='ocrx_word' id='word_1_441' title='bbox 1404 1140 1472 1194; x_wconf 86' lang='lat' dir='ltr'>berre</span> <span class='ocrx_word' id='word_1_442' title='bbox 1487 1137 1575 1207; x_wconf 82' lang='lat' dir='ltr'>(Rota.</span> <span class='ocrx_word' id='word_1_443' title='bbox 1592 1150 1622 1203; x_wconf 84' lang='lat' dir='ltr'>x,</span> <span class='ocrx_word' id='word_1_444' title='bbox 1640 1135 1701 1208; x_wconf 81' lang='lat'>15).</span> <span class='ocrx_word' id='word_1_445' title='bbox 1719 1136 1779 1193; x_wconf 84' lang='lat' dir='ltr'>Huc</span> <span class='ocrx_word' id='word_1_446' title='bbox 1794 1137 1873 1197; x_wconf 85' lang='lat' dir='ltr'>illue-</span> 
     </span>
     <span class='ocr_line' id='line_1_59' title="bbox 1076 1223 1873 1301; baseline -0.001 -17"><span class='ocrx_word' id='word_1_447' title='bbox 1076 1245 1128 1301; x_wconf 86' lang='lat' dir='ltr'>que</span> <span class='ocrx_word' id='word_1_448' title='bbox 1143 1228 1329 1301; x_wconf 77' lang='lat' dir='ltr'>discurrentes</span> <span class='ocrx_word' id='word_1_449' title='bbox 1343 1226 1514 1284; x_wconf 80' lang='lat' dir='ltr'>confidenter</span> <span class='ocrx_word' id='word_1_450' title='bbox 1529 1223 1655 1298; x_wconf 83' lang='lat' dir='ltr'>agebant,</span> <span class='ocrx_word' id='word_1_451' title='bbox 1666 1225 1767 1282; x_wconf 90' lang='lat' dir='ltr'>conflsi</span> <span class='ocrx_word' id='word_1_452' title='bbox 1781 1243 1816 1284; x_wconf 86' lang='lat' dir='ltr'>ex</span> <span class='ocrx_word' id='word_1_453' title='bbox 1829 1229 1873 1291; x_wconf 85' lang='lat' dir='ltr'>Dei</span> 
     </span>
     <span class='ocr_line' id='line_1_60' title="bbox 1075 1316 1874 1392; baseline 0.004 -18"><span class='ocrx_word' id='word_1_454' title='bbox 1075 1318 1191 1374; x_wconf 79' lang='lat' dir='ltr'>auxilio.</span> <span class='ocrx_word' id='word_1_455' title='bbox 1208 1316 1286 1373; x_wconf 88' lang='lat' dir='ltr'>lhant</span> <span class='ocrx_word' id='word_1_456' title='bbox 1298 1317 1383 1390; x_wconf 90' lang='lat' dir='ltr'>igitur</span> <span class='ocrx_word' id='word_1_457' title='bbox 1399 1316 1546 1388; x_wconf 76' lang='lat' dir='ltr'>gaudentes</span> <span class='ocrx_word' id='word_1_458' title='bbox 1557 1330 1695 1372; x_wconf 85' lang='lat' dir='ltr'>memores</span> <span class='ocrx_word' id='word_1_459' title='bbox 1709 1331 1806 1374; x_wconf 89' lang='lat' dir='ltr'>eornm</span> <span class='ocrx_word' id='word_1_460' title='bbox 1820 1336 1874 1392; x_wconf 89' lang='lat' dir='ltr'>qua</span> 
     </span>
     <span class='ocr_line' id='line_1_61' title="bbox 1075 1403 1873 1480; baseline 0.004 -17"><span class='ocrx_word' id='word_1_461' title='bbox 1075 1407 1104 1463; x_wconf 95' lang='lat' dir='ltr'>in</span> <span class='ocrx_word' id='word_1_462' title='bbox 1118 1407 1195 1465; x_wconf 80' lang='lat' dir='ltr'>Actis</span> <span class='ocrx_word' id='word_1_463' title='bbox 1208 1406 1545 1479; x_wconf 89' lang='lat' dir='ltr'>legunturapostolorum,</span> <span class='ocrx_word' id='word_1_464' title='bbox 1561 1403 1696 1478; x_wconf 90' lang='lat' dir='ltr'>quoniam</span> <span class='ocrx_word' id='word_1_465' title='bbox 1713 1413 1741 1461; x_wconf 92' lang='lat' dir='ltr'>et</span> <span class='ocrx_word' id='word_1_466' title='bbox 1757 1406 1810 1480; x_wconf 90' lang='lat' dir='ltr'>ipsi</span> <span class='ocrx_word' id='word_1_467' title='bbox 1822 1407 1873 1480; x_wconf 86' lang='lat' dir='ltr'>jam</span> 
     </span>
     <span class='ocr_line' id='line_1_62' title="bbox 1076 1495 1873 1571; baseline 0.001 -17"><span class='ocrx_word' id='word_1_468' title='bbox 1076 1499 1223 1571; x_wconf 88' lang='lat' dir='ltr'>participes</span> <span class='ocrx_word' id='word_1_469' title='bbox 1237 1504 1314 1553; x_wconf 91' lang='lat' dir='ltr'>eraut</span> <span class='ocrx_word' id='word_1_470' title='bbox 1325 1496 1388 1552; x_wconf 92' lang='lat' dir='ltr'>facti</span> <span class='ocrx_word' id='word_1_471' title='bbox 1405 1497 1560 1568; x_wconf 90' lang='lat' dir='ltr'>passionum</span> <span class='ocrx_word' id='word_1_472' title='bbox 1573 1495 1693 1565; x_wconf 88' lang='lat' dir='ltr'>Christi,</span> <span class='ocrx_word' id='word_1_473' title='bbox 1709 1503 1737 1551; x_wconf 85' lang='lat' dir='ltr'>et</span> <span class='ocrx_word' id='word_1_474' title='bbox 1746 1496 1824 1569; x_wconf 92' lang='lat' dir='ltr'>digni</span> <span class='ocrx_word' id='word_1_475' title='bbox 1835 1498 1873 1556; x_wconf 82' lang='lat' dir='ltr'>hs·</span> 
     </span>
     <span class='ocr_line' id='line_1_63' title="bbox 1075 1584 1871 1662; baseline -0.001 -16"><span class='ocrx_word' id='word_1_476' title='bbox 1075 1590 1126 1648; x_wconf 93' lang='lat' dir='ltr'>biti</span> <span class='ocrx_word' id='word_1_477' title='bbox 1141 1605 1191 1662; x_wconf 93' lang='lat' dir='ltr'>pro</span> <span class='ocrx_word' id='word_1_478' title='bbox 1208 1587 1266 1661; x_wconf 85' lang='lat' dir='ltr'>ejus</span> <span class='ocrx_word' id='word_1_479' title='bbox 1283 1586 1394 1642; x_wconf 90' lang='lat' dir='ltr'>nemine</span> <span class='ocrx_word' id='word_1_480' title='bbox 1410 1584 1592 1642; x_wconf 87' lang='lat' dir='ltr'>contumelias</span> <span class='ocrx_word' id='word_1_481' title='bbox 1614 1585 1672 1657; x_wconf 90' lang='lat' dir='ltr'>pati</span> <span class='ocrx_word' id='word_1_482' title='bbox 1689 1584 1763 1651; x_wconf 77' lang='lat' dir='ltr'>(Act.</span> <span class='ocrx_word' id='word_1_483' title='bbox 1778 1603 1807 1654; x_wconf 85' lang='lat' dir='ltr'>r,</span> <span class='ocrx_word' id='word_1_484' title='bbox 1821 1585 1871 1659; x_wconf 82' lang='lat' dir='ltr'>tt).</span> 
     </span>
     <span class='ocr_line' id='line_1_64' title="bbox 1076 1674 1872 1752; baseline 0.003 -20"><span class='ocrx_word' id='word_1_485' title='bbox 1076 1681 1129 1750; x_wconf 84' lang='lat' dir='ltr'>Qui</span> <span class='ocrx_word' id='word_1_486' title='bbox 1148 1679 1231 1736; x_wconf 91' lang='lat' dir='ltr'>simul</span> <span class='ocrx_word' id='word_1_487' title='bbox 1251 1686 1403 1752; x_wconf 88' lang='lat' dir='ltr'>pergentes,</span> <span class='ocrx_word' id='word_1_488' title='bbox 1428 1675 1522 1731; x_wconf 91' lang='lat' dir='ltr'>nullus</span> <span class='ocrx_word' id='word_1_489' title='bbox 1539 1682 1580 1731; x_wconf 92' lang='lat' dir='ltr'>est</span> <span class='ocrx_word' id='word_1_490' title='bbox 1600 1674 1647 1748; x_wconf 93' lang='lat' dir='ltr'>qui</span> <span class='ocrx_word' id='word_1_491' title='bbox 1666 1675 1780 1732; x_wconf 88' lang='lat' dir='ltr'>edicere</span> <span class='ocrx_word' id='word_1_492' title='bbox 1800 1685 1872 1750; x_wconf 87' lang='lat' dir='ltr'>queat</span> 
     </span>
    </p>
   </div>
   <div class='ocr_carea' id='block_1_12' title="bbox 1034 1763 1873 1843">
    <p class='ocr_par' dir='ltr' id='par_1_13' title="bbox 1034 1763 1873 1843">
     <span class='ocr_line' id='line_1_65' title="bbox 1034 1763 1873 1843; baseline -0.004 -17"><span class='ocrx_word' id='word_1_493' title='bbox 1034 1777 1057 1837; x_wconf 87' lang='grc' dir='ltr'>Β</span> <span class='ocrx_word' id='word_1_494' title='bbox 1075 1777 1142 1843; x_wconf 91' lang='lat' dir='ltr'>quot</span> <span class='ocrx_word' id='word_1_495' title='bbox 1167 1768 1254 1823; x_wconf 90' lang='lat' dir='ltr'>millia</span> <span class='ocrx_word' id='word_1_496' title='bbox 1279 1765 1422 1822; x_wconf 91' lang='lat' dir='ltr'>bominum</span> <span class='ocrx_word' id='word_1_497' title='bbox 1438 1765 1563 1821; x_wconf 78' lang='lat' dir='ltr'>conuersi</span> <span class='ocrx_word' id='word_1_498' title='bbox 1587 1763 1689 1821; x_wconf 92' lang='lat' dir='ltr'>sintin</span> <span class='ocrx_word' id='word_1_499' title='bbox 1707 1771 1831 1838; x_wconf 84' lang='lat' dir='ltr'>tempure</span> <span class='ocrx_word' id='word_1_500' title='bbox 1846 1767 1873 1823; x_wconf 85' lang='lat' dir='ltr'>ad</span> 
     </span>
    </p>
   </div>
   <div class='ocr_carea' id='block_1_13' title="bbox 1068 1853 1874 3800">
    <p class='ocr_par' dir='ltr' id='par_1_14' title="bbox 1075 1853 1874 2279">
     <span class='ocr_line' id='line_1_66' title="bbox 1080 1853 1874 1928; baseline -0.001 -14"><span class='ocrx_word' id='word_1_501' title='bbox 1080 1858 1237 1916; x_wconf 87' lang='lat' dir='ltr'>Christum:</span> <span class='ocrx_word' id='word_1_502' title='bbox 1259 1864 1286 1912; x_wconf 91' lang='lat' dir='ltr'>et</span> <span class='ocrx_word' id='word_1_503' title='bbox 1309 1855 1497 1928; x_wconf 84' lang='lat' dir='ltr'>praedicabant</span> <span class='ocrx_word' id='word_1_504' title='bbox 1513 1853 1741 1926; x_wconf 83' lang='lat' dir='ltr'>evangelizantes</span> <span class='ocrx_word' id='word_1_505' title='bbox 1755 1855 1874 1913; x_wconf 88' lang='lat' dir='ltr'>omnibns</span> 
     </span>
     <span class='ocr_line' id='line_1_67' title="bbox 1078 1942 1874 2006; baseline -0.009 0"><span class='ocrx_word' id='word_1_506' title='bbox 1078 1949 1191 2006; x_wconf 80' lang='lat' dir='ltr'>uerbum</span> <span class='ocrx_word' id='word_1_507' title='bbox 1217 1946 1325 2002; x_wconf 88' lang='lat' dir='ltr'>salutis.</span> <span class='ocrx_word' id='word_1_508' title='bbox 1347 1942 1538 2002; x_wconf 87' lang='lat' dir='ltr'>Comitabutur</span> <span class='ocrx_word' id='word_1_509' title='bbox 1551 1954 1645 1998; x_wconf 91' lang='lat' dir='ltr'>autem</span> <span class='ocrx_word' id='word_1_510' title='bbox 1662 1959 1711 1999; x_wconf 86' lang='lat' dir='ltr'>eos</span> <span class='ocrx_word' id='word_1_511' title='bbox 1730 1943 1821 1999; x_wconf 85' lang='lat' dir='ltr'>virtus</span> <span class='ocrx_word' id='word_1_512' title='bbox 1834 1943 1874 1999; x_wconf 89' lang='lat' dir='ltr'>di-</span> 
     </span>
     <span class='ocr_line' id='line_1_68' title="bbox 1078 2031 1874 2109; baseline -0.01 -12"><span class='ocrx_word' id='word_1_513' title='bbox 1078 2041 1153 2109; x_wconf 79' lang='lat' dir='ltr'>rina,</span> <span class='ocrx_word' id='word_1_514' title='bbox 1170 2039 1207 2094; x_wconf 91' lang='lat' dir='ltr'>ita</span> <span class='ocrx_word' id='word_1_515' title='bbox 1221 2044 1252 2093; x_wconf 93' lang='lat' dir='ltr'>ut</span> <span class='ocrx_word' id='word_1_516' title='bbox 1266 2042 1410 2093; x_wconf 88' lang='lat' dir='ltr'>cernentes</span> <span class='ocrx_word' id='word_1_517' title='bbox 1424 2049 1470 2089; x_wconf 91' lang='lat' dir='ltr'>eos</span> <span class='ocrx_word' id='word_1_518' title='bbox 1482 2048 1513 2090; x_wconf 91' lang='lat' dir='ltr'>ae</span> <span class='ocrx_word' id='word_1_519' title='bbox 1527 2032 1549 2088; x_wconf 90' lang='lat' dir='ltr'>si</span> <span class='ocrx_word' id='word_1_520' title='bbox 1566 2031 1630 2088; x_wconf 83' lang='lat' dir='ltr'>coeli</span> <span class='ocrx_word' id='word_1_521' title='bbox 1646 2032 1736 2102; x_wconf 79' lang='lat' dir='ltr'>eires,</span> <span class='ocrx_word' id='word_1_522' title='bbox 1759 2041 1787 2089; x_wconf 91' lang='lat' dir='ltr'>et</span> <span class='ocrx_word' id='word_1_523' title='bbox 1800 2048 1874 2107; x_wconf 82' lang='lat' dir='ltr'>agnos</span> 
     </span>
     <span class='ocr_line' id='line_1_69' title="bbox 1076 2122 1873 2200; baseline -0.008 -13"><span class='ocrx_word' id='word_1_524' title='bbox 1076 2131 1149 2187; x_wconf 85' lang='lat' dir='ltr'>inter</span> <span class='ocrx_word' id='word_1_525' title='bbox 1165 2130 1253 2200; x_wconf 91' lang='lat' dir='ltr'>lupos,</span> <span class='ocrx_word' id='word_1_526' title='bbox 1265 2126 1351 2198; x_wconf 89' lang='lat' dir='ltr'>signis</span> <span class='ocrx_word' id='word_1_527' title='bbox 1365 2122 1552 2180; x_wconf 76' lang='lat' dir='ltr'>struentibus</span> <span class='ocrx_word' id='word_1_528' title='bbox 1566 2138 1727 2192; x_wconf 88' lang='lat' dir='ltr'>coruscare,</span> <span class='ocrx_word' id='word_1_529' title='bbox 1744 2131 1873 2196; x_wconf 84' lang='lat' dir='ltr'>portantes</span> 
     </span>
     <span class='ocr_line' id='line_1_70' title="bbox 1075 2214 1675 2279; baseline -0.015 0"><span class='ocrx_word' id='word_1_530' title='bbox 1075 2232 1102 2279; x_wconf 96' lang='lat' dir='ltr'>et</span> <span class='ocrx_word' id='word_1_531' title='bbox 1120 2219 1309 2276; x_wconf 86' lang='lat' dir='ltr'>illuminantes</span> <span class='ocrx_word' id='word_1_532' title='bbox 1322 2217 1370 2273; x_wconf 90' lang='lat' dir='ltr'>Dei</span> <span class='ocrx_word' id='word_1_533' title='bbox 1389 2216 1537 2272; x_wconf 87' lang='lat' dir='ltr'>electurum</span> <span class='ocrx_word' id='word_1_534' title='bbox 1553 2214 1675 2270; x_wconf 91' lang='lat' dir='ltr'>animas.</span> 
     </span>
    </p>

    <p class='ocr_par' dir='ltr' id='par_1_15' title="bbox 1068 2300 1873 3800">
     <span class='ocr_line' id='line_1_71' title="bbox 1110 2300 1871 2380; baseline -0.012 -13"><span class='ocrx_word' id='word_1_535' title='bbox 1110 2311 1136 2367; x_wconf 85' lang='lat'>8.</span> <span class='ocrx_word' id='word_1_536' title='bbox 1166 2307 1264 2380; x_wconf 81' lang='lat' dir='ltr'>Sisque</span> <span class='ocrx_word' id='word_1_537' title='bbox 1292 2302 1401 2361; x_wconf 88' lang='lat' dir='ltr'>tandem</span> <span class='ocrx_word' id='word_1_538' title='bbox 1430 2307 1563 2357; x_wconf 83' lang='lat' dir='ltr'>exeuntes</span> <span class='ocrx_word' id='word_1_539' title='bbox 1593 2300 1629 2356; x_wconf 92' lang='lat' dir='ltr'>ah</span> <span class='ocrx_word' id='word_1_540' title='bbox 1643 2301 1737 2372; x_wconf 90' lang='lat' dir='ltr'>ltalia,</span> <span class='ocrx_word' id='word_1_541' title='bbox 1767 2302 1871 2377; x_wconf 80' lang='lat' dir='ltr'>ingressi</span> 
     </span>
     <span class='ocr_line' id='line_1_72' title="bbox 1074 2389 1871 2470; baseline -0.013 -14"><span class='ocrx_word' id='word_1_542' title='bbox 1074 2415 1157 2456; x_wconf 87' lang='lat' dir='ltr'>eursu</span> <span class='ocrx_word' id='word_1_543' title='bbox 1167 2411 1296 2470; x_wconf 90' lang='lat' dir='ltr'>prospero</span> <span class='ocrx_word' id='word_1_544' title='bbox 1309 2409 1382 2449; x_wconf 91' lang='lat' dir='ltr'>mare</span> <span class='ocrx_word' id='word_1_545' title='bbox 1398 2389 1530 2447; x_wconf 90' lang='lat' dir='ltr'>flantibus</span> <span class='ocrx_word' id='word_1_546' title='bbox 1542 2389 1648 2459; x_wconf 84' lang='lat' dir='ltr'>ventis,</span> <span class='ocrx_word' id='word_1_547' title='bbox 1661 2391 1780 2464; x_wconf 91' lang='lat' dir='ltr'>navigio</span> <span class='ocrx_word' id='word_1_548' title='bbox 1789 2408 1871 2465; x_wconf 83' lang='lat' dir='ltr'>perre-</span> 
     </span>
     <span class='ocr_line' id='line_1_73' title="bbox 1074 2481 1873 2554; baseline -0.009 -8"><span class='ocrx_word' id='word_1_549' title='bbox 1074 2496 1175 2548; x_wconf 91' lang='lat' dir='ltr'>nerunt</span> <span class='ocrx_word' id='word_1_550' title='bbox 1190 2486 1237 2543; x_wconf 92' lang='lat' dir='ltr'>ubi</span> <span class='ocrx_word' id='word_1_551' title='bbox 1253 2501 1299 2541; x_wconf 91' lang='lat' dir='ltr'>eos</span> <span class='ocrx_word' id='word_1_552' title='bbox 1322 2482 1441 2554; x_wconf 88' lang='lat' dir='ltr'>Spiritus</span> <span class='ocrx_word' id='word_1_553' title='bbox 1461 2489 1572 2538; x_wconf 89' lang='lat' dir='ltr'>sanctus</span> <span class='ocrx_word' id='word_1_554' title='bbox 1588 2489 1666 2537; x_wconf 91' lang='lat' dir='ltr'>recto</span> <span class='ocrx_word' id='word_1_555' title='bbox 1681 2481 1816 2553; x_wconf 83' lang='lat' dir='ltr'>perduxit</span> <span class='ocrx_word' id='word_1_556' title='bbox 1829 2481 1873 2540; x_wconf 90' lang='lat' dir='ltr'>iti-</span> 
     </span>
     <span class='ocr_line' id='line_1_74' title="bbox 1073 2570 1872 2649; baseline -0.01 -13"><span class='ocrx_word' id='word_1_557' title='bbox 1073 2596 1147 2647; x_wconf 88' lang='lat' dir='ltr'>nere,</span> <span class='ocrx_word' id='word_1_558' title='bbox 1167 2585 1194 2634; x_wconf 92' lang='lat' dir='ltr'>et</span> <span class='ocrx_word' id='word_1_559' title='bbox 1220 2573 1311 2649; x_wconf 90' lang='lat' dir='ltr'>perlui</span> <span class='ocrx_word' id='word_1_560' title='bbox 1336 2572 1503 2644; x_wconf 89' lang='lat' dir='ltr'>appulerunt</span> <span class='ocrx_word' id='word_1_561' title='bbox 1525 2570 1741 2628; x_wconf 75' lang='lat' dir='ltr'>Arelatensium</span> <span class='ocrx_word' id='word_1_562' title='bbox 1761 2573 1872 2629; x_wconf 84' lang='lat' dir='ltr'>ciuitatis</span> 
     </span>
     <span class='ocr_line' id='line_1_75' title="bbox 1072 2661 1871 2738; baseline -0.009 -11"><span class='ocrx_word' id='word_1_563' title='bbox 1072 2670 1199 2728; x_wconf 91' lang='lat' dir='ltr'>alacriter</span> <span class='ocrx_word' id='word_1_564' title='bbox 1208 2682 1272 2724; x_wconf 92' lang='lat' dir='ltr'>enm</span> <span class='ocrx_word' id='word_1_565' title='bbox 1285 2662 1449 2738; x_wconf 76' lang='lat' dir='ltr'>gandioOui</span> <span class='ocrx_word' id='word_1_566' title='bbox 1465 2670 1598 2719; x_wconf 78' lang='lat' dir='ltr'>exeuntes</span> <span class='ocrx_word' id='word_1_567' title='bbox 1612 2661 1648 2718; x_wconf 93' lang='lat' dir='ltr'>de</span> <span class='ocrx_word' id='word_1_568' title='bbox 1664 2663 1745 2732; x_wconf 83' lang='lat' dir='ltr'>nari,</span> <span class='ocrx_word' id='word_1_569' title='bbox 1762 2663 1871 2736; x_wconf 89' lang='lat' dir='ltr'>bospitio</span> 
     </span>
     <span class='ocr_line' id='line_1_76' title="bbox 1073 2751 1869 2832; baseline -0.01 -14"><span class='ocrx_word' id='word_1_570' title='bbox 1073 2759 1173 2832; x_wconf 88' lang='lat' dir='ltr'>recepti</span> <span class='ocrx_word' id='word_1_571' title='bbox 1185 2755 1293 2814; x_wconf 88' lang='lat' dir='ltr'>suntab</span> <span class='ocrx_word' id='word_1_572' title='bbox 1308 2751 1536 2824; x_wconf 83' lang='lat' dir='ltr'>incolisejusdem</span> <span class='ocrx_word' id='word_1_573' title='bbox 1552 2751 1690 2822; x_wconf 89' lang='lat' dir='ltr'>civitatis,</span> <span class='ocrx_word' id='word_1_574' title='bbox 1708 2753 1759 2827; x_wconf 94' lang='lat' dir='ltr'>qni</span> <span class='ocrx_word' id='word_1_575' title='bbox 1772 2754 1811 2810; x_wconf 86' lang='lat' dir='ltr'>eis</span> <span class='ocrx_word' id='word_1_576' title='bbox 1824 2770 1869 2810; x_wconf 92' lang='lat' dir='ltr'>non</span> 
     </span>
     <span class='ocr_line' id='line_1_77' title="bbox 1072 2840 1870 2917; baseline -0.006 -14"><span class='ocrx_word' id='word_1_577' title='bbox 1072 2846 1208 2903; x_wconf 89' lang='lat' dir='ltr'>medicam</span> <span class='ocrx_word' id='word_1_578' title='bbox 1223 2840 1389 2917; x_wconf 73' lang='lat' dir='ltr'>prestabant</span> <span class='ocrx_word' id='word_1_579' title='bbox 1404 2840 1617 2897; x_wconf 87' lang='lat' dir='ltr'>humanitatem.</span> <span class='ocrx_word' id='word_1_580' title='bbox 1636 2842 1691 2900; x_wconf 88' lang='lat' dir='ltr'>Ubi</span> <span class='ocrx_word' id='word_1_581' title='bbox 1710 2860 1777 2901; x_wconf 89' lang='lat' dir='ltr'>cum</span> <span class='ocrx_word' id='word_1_582' title='bbox 1790 2850 1870 2902; x_wconf 83' lang='lat' dir='ltr'>essem</span> 
     </span>
     <span class='ocr_line' id='line_1_78' title="bbox 1072 2931 1868 3009; baseline 0 -20"><span class='ocrx_word' id='word_1_583' title='bbox 1072 2934 1173 3009; x_wconf 91' lang='lat' dir='ltr'>pariter</span> <span class='ocrx_word' id='word_1_584' title='bbox 1187 2931 1334 3006; x_wconf 84' lang='lat' dir='ltr'>aggregati,</span> <span class='ocrx_word' id='word_1_585' title='bbox 1353 2945 1427 2988; x_wconf 91' lang='lat' dir='ltr'>more</span> <span class='ocrx_word' id='word_1_586' title='bbox 1439 2937 1599 2987; x_wconf 91' lang='lat' dir='ltr'>sanctornm</span> <span class='ocrx_word' id='word_1_587' title='bbox 1615 2932 1810 3004; x_wconf 91' lang='lat' dir='ltr'>apostolorum</span> <span class='ocrx_word' id='word_1_588' title='bbox 1822 2947 1868 2989; x_wconf 84' lang='lat' dir='ltr'>cte·</span> 
     </span>
     <span class='ocr_line' id='line_1_79' title="bbox 1072 3020 1869 3098; baseline -0.001 -18"><span class='ocrx_word' id='word_1_589' title='bbox 1072 3030 1171 3098; x_wconf 91' lang='lat' dir='ltr'>perunt</span> <span class='ocrx_word' id='word_1_590' title='bbox 1182 3022 1284 3080; x_wconf 89' lang='lat' dir='ltr'>ibidem</span> <span class='ocrx_word' id='word_1_591' title='bbox 1299 3021 1382 3078; x_wconf 89' lang='lat' dir='ltr'>simul</span> <span class='ocrx_word' id='word_1_592' title='bbox 1397 3020 1580 3094; x_wconf 88' lang='lat' dir='ltr'>coinquirere,</span> <span class='ocrx_word' id='word_1_593' title='bbox 1591 3020 1700 3094; x_wconf 88' lang='lat' dir='ltr'>singuli</span> <span class='ocrx_word' id='word_1_594' title='bbox 1711 3038 1780 3096; x_wconf 86' lang='lat' dir='ltr'>quas</span> <span class='ocrx_word' id='word_1_595' title='bbox 1789 3030 1869 3096; x_wconf 83' lang='lat' dir='ltr'>partes</span> 
     </span>
     <span class='ocr_line' id='line_1_80' title="bbox 1071 3111 1868 3187; baseline -0.005 -16"><span class='ocrx_word' id='word_1_596' title='bbox 1071 3116 1100 3172; x_wconf 92' lang='lat' dir='ltr'>in</span> <span class='ocrx_word' id='word_1_597' title='bbox 1117 3112 1340 3187; x_wconf 79' lang='lat' dir='ltr'>predicationem</span> <span class='ocrx_word' id='word_1_598' title='bbox 1357 3111 1499 3184; x_wconf 88' lang='lat' dir='ltr'>eligerent,</span> <span class='ocrx_word' id='word_1_599' title='bbox 1516 3111 1599 3184; x_wconf 85' lang='lat' dir='ltr'>quiue</span> <span class='ocrx_word' id='word_1_600' title='bbox 1615 3113 1726 3184; x_wconf 90' lang='lat' dir='ltr'>pariter</span> <span class='ocrx_word' id='word_1_601' title='bbox 1736 3111 1825 3185; x_wconf 80' lang='lat' dir='ltr'>juncti</span> <span class='ocrx_word' id='word_1_602' title='bbox 1835 3113 1868 3168; x_wconf 93' lang='lat' dir='ltr'>ire</span> 
     </span>
     <span class='ocr_line' id='line_1_81' title="bbox 1070 3201 1868 3275; baseline -0.003 -15"><span class='ocrx_word' id='word_1_603' title='bbox 1070 3204 1210 3261; x_wconf 89' lang='lat' dir='ltr'>deberent.</span> <span class='ocrx_word' id='word_1_604' title='bbox 1225 3202 1325 3275; x_wconf 87' lang='lat' dir='ltr'>Sicque</span> <span class='ocrx_word' id='word_1_605' title='bbox 1347 3201 1449 3258; x_wconf 92' lang='lat' dir='ltr'>factum</span> <span class='ocrx_word' id='word_1_606' title='bbox 1465 3208 1551 3258; x_wconf 89' lang='lat' dir='ltr'>estut</span> <span class='ocrx_word' id='word_1_607' title='bbox 1566 3210 1576 3238; x_wconf 72' lang='lat'><strong>⁶</strong></span> <span class='ocrx_word' id='word_1_608' title='bbox 1592 3202 1794 3260; x_wconf 78' lang='lat' dir='ltr'>Marcellinum</span> <span class='ocrx_word' id='word_1_609' title='bbox 1807 3218 1868 3259; x_wconf 86' lang='lat' dir='ltr'>san-</span> 
     </span>
     <span class='ocr_line' id='line_1_82' title="bbox 1069 3290 1867 3366; baseline -0.001 -16"><span class='ocrx_word' id='word_1_610' title='bbox 1069 3294 1222 3350; x_wconf 88' lang='lat' dir='ltr'>ctissimum</span> <span class='ocrx_word' id='word_1_611' title='bbox 1236 3309 1298 3349; x_wconf 92' lang='lat' dir='ltr'>cum</span> <span class='ocrx_word' id='word_1_612' title='bbox 1315 3291 1419 3364; x_wconf 89' lang='lat' dir='ltr'>paneis,</span> <span class='ocrx_word' id='word_1_613' title='bbox 1443 3299 1474 3348; x_wconf 87' lang='lat' dir='ltr'>ut</span> <span class='ocrx_word' id='word_1_614' title='bbox 1487 3290 1583 3358; x_wconf 89' lang='lat' dir='ltr'>fertur,</span> <span class='ocrx_word' id='word_1_615' title='bbox 1599 3292 1635 3348; x_wconf 90' lang='lat' dir='ltr'>ad</span> <span class='ocrx_word' id='word_1_616' title='bbox 1651 3292 1800 3366; x_wconf 86' lang='lat' dir='ltr'>Hispanias</span> <span class='ocrx_word' id='word_1_617' title='bbox 1812 3292 1867 3349; x_wconf 87' lang='lat' dir='ltr'>urit·</span> 
     </span>
     <span class='ocr_line' id='line_1_83' title="bbox 1070 3379 1865 3455; baseline -0.005 -14"><span class='ocrx_word' id='word_1_618' title='bbox 1070 3392 1158 3441; x_wconf 86' lang='lat' dir='ltr'>terent</span> <span class='ocrx_word' id='word_1_619' title='bbox 1171 3402 1177 3451; x_wconf 94' lang='lat'>;</span> <span class='ocrx_word' id='word_1_620' title='bbox 1193 3383 1206 3418; x_wconf 81' lang='lat'>‘¹</span> <span class='ocrx_word' id='word_1_621' title='bbox 1221 3381 1401 3439; x_wconf 88' lang='lat' dir='ltr'>Saturninum</span> <span class='ocrx_word' id='word_1_622' title='bbox 1415 3396 1481 3437; x_wconf 87' lang='lat' dir='ltr'>vero</span> <span class='ocrx_word' id='word_1_623' title='bbox 1492 3379 1621 3437; x_wconf 87' lang='lat' dir='ltr'>Tolosam</span> <span class='ocrx_word' id='word_1_624' title='bbox 1638 3381 1779 3455; x_wconf 84' lang='lat' dir='ltr'>dirigunt,</span> <span class='ocrx_word' id='word_1_625' title='bbox 1791 3381 1865 3439; x_wconf 76' lang='lat' dir='ltr'>‘tesi</span> 
     </span>
     <span class='ocr_line' id='line_1_84' title="bbox 1069 3470 1864 3546; baseline -0.003 -17"><span class='ocrx_word' id='word_1_626' title='bbox 1069 3473 1103 3530; x_wconf 92' lang='lat' dir='ltr'>ad</span> <span class='ocrx_word' id='word_1_627' title='bbox 1118 3471 1275 3546; x_wconf 78' lang='lat' dir='ltr'>Aquitania</span> <span class='ocrx_word' id='word_1_628' title='bbox 1291 3477 1382 3543; x_wconf 88' lang='lat' dir='ltr'>caput,</span> <span class='ocrx_word' id='word_1_629' title='bbox 1399 3479 1430 3528; x_wconf 90' lang='lat' dir='ltr'>ut</span> <span class='ocrx_word' id='word_1_630' title='bbox 1451 3471 1530 3543; x_wconf 87' lang='lat' dir='ltr'>louge</span> <span class='ocrx_word' id='word_1_631' title='bbox 1555 3470 1665 3544; x_wconf 89' lang='lat' dir='ltr'>lateque</span> <span class='ocrx_word' id='word_1_632' title='bbox 1683 3470 1782 3529; x_wconf 83' lang='lat' dir='ltr'>aeterni</span> <span class='ocrx_word' id='word_1_633' title='bbox 1796 3471 1864 3546; x_wconf 84' lang='lat' dir='ltr'>regni</span> 
     </span>
     <span class='ocr_line' id='line_1_85' title="bbox 1069 3559 1865 3636; baseline -0.004 -17"><span class='ocrx_word' id='word_1_634' title='bbox 1069 3563 1250 3636; x_wconf 86' lang='lat' dir='ltr'>Evangelium</span> <span class='ocrx_word' id='word_1_635' title='bbox 1276 3567 1455 3634; x_wconf 90' lang='lat' dir='ltr'>propagarent</span> <span class='ocrx_word' id='word_1_636' title='bbox 1469 3559 1497 3615; x_wconf 93' lang='lat' dir='ltr'>in</span> <span class='ocrx_word' id='word_1_637' title='bbox 1511 3559 1651 3633; x_wconf 87' lang='lat' dir='ltr'>gentibus,</span> <span class='ocrx_word' id='word_1_638' title='bbox 1672 3568 1702 3618; x_wconf 89' lang='lat' dir='ltr'>et</span> <span class='ocrx_word' id='word_1_639' title='bbox 1715 3562 1865 3635; x_wconf 88' lang='lat' dir='ltr'>plantarent</span> 
     </span>
     <span class='ocr_line' id='line_1_86' title="bbox 1069 3648 1862 3724; baseline -0.003 -15"><span class='ocrx_word' id='word_1_640' title='bbox 1069 3652 1206 3710; x_wconf 82' lang='lat' dir='ltr'>Ecclesiae</span> <span class='ocrx_word' id='word_1_641' title='bbox 1221 3651 1324 3709; x_wconf 91' lang='lat' dir='ltr'>Christi</span> <span class='ocrx_word' id='word_1_642' title='bbox 1339 3649 1440 3723; x_wconf 86' lang='lat' dir='ltr'>passim</span> <span class='ocrx_word' id='word_1_643' title='bbox 1455 3648 1589 3724; x_wconf 84' lang='lat' dir='ltr'>usquead</span> <span class='ocrx_word' id='word_1_644' title='bbox 1605 3649 1752 3708; x_wconf 88' lang='lat' dir='ltr'>Oceanum</span> <span class='ocrx_word' id='word_1_645' title='bbox 1766 3651 1862 3708; x_wconf 80' lang='lat' dir='ltr'>Britan</span> 
     </span>
     <span class='ocr_line' id='line_1_87' title="bbox 1068 3741 1194 3800; baseline -0.016 0"><span class='ocrx_word' id='word_1_646' title='bbox 1068 3741 1194 3800; x_wconf 50' lang='lat' dir='ltr'>mmm&amp;</span> 
     </span>
    </p>
   </div>
   <div class='ocr_carea' id='block_1_14' title="bbox 1063 3841 1862 4563">
    <p class='ocr_par' dir='ltr' id='par_1_16' title="bbox 1068 3841 1862 3973">
     <span class='ocr_line' id='line_1_88' title="bbox 1068 3841 1862 3914; baseline 0.001 -14"><span class='ocrx_word' id='word_1_647' title='bbox 1068 3845 1197 3903; x_wconf 78' lang='lat' dir='ltr'>Ecclesia</span> <span class='ocrx_word' id='word_1_648' title='bbox 1212 3842 1353 3900; x_wconf 82' lang='lat' dir='ltr'>Tolosana</span> <span class='ocrx_word' id='word_1_649' title='bbox 1366 3841 1525 3910; x_wconf 91' lang='lat' dir='ltr'>traditione,</span> <span class='ocrx_word' id='word_1_650' title='bbox 1538 3848 1569 3898; x_wconf 90' lang='lat' dir='ltr'>ut</span> <span class='ocrx_word' id='word_1_651' title='bbox 1579 3847 1656 3914; x_wconf 87' lang='lat' dir='ltr'>patet</span> <span class='ocrx_word' id='word_1_652' title='bbox 1670 3856 1710 3901; x_wconf 87' lang='lat' dir='ltr'>ex</span> <span class='ocrx_word' id='word_1_653' title='bbox 1720 3842 1862 3901; x_wconf 86' lang='lat' dir='ltr'>Cuilielmo</span> 
     </span>
     <span class='ocr_line' id='line_1_89' title="bbox 1068 3914 1561 3973; baseline -0.004 0"><span class='ocrx_word' id='word_1_654' title='bbox 1068 3916 1184 3973; x_wconf 89' lang='lat' dir='ltr'>Catellio</span> <span class='ocrx_word' id='word_1_655' title='bbox 1199 3917 1224 3971; x_wconf 91' lang='lat' dir='ltr'>l.</span> <span class='ocrx_word' id='word_1_656' title='bbox 1240 3915 1257 3972; x_wconf 78' lang='grc' dir='ltr'><strong>ὅ</strong></span> <span class='ocrx_word' id='word_1_657' title='bbox 1272 3914 1399 3972; x_wconf 84' lang='lat' dir='ltr'>ilistoriae</span> <span class='ocrx_word' id='word_1_658' title='bbox 1414 3915 1561 3973; x_wconf 82' lang='lat' dir='ltr'>Oceitanae.</span> 
     </span>
    </p>

    <p class='ocr_par' dir='ltr' id='par_1_17' title="bbox 1065 3986 1862 4331">
     <span class='ocr_line' id='line_1_90' title="bbox 1102 3986 1862 4059; baseline 0.001 -15"><span class='ocrx_word' id='word_1_659' title='bbox 1102 3988 1187 4044; x_wconf 72' lang='lat' dir='ltr'>eNou</span> <span class='ocrx_word' id='word_1_660' title='bbox 1203 3998 1244 4044; x_wconf 92' lang='lat' dir='ltr'>est</span> <span class='ocrx_word' id='word_1_661' title='bbox 1266 3987 1417 4059; x_wconf 72' lang='lat' dir='ltr'>Aquiloniae</span> <span class='ocrx_word' id='word_1_662' title='bbox 1434 3986 1557 4043; x_wconf 88' lang='lat' dir='ltr'>civitatis</span> <span class='ocrx_word' id='word_1_663' title='bbox 1579 3987 1692 4057; x_wconf 83' lang='lat' dir='ltr'>Tolosa,</span> <span class='ocrx_word' id='word_1_664' title='bbox 1710 3988 1759 4046; x_wconf 83' lang='lat' dir='ltr'>see</span> <span class='ocrx_word' id='word_1_665' title='bbox 1773 3990 1862 4048; x_wconf 78' lang='lat' dir='ltr'>Gallie</span> 
     </span>
     <span class='ocr_line' id='line_1_91' title="bbox 1066 4059 1860 4131; baseline 0.003 -16"><span class='ocrx_word' id='word_1_666' title='bbox 1066 4060 1252 4116; x_wconf 83' lang='lat' dir='ltr'>Narboumsit.</span> <span class='ocrx_word' id='word_1_667' title='bbox 1262 4059 1328 4116; x_wconf 85' lang='lat' dir='ltr'>Ideo</span> <span class='ocrx_word' id='word_1_668' title='bbox 1342 4068 1433 4116; x_wconf 93' lang='lat' dir='ltr'>autem</span> <span class='ocrx_word' id='word_1_669' title='bbox 1448 4067 1528 4115; x_wconf 90' lang='lat' dir='ltr'>vocat</span> <span class='ocrx_word' id='word_1_670' title='bbox 1542 4067 1640 4115; x_wconf 89' lang='lat' dir='ltr'>auctor</span> <span class='ocrx_word' id='word_1_671' title='bbox 1655 4061 1814 4131; x_wconf 75' lang='lat' dir='ltr'>Aquitania</span> <span class='ocrx_word' id='word_1_672' title='bbox 1824 4078 1860 4117; x_wconf 73' lang='lat' dir='ltr'>re</span> 
     </span>
     <span class='ocr_line' id='line_1_92' title="bbox 1065 4129 1862 4259; baseline 0.005 -74"><span class='ocrx_word' id='word_1_673' title='bbox 1065 4138 1122 4202; x_wconf 87' lang='lat' dir='ltr'>put,</span> <span class='ocrx_word' id='word_1_674' title='bbox 1138 4131 1203 4204; x_wconf 90' lang='lat' dir='ltr'>quia</span> <span class='ocrx_word' id='word_1_675' title='bbox 1216 4131 1372 4211; x_wconf 71' lang='lat' dir='ltr'>Aquitaniae</span> <span class='ocrx_word' id='word_1_676' title='bbox 1387 4146 1463 4203; x_wconf 88' lang='lat' dir='ltr'>reges</span> <span class='ocrx_word' id='word_1_677' title='bbox 1477 4129 1622 4203; x_wconf 84' lang='lat' dir='ltr'>Aripertns</span> <span class='ocrx_word' id='word_1_678' title='bbox 1642 4131 1793 4259; x_wconf 61' lang='lat' dir='ltr'>Daqoberti</span> <span class='ocrx_word' id='word_1_679' title='bbox 1809 4132 1862 4189; x_wconf 83' lang='lat' dir='ltr'>fra·</span> 
     </span>
     <span class='ocr_line' id='line_1_93' title="bbox 1066 4201 1858 4276; baseline 0.001 -18"><span class='ocrx_word' id='word_1_680' title='bbox 1066 4211 1117 4272; x_wconf 90' lang='lat' dir='ltr'>ter,</span> <span class='ocrx_word' id='word_1_681' title='bbox 1129 4211 1156 4258; x_wconf 93' lang='lat' dir='ltr'>et</span> <span class='ocrx_word' id='word_1_682' title='bbox 1171 4202 1328 4258; x_wconf 87' lang='lat' dir='ltr'>Ludovicus</span> <span class='ocrx_word' id='word_1_683' title='bbox 1338 4203 1412 4270; x_wconf 81' lang='lat' dir='ltr'>Pius,</span> <span class='ocrx_word' id='word_1_684' title='bbox 1425 4201 1518 4259; x_wconf 88' lang='lat' dir='ltr'>sedem</span> <span class='ocrx_word' id='word_1_685' title='bbox 1531 4202 1635 4276; x_wconf 87' lang='lat' dir='ltr'>regiam</span> <span class='ocrx_word' id='word_1_686' title='bbox 1646 4201 1690 4259; x_wconf 74' lang='lat' dir='ltr'>&#39;l&#39;o</span> <span class='ocrx_word' id='word_1_687' title='bbox 1701 4218 1758 4262; x_wconf 81' lang='lat' dir='ltr'>oste</span> <span class='ocrx_word' id='word_1_688' title='bbox 1771 4204 1858 4262; x_wconf 85' lang='lat' dir='ltr'>fixere.</span> 
     </span>
     <span class='ocr_line' id='line_1_94' title="bbox 1065 4272 1408 4331; baseline -0.003 -1"><span class='ocrx_word' id='word_1_689' title='bbox 1065 4275 1146 4331; x_wconf 89' lang='lat' dir='ltr'>Plura</span> <span class='ocrx_word' id='word_1_690' title='bbox 1160 4274 1194 4330; x_wconf 93' lang='lat' dir='ltr'>de</span> <span class='ocrx_word' id='word_1_691' title='bbox 1209 4274 1253 4330; x_wconf 88' lang='lat' dir='ltr'>his</span> <span class='ocrx_word' id='word_1_692' title='bbox 1267 4272 1408 4331; x_wconf 88' lang='lat' dir='ltr'>Catellius.</span> 
     </span>
    </p>

    <p class='ocr_par' dir='ltr' id='par_1_18' title="bbox 1063 4346 1861 4563">
     <span class='ocr_line' id='line_1_95' title="bbox 1100 4346 1861 4417; baseline 0.004 -15"><span class='ocrx_word' id='word_1_693' title='bbox 1100 4346 1110 4382; x_wconf 76' lang='lat'><strong><em>¹</em></strong></span> <span class='ocrx_word' id='word_1_694' title='bbox 1129 4347 1249 4402; x_wconf 52' lang='lat' dir='ltr'>hortatus</span> <span class='ocrx_word' id='word_1_695' title='bbox 1272 4346 1364 4416; x_wconf 88' lang='lat' dir='ltr'>plnres</span> <span class='ocrx_word' id='word_1_696' title='bbox 1378 4353 1521 4402; x_wconf 89' lang='lat' dir='ltr'>enumerat</span> <span class='ocrx_word' id='word_1_697' title='bbox 1540 4360 1637 4403; x_wconf 91' lang='lat' dir='ltr'>eorum</span> <span class='ocrx_word' id='word_1_698' title='bbox 1652 4347 1757 4417; x_wconf 88' lang='lat' dir='ltr'>socios,</span> <span class='ocrx_word' id='word_1_699' title='bbox 1783 4348 1861 4404; x_wconf 80' lang='lat' dir='ltr'>variis</span> 
     </span>
     <span class='ocr_line' id='line_1_96' title="bbox 1063 4416 1860 4544; baseline 0.006 -72"><span class='ocrx_word' id='word_1_700' title='bbox 1063 4419 1174 4544; x_wconf 57' lang='lat' dir='ltr'>populis</span> <span class='ocrx_word' id='word_1_701' title='bbox 1188 4416 1266 4474; x_wconf 89' lang='lat' dir='ltr'>datos</span> <span class='ocrx_word' id='word_1_702' title='bbox 1278 4417 1421 4499; x_wconf 78' lang='lat' dir='ltr'>Evangelii</span> <span class='ocrx_word' id='word_1_703' title='bbox 1438 4432 1586 4488; x_wconf 75' lang='lat' dir='ltr'>precones,</span> <span class='ocrx_word' id='word_1_704' title='bbox 1599 4418 1628 4474; x_wconf 89' lang='lat' dir='ltr'>S.</span> <span class='ocrx_word' id='word_1_705' title='bbox 1644 4419 1779 4491; x_wconf 74' lang='lat' dir='ltr'>Requirere</span> <span class='ocrx_word' id='word_1_706' title='bbox 1792 4422 1860 4477; x_wconf 76' lang='lat' dir='ltr'>Are-</span> 
     </span>
     <span class='ocr_line' id='line_1_97' title="bbox 1074 4488 1860 4563; baseline 0.003 -19"><span class='ocrx_word' id='word_1_707' title='bbox 1074 4489 1225 4549; x_wconf 85' lang='lat' dir='ltr'>atensibus.</span> <span class='ocrx_word' id='word_1_708' title='bbox 1240 4489 1274 4547; x_wconf 84' lang='lat'>30</span> <span class='ocrx_word' id='word_1_709' title='bbox 1291 4489 1379 4546; x_wconf 86' lang='lat' dir='ltr'>blartri</span> <span class='ocrx_word' id='word_1_710' title='bbox 1397 4488 1473 4544; x_wconf 88' lang='lat' dir='ltr'>fastis</span> <span class='ocrx_word' id='word_1_711' title='bbox 1487 4489 1572 4546; x_wconf 89' lang='lat' dir='ltr'>sacris</span> <span class='ocrx_word' id='word_1_712' title='bbox 1584 4489 1778 4563; x_wconf 66' lang='lat' dir='ltr'>adscriptum</span> <span class='ocrx_word' id='word_1_713' title='bbox 1795 4490 1860 4550; x_wconf 83' lang='lat' dir='ltr'>Ursi·</span> 
     </span>
    </p>
   </div>
   <div class='ocr_carea' id='block_1_15' title="bbox 210 4558 1860 4634">
    <p class='ocr_par' dir='ltr' id='par_1_19' title="bbox 210 4558 1860 4634">
     <span class='ocr_line' id='line_1_98' title="bbox 210 4558 1860 4634; baseline 0.002 -19"><span class='ocrx_word' id='word_1_714' title='bbox 210 4576 268 4617; x_wconf 89' lang='lat' dir='ltr'>esse</span> <span class='ocrx_word' id='word_1_715' title='bbox 282 4559 470 4617; x_wconf 89' lang='lat' dir='ltr'>omissa.Nam</span> <span class='ocrx_word' id='word_1_716' title='bbox 484 4560 543 4616; x_wconf 87' lang='lat' dir='ltr'>sive</span> <span class='ocrx_word' id='word_1_717' title='bbox 557 4560 585 4617; x_wconf 90' lang='lat' dir='ltr'>S.</span> <span class='ocrx_word' id='word_1_718' title='bbox 600 4559 749 4618; x_wconf 89' lang='lat' dir='ltr'>Clementis</span> <span class='ocrx_word' id='word_1_719' title='bbox 760 4566 847 4627; x_wconf 84' lang='lat' dir='ltr'>aetate,</span> <span class='ocrx_word' id='word_1_720' title='bbox 859 4558 917 4616; x_wconf 88' lang='lat' dir='ltr'>sive</span> <span class='ocrx_word' id='word_1_721' title='bbox 932 4561 1008 4616; x_wconf 90' lang='lat' dir='ltr'>Decii</span> <span class='ocrx_word' id='word_1_722' title='bbox 1062 4578 1126 4615; x_wconf 88' lang='lat' dir='ltr'>uum</span> <span class='ocrx_word' id='word_1_723' title='bbox 1136 4559 1571 4634; x_wconf 83' lang='lat' dir='ltr'>biturigibus‚quiNathanaelem</span> <span class='ocrx_word' id='word_1_724' title='bbox 1578 4559 1860 4632; x_wconf 79' lang='lat' dir='ltr'>fuisserolunt,9Ne·</span> 
     </span>
    </p>
   </div>
   <div class='ocr_carea' id='block_1_16' title="bbox 205 4631 1010 5423">
    <p class='ocr_par' dir='ltr' id='par_1_20' title="bbox 205 4631 1010 5062">
     <span class='ocr_line' id='line_1_99' title="bbox 210 4631 1010 4706; baseline 0 -17"><span class='ocrx_word' id='word_1_725' title='bbox 210 4631 381 4706; x_wconf 87' lang='lat' dir='ltr'>temporibus</span> <span class='ocrx_word' id='word_1_726' title='bbox 394 4631 514 4688; x_wconf 81' lang='lat' dir='ltr'>venitin</span> <span class='ocrx_word' id='word_1_727' title='bbox 533 4631 649 4688; x_wconf 88' lang='lat' dir='ltr'>Galliam</span> <span class='ocrx_word' id='word_1_728' title='bbox 674 4631 818 4702; x_wconf 76' lang='lat' dir='ltr'>Luciacus,</span> <span class='ocrx_word' id='word_1_729' title='bbox 840 4645 896 4686; x_wconf 92' lang='lat' dir='ltr'>non</span> <span class='ocrx_word' id='word_1_730' title='bbox 920 4632 1010 4704; x_wconf 90' lang='lat' dir='ltr'>potuit</span> 
     </span>
     <span class='ocr_line' id='line_1_100' title="bbox 209 4701 1007 4775; baseline -0.001 -16"><span class='ocrx_word' id='word_1_731' title='bbox 209 4718 272 4759; x_wconf 91' lang='lat' dir='ltr'>eum</span> <span class='ocrx_word' id='word_1_732' title='bbox 289 4703 316 4759; x_wconf 89' lang='lat' dir='ltr'>S.</span> <span class='ocrx_word' id='word_1_733' title='bbox 330 4701 478 4758; x_wconf 87' lang='lat' dir='ltr'>Domoiuus</span> <span class='ocrx_word' id='word_1_734' title='bbox 488 4704 587 4775; x_wconf 90' lang='lat' dir='ltr'>capitis</span> <span class='ocrx_word' id='word_1_735' title='bbox 600 4704 643 4760; x_wconf 91' lang='lat' dir='ltr'>sui</span> <span class='ocrx_word' id='word_1_736' title='bbox 662 4702 785 4775; x_wconf 90' lang='lat' dir='ltr'>periculo</span> <span class='ocrx_word' id='word_1_737' title='bbox 806 4701 933 4771; x_wconf 88' lang='lat' dir='ltr'>liberare,</span> <span class='ocrx_word' id='word_1_738' title='bbox 989 4703 1007 4773; x_wconf 94' lang='lat' dir='ltr'>i,</span> 
     </span>
     <span class='ocr_line' id='line_1_101' title="bbox 209 4771 1008 4847; baseline 0.001 -17"><span class='ocrx_word' id='word_1_739' title='bbox 209 4781 241 4830; x_wconf 89' lang='lat' dir='ltr'>ut</span> <span class='ocrx_word' id='word_1_740' title='bbox 255 4774 272 4831; x_wconf 84' lang='grc'>9</span> <span class='ocrx_word' id='word_1_741' title='bbox 286 4771 413 4830; x_wconf 89' lang='lat' dir='ltr'>Octobris</span> <span class='ocrx_word' id='word_1_742' title='bbox 435 4773 569 4840; x_wconf 89' lang='lat' dir='ltr'>dicemus,</span> <span class='ocrx_word' id='word_1_743' title='bbox 588 4774 668 4830; x_wconf 89' lang='lat' dir='ltr'>annis</span> <span class='ocrx_word' id='word_1_744' title='bbox 682 4780 744 4846; x_wconf 89' lang='lat' dir='ltr'>post</span> <span class='ocrx_word' id='word_1_745' title='bbox 763 4772 947 4847; x_wconf 85' lang='lat' dir='ltr'>Deciumque</span> <span class='ocrx_word' id='word_1_746' title='bbox 969 4792 1008 4831; x_wconf 91' lang='lat' dir='ltr'>ra-</span> 
     </span>
     <span class='ocr_line' id='line_1_102' title="bbox 209 4843 1009 4919; baseline 0 -18"><span class='ocrx_word' id='word_1_747' title='bbox 209 4845 286 4919; x_wconf 91' lang='lat' dir='ltr'>ginta</span> <span class='ocrx_word' id='word_1_748' title='bbox 299 4843 461 4902; x_wconf 81' lang='lat' dir='ltr'>Maximiani</span> <span class='ocrx_word' id='word_1_749' title='bbox 475 4846 750 4912; x_wconf 88' lang='lat' dir='ltr'>cubiculiarinserat,</span> <span class='ocrx_word' id='word_1_750' title='bbox 767 4844 861 4917; x_wconf 88' lang='lat' dir='ltr'>ibique</span> <span class='ocrx_word' id='word_1_751' title='bbox 891 4861 920 4899; x_wconf 95' lang='lat' dir='ltr'>ro</span> <span class='ocrx_word' id='word_1_752' title='bbox 930 4845 1009 4903; x_wconf 83' lang='lat' dir='ltr'>C&#39;nri·</span> 
     </span>
     <span class='ocr_line' id='line_1_103' title="bbox 209 4861 1009 4990; baseline -0.001 -15"><span class='ocrx_word' id='word_1_753' title='bbox 209 4917 246 4976; x_wconf 91' lang='lat' dir='ltr'>sti</span> <span class='ocrx_word' id='word_1_754' title='bbox 258 4917 313 4974; x_wconf 90' lang='lat' dir='ltr'>fide</span> <span class='ocrx_word' id='word_1_755' title='bbox 329 4916 501 4986; x_wconf 89' lang='lat' dir='ltr'>interfectus,</span> <span class='ocrx_word' id='word_1_756' title='bbox 521 4916 583 4973; x_wconf 94' lang='lat' dir='ltr'>loco</span> <span class='ocrx_word' id='word_1_757' title='bbox 600 4916 729 4989; x_wconf 87' lang='lat' dir='ltr'>deinceps</span> <span class='ocrx_word' id='word_1_758' title='bbox 744 4930 844 4971; x_wconf 90' lang='lat' dir='ltr'>nomen</span> <span class='ocrx_word' id='word_1_759' title='bbox 865 4861 942 4987; x_wconf 54' lang='lat' dir='ltr'>doit,</span> <span class='ocrx_word' id='word_1_760' title='bbox 961 4919 1009 4990; x_wconf 91' lang='lat' dir='ltr'>qni</span> 
     </span>
     <span class='ocr_line' id='line_1_104' title="bbox 205 4987 710 5062; baseline -0.006 -16"><span class='ocrx_word' id='word_1_761' title='bbox 205 4988 262 5062; x_wconf 87' lang='lat' dir='ltr'>jam</span> <span class='ocrx_word' id='word_1_762' title='bbox 278 4990 398 5058; x_wconf 79' lang='lat' dir='ltr'>Burgum</span> <span class='ocrx_word' id='word_1_763' title='bbox 413 4989 442 5046; x_wconf 89' lang='lat' dir='ltr'>S.</span> <span class='ocrx_word' id='word_1_764' title='bbox 457 4988 585 5044; x_wconf 86' lang='lat' dir='ltr'>Domuiui</span> <span class='ocrx_word' id='word_1_765' title='bbox 597 4987 710 5045; x_wconf 87' lang='lat' dir='ltr'>dicitnr.</span> 
     </span>
    </p>

    <p class='ocr_par' dir='ltr' id='par_1_21' title="bbox 213 5057 1008 5205">
     <span class='ocr_line' id='line_1_105' title="bbox 244 5057 1008 5133; baseline -0.007 -11"><span class='ocrx_word' id='word_1_766' title='bbox 244 5069 256 5106; x_wconf 72' lang='lat'>¹⁸</span> <span class='ocrx_word' id='word_1_767' title='bbox 274 5061 336 5122; x_wconf 89' lang='lat' dir='ltr'>Non</span> <span class='ocrx_word' id='word_1_768' title='bbox 352 5061 407 5120; x_wconf 92' lang='lat' dir='ltr'>nisi</span> <span class='ocrx_word' id='word_1_769' title='bbox 423 5060 577 5118; x_wconf 88' lang='lat' dir='ltr'>Gothorum</span> <span class='ocrx_word' id='word_1_770' title='bbox 592 5057 764 5133; x_wconf 88' lang='lat' dir='ltr'>temporibus</span> <span class='ocrx_word' id='word_1_771' title='bbox 785 5057 860 5133; x_wconf 90' lang='lat' dir='ltr'>regia</span> <span class='ocrx_word' id='word_1_772' title='bbox 873 5059 940 5117; x_wconf 90' lang='lat' dir='ltr'>urbs</span> <span class='ocrx_word' id='word_1_773' title='bbox 955 5059 1008 5117; x_wconf 92' lang='lat' dir='ltr'>fuit</span> 
     </span>
     <span class='ocr_line' id='line_1_106' title="bbox 213 5134 529 5205; baseline -0.003 -15"><span class='ocrx_word' id='word_1_774' title='bbox 213 5134 342 5205; x_wconf 68' lang='lat' dir='ltr'>metitum,</span> <span class='ocrx_word' id='word_1_775' title='bbox 359 5134 418 5193; x_wconf 88' lang='lat' dir='ltr'>sive</span> <span class='ocrx_word' id='word_1_776' title='bbox 432 5134 529 5205; x_wconf 87' lang='lat' dir='ltr'>Pupio.</span> 
     </span>
    </p>

    <p class='ocr_par' dir='ltr' id='par_1_22' title="bbox 208 5202 1008 5400">
     <span class='ocr_line' id='line_1_107' title="bbox 243 5202 1008 5273; baseline -0.005 -11"><span class='ocrx_word' id='word_1_777' title='bbox 243 5215 254 5242; x_wconf 78' lang='lat'><strong>⁶</strong></span> <span class='ocrx_word' id='word_1_778' title='bbox 275 5208 355 5266; x_wconf 91' lang='lat' dir='ltr'>llune</span> <span class='ocrx_word' id='word_1_779' title='bbox 374 5205 479 5263; x_wconf 91' lang='lat' dir='ltr'>omittit</span> <span class='ocrx_word' id='word_1_780' title='bbox 501 5205 630 5273; x_wconf 84' lang='lat' dir='ltr'>hovetus,</span> <span class='ocrx_word' id='word_1_781' title='bbox 655 5218 706 5261; x_wconf 90' lang='lat' dir='ltr'>nee</span> <span class='ocrx_word' id='word_1_782' title='bbox 723 5203 789 5259; x_wconf 89' lang='lat' dir='ltr'>satis</span> <span class='ocrx_word' id='word_1_783' title='bbox 808 5202 878 5259; x_wconf 92' lang='lat' dir='ltr'>mihi</span> <span class='ocrx_word' id='word_1_784' title='bbox 900 5212 1008 5261; x_wconf 85' lang='lat' dir='ltr'>constat</span> 
     </span>
     <span class='ocr_line' id='line_1_108' title="bbox 208 5275 1007 5400; baseline -0.004 -67"><span class='ocrx_word' id='word_1_785' title='bbox 208 5277 270 5400; x_wconf 57' lang='lat' dir='ltr'>quis</span> <span class='ocrx_word' id='word_1_786' title='bbox 283 5278 376 5347; x_wconf 92' lang='lat' dir='ltr'>fuerit,</span> <span class='ocrx_word' id='word_1_787' title='bbox 393 5277 446 5335; x_wconf 83' lang='lat' dir='ltr'>uisi</span> <span class='ocrx_word' id='word_1_788' title='bbox 461 5277 532 5333; x_wconf 92' lang='lat' dir='ltr'>forte</span> <span class='ocrx_word' id='word_1_789' title='bbox 546 5275 574 5332; x_wconf 87' lang='lat' dir='ltr'>S.</span> <span class='ocrx_word' id='word_1_790' title='bbox 590 5276 730 5348; x_wconf 86' lang='lat' dir='ltr'>Eugenius</span> <span class='ocrx_word' id='word_1_791' title='bbox 744 5277 890 5333; x_wconf 85' lang='lat' dir='ltr'>Marcellus</span> <span class='ocrx_word' id='word_1_792' title='bbox 901 5276 1007 5348; x_wconf 91' lang='lat' dir='ltr'>primus</span> 
     </span>
    </p>

    <p class='ocr_par' dir='ltr' id='par_1_23' title="bbox 231 5347 1007 5423">
     <span class='ocr_line' id='line_1_109' title="bbox 231 5347 1007 5423; baseline 0 -22"><span class='ocrx_word' id='word_1_793' title='bbox 231 5351 380 5407; x_wconf 90' lang='lat' dir='ltr'>oletanuse</span> <span class='ocrx_word' id='word_1_794' title='bbox 403 5353 522 5423; x_wconf 90' lang='lat' dir='ltr'>iscopus,</span> <span class='ocrx_word' id='word_1_795' title='bbox 532 5347 578 5420; x_wconf 94' lang='lat' dir='ltr'>qui</span> <span class='ocrx_word' id='word_1_796' title='bbox 587 5347 745 5419; x_wconf 86' lang='lat' dir='ltr'>SDmnysii</span> <span class='ocrx_word' id='word_1_797' title='bbox 759 5347 912 5421; x_wconf 89' lang='lat' dir='ltr'>discipulus</span> <span class='ocrx_word' id='word_1_798' title='bbox 923 5347 1007 5403; x_wconf 89' lang='lat' dir='ltr'>fuisse</span> 
     </span>
    </p>
   </div>
   <div class='ocr_carea' id='block_1_17' title="bbox 208 5367 1007 5690">
    <p class='ocr_par' dir='ltr' id='par_1_24' title="bbox 208 5367 1007 5690">
     <span class='ocr_line' id='line_1_110' title="bbox 209 5367 713 5489; baseline 0 -13"><span class='ocrx_word' id='word_1_799' title='bbox 209 5419 337 5489; x_wconf 83' lang='lat' dir='ltr'>truditur,</span> <span class='ocrx_word' id='word_1_800' title='bbox 351 5367 453 5480; x_wconf 43' lang='lat' dir='ltr'>ceditur</span> <span class='ocrx_word' id='word_1_801' title='bbox 473 5437 506 5477; x_wconf 91' lang='lat' dir='ltr'>ue</span> <span class='ocrx_word' id='word_1_802' title='bbox 518 5422 551 5478; x_wconf 81' lang='lat'>15</span> <span class='ocrx_word' id='word_1_803' title='bbox 564 5419 713 5476; x_wconf 85' lang='lat' dir='ltr'>Novembr.</span> 
     </span>
     <span class='ocr_line' id='line_1_111' title="bbox 227 5437 1007 5567; baseline -0.001 -22"><span class='ocrx_word' id='word_1_804' title='bbox 227 5487 257 5567; x_wconf 34' lang='grc' dir='ltr'>,ξ’</span> <span class='ocrx_word' id='word_1_805' title='bbox 275 5491 325 5547; x_wconf 81' lang='lat' dir='ltr'>Ast</span> <span class='ocrx_word' id='word_1_806' title='bbox 339 5437 566 5566; x_wconf 44' lang='lat' dir='ltr'>Martyroiogium</span> <span class='ocrx_word' id='word_1_807' title='bbox 578 5493 743 5562; x_wconf 86' lang='lat' dir='ltr'>homanum,</span> <span class='ocrx_word' id='word_1_808' title='bbox 758 5490 830 5562; x_wconf 80' lang='lat' dir='ltr'>Ado,</span> <span class='ocrx_word' id='word_1_809' title='bbox 840 5489 944 5563; x_wconf 90' lang='lat' dir='ltr'>aliique</span> <span class='ocrx_word' id='word_1_810' title='bbox 957 5490 1007 5546; x_wconf 87' lang='lat' dir='ltr'>De·</span> 
     </span>
     <span class='ocr_line' id='line_1_112' title="bbox 208 5564 1006 5690; baseline 0.006 -79"><span class='ocrx_word' id='word_1_811' title='bbox 208 5574 243 5612; x_wconf 89' lang='lat' dir='ltr'>cu</span> <span class='ocrx_word' id='word_1_812' title='bbox 260 5565 418 5690; x_wconf 60' lang='lat' dir='ltr'>temKoribus</span> <span class='ocrx_word' id='word_1_813' title='bbox 433 5565 537 5620; x_wconf 79' lang='lat' dir='ltr'>Tolosa</span> <span class='ocrx_word' id='word_1_814' title='bbox 560 5564 682 5621; x_wconf 89' lang='lat' dir='ltr'>occisum</span> <span class='ocrx_word' id='word_1_815' title='bbox 706 5564 830 5632; x_wconf 88' lang='lat' dir='ltr'>tradunt,</span> <span class='ocrx_word' id='word_1_816' title='bbox 852 5569 880 5619; x_wconf 92' lang='lat' dir='ltr'>et</span> <span class='ocrx_word' id='word_1_817' title='bbox 894 5577 1006 5617; x_wconf 91' lang='lat' dir='ltr'>consen·</span> 
     </span>
    </p>
   </div>
   <div class='ocr_carea' id='block_1_18' title="bbox 208 5627 1007 5708">
    <p class='ocr_par' dir='ltr' id='par_1_25' title="bbox 208 5627 1007 5708">
     <span class='ocr_line' id='line_1_113' title="bbox 208 5627 1007 5708; baseline 0.004 -22"><span class='ocrx_word' id='word_1_818' title='bbox 208 5627 282 5688; x_wconf 90' lang='lat' dir='ltr'>tiunt</span> <span class='ocrx_word' id='word_1_819' title='bbox 327 5639 372 5689; x_wconf 90' lang='lat' dir='ltr'>cta</span> <span class='ocrx_word' id='word_1_820' title='bbox 394 5650 454 5708; x_wconf 78' lang='lat' dir='ltr'>qne</span> <span class='ocrx_word' id='word_1_821' title='bbox 476 5635 510 5691; x_wconf 76' lang='lat' dir='ltr'>tt</span> <span class='ocrx_word' id='word_1_822' title='bbox 532 5634 681 5693; x_wconf 87' lang='lat' dir='ltr'>Novembr.</span> <span class='ocrx_word' id='word_1_823' title='bbox 694 5634 839 5702; x_wconf 83' lang='lat' dir='ltr'>dabimus3</span> <span class='ocrx_word' id='word_1_824' title='bbox 855 5632 1007 5705; x_wconf 87' lang='lat' dir='ltr'>refragante</span> 
     </span>
    </p>
   </div>
   <div class='ocr_carea' id='block_1_19' title="bbox 1061 4631 1859 5710">
    <p class='ocr_par' dir='ltr' id='par_1_26' title="bbox 1061 4631 1859 5710">
     <span class='ocr_line' id='line_1_114' title="bbox 1063 4631 1859 4705; baseline 0.004 -19"><span class='ocrx_word' id='word_1_825' title='bbox 1063 4633 1194 4701; x_wconf 80' lang='lat' dir='ltr'>rembris,</span> <span class='ocrx_word' id='word_1_826' title='bbox 1214 4642 1241 4690; x_wconf 92' lang='lat' dir='ltr'>et</span> <span class='ocrx_word' id='word_1_827' title='bbox 1257 4632 1292 4705; x_wconf 76' lang='lat' dir='ltr'>tq</span> <span class='ocrx_word' id='word_1_828' title='bbox 1307 4631 1451 4689; x_wconf 87' lang='lat' dir='ltr'>Decembr.</span> <span class='ocrx_word' id='word_1_829' title='bbox 1465 4633 1619 4690; x_wconf 84' lang='lat' dir='ltr'>Clementem</span> <span class='ocrx_word' id='word_1_830' title='bbox 1635 4633 1816 4704; x_wconf 86' lang='lat' dir='ltr'>lietensibus,</span> <span class='ocrx_word' id='word_1_831' title='bbox 1830 4632 1859 4689; x_wconf 77' lang='lat'>2³</span> 
     </span>
     <span class='ocr_line' id='line_1_115' title="bbox 1062 4699 1858 4780; baseline 0.004 -21"><span class='ocrx_word' id='word_1_832' title='bbox 1062 4703 1239 4772; x_wconf 87' lang='lat' dir='ltr'>Novembris;</span> <span class='ocrx_word' id='word_1_833' title='bbox 1253 4704 1413 4761; x_wconf 82' lang='lat' dir='ltr'>Crescentem</span> <span class='ocrx_word' id='word_1_834' title='bbox 1422 4699 1669 4761; x_wconf 69' lang='lat' dir='ltr'>Viennensibustl</span> <span class='ocrx_word' id='word_1_835' title='bbox 1679 4705 1768 4774; x_wconf 80' lang='lat' dir='ltr'>iunii,</span> <span class='ocrx_word' id='word_1_836' title='bbox 1781 4720 1858 4780; x_wconf 86' lang='lat' dir='ltr'>quan·</span> 
     </span>
     <span class='ocr_line' id='line_1_116' title="bbox 1063 4775 1858 4849; baseline 0.004 -18"><span class='ocrx_word' id='word_1_837' title='bbox 1063 4790 1143 4848; x_wconf 88' lang='lat' dir='ltr'>quam</span> <span class='ocrx_word' id='word_1_838' title='bbox 1151 4776 1261 4832; x_wconf 91' lang='lat' dir='ltr'>tradaut</span> <span class='ocrx_word' id='word_1_839' title='bbox 1271 4775 1346 4832; x_wconf 92' lang='lat' dir='ltr'>huuc</span> <span class='ocrx_word' id='word_1_840' title='bbox 1354 4784 1418 4832; x_wconf 91' lang='lat' dir='ltr'>ante</span> <span class='ocrx_word' id='word_1_841' title='bbox 1425 4775 1574 4834; x_wconf 89' lang='lat' dir='ltr'>Clementis</span> <span class='ocrx_word' id='word_1_842' title='bbox 1587 4776 1782 4849; x_wconf 84' lang='lat' dir='ltr'>pontificatum</span> <span class='ocrx_word' id='word_1_843' title='bbox 1796 4791 1858 4833; x_wconf 81' lang='lat' dir='ltr'>mar-</span> 
     </span>
     <span class='ocr_line' id='line_1_117' title="bbox 1062 4847 1854 4922; baseline 0.005 -21"><span class='ocrx_word' id='word_1_844' title='bbox 1062 4847 1137 4918; x_wconf 80' lang='lat' dir='ltr'>tyric</span> <span class='ocrx_word' id='word_1_845' title='bbox 1150 4854 1308 4902; x_wconf 83' lang='lat' dir='ltr'>coronatum</span> <span class='ocrx_word' id='word_1_846' title='bbox 1319 4866 1329 4912; x_wconf 93' lang='lat'><em>;</em></span> <span class='ocrx_word' id='word_1_847' title='bbox 1340 4847 1507 4904; x_wconf 83' lang='lat' dir='ltr'>Audochium</span> <span class='ocrx_word' id='word_1_848' title='bbox 1518 4847 1664 4905; x_wconf 70' lang='lat' dir='ltr'>munisti</span> <span class='ocrx_word' id='word_1_849' title='bbox 1679 4848 1854 4922; x_wconf 82' lang='lat' dir='ltr'>Septembris,</span> 
     </span>
     <span class='ocr_line' id='line_1_118' title="bbox 1063 4919 1857 5046; baseline 0.001 -72"><span class='ocrx_word' id='word_1_850' title='bbox 1063 4933 1144 5046; x_wconf 68' lang='lat' dir='ltr'>quem</span> <span class='ocrx_word' id='word_1_851' title='bbox 1170 4924 1261 4974; x_wconf 91' lang='lat' dir='ltr'>tamen</span> <span class='ocrx_word' id='word_1_852' title='bbox 1282 4920 1510 4992; x_wconf 83' lang='lat' dir='ltr'>Martyrologium</span> <span class='ocrx_word' id='word_1_853' title='bbox 1525 4920 1682 4976; x_wconf 87' lang='lat' dir='ltr'>Romanum</span> <span class='ocrx_word' id='word_1_854' title='bbox 1699 4919 1788 4977; x_wconf 87' lang='lat' dir='ltr'>etalii</span> <span class='ocrx_word' id='word_1_855' title='bbox 1803 4929 1857 4977; x_wconf 84' lang='lat' dir='ltr'>trs·</span> 
     </span>
     <span class='ocr_line' id='line_1_119' title="bbox 1083 4989 1853 5065; baseline 0.003 -21"><span class='ocrx_word' id='word_1_856' title='bbox 1083 4998 1133 5045; x_wconf 91' lang='lat' dir='ltr'>unt</span> <span class='ocrx_word' id='word_1_857' title='bbox 1146 5005 1161 5044; x_wconf 93' lang='lat' dir='ltr'>a</span> <span class='ocrx_word' id='word_1_858' title='bbox 1174 4989 1202 5047; x_wconf 88' lang='lat' dir='ltr'>S.</span> <span class='ocrx_word' id='word_1_859' title='bbox 1216 4990 1264 5045; x_wconf 92' lang='lat' dir='ltr'>Pol</span> <span class='ocrx_word' id='word_1_860' title='bbox 1286 5007 1368 5063; x_wconf 92' lang='lat' dir='ltr'>carpo</span> <span class='ocrx_word' id='word_1_861' title='bbox 1383 4993 1498 5049; x_wconf 87' lang='lat' dir='ltr'>missum</span> <span class='ocrx_word' id='word_1_862' title='bbox 1513 4991 1542 5047; x_wconf 92' lang='lat' dir='ltr'>in</span> <span class='ocrx_word' id='word_1_863' title='bbox 1556 4991 1697 5060; x_wconf 66' lang='lat' dir='ltr'>Galliam</span> <span class='ocrx_word' id='word_1_864' title='bbox 1714 4992 1853 5065; x_wconf 79' lang='lat' dir='ltr'>Designatus</span> 
     </span>
     <span class='ocr_line' id='line_1_120' title="bbox 1063 5008 1854 5146; baseline 0.003 -29"><span class='ocrx_word' id='word_1_865' title='bbox 1063 5061 1233 5143; x_wconf 84' lang='lat' dir='ltr'>Lingonibus</span> <span class='ocrx_word' id='word_1_866' title='bbox 1245 5008 1443 5145; x_wconf 45' lang='lat' dir='ltr'>litarembris,</span> <span class='ocrx_word' id='word_1_867' title='bbox 1454 5063 1501 5120; x_wconf 89' lang='lat' dir='ltr'>sed</span> <span class='ocrx_word' id='word_1_868' title='bbox 1515 5063 1602 5145; x_wconf 83' lang='lat' dir='ltr'>ethic</span> <span class='ocrx_word' id='word_1_869' title='bbox 1617 5064 1767 5146; x_wconf 84' lang='lat' dir='ltr'>Polycarpi</span> <span class='ocrx_word' id='word_1_870' title='bbox 1782 5061 1854 5121; x_wconf 90' lang='lat' dir='ltr'>disci·</span> 
     </span>
     <span class='ocr_line' id='line_1_121' title="bbox 1063 5133 1854 5286; baseline 0.003 -27"><span class='ocrx_word' id='word_1_871' title='bbox 1063 5133 1854 5286; x_wconf 60' lang='lat' dir='ltr'>ellel&#39;restitutaithttthltlttthlt</span> 
     </span>
     <span class='ocr_line' id='line_1_122' title="bbox 1062 5276 1853 5348; baseline 0.004 -17"><span class='ocrx_word' id='word_1_872' title='bbox 1062 5292 1114 5348; x_wconf 89' lang='lat' dir='ltr'>qne</span> <span class='ocrx_word' id='word_1_873' title='bbox 1138 5276 1280 5333; x_wconf 82' lang='lat' dir='ltr'>contendit</span> <span class='ocrx_word' id='word_1_874' title='bbox 1295 5293 1349 5333; x_wconf 92' lang='lat' dir='ltr'>non</span> <span class='ocrx_word' id='word_1_875' title='bbox 1366 5279 1420 5335; x_wconf 91' lang='lat' dir='ltr'>nisi</span> <span class='ocrx_word' id='word_1_876' title='bbox 1434 5277 1518 5335; x_wconf 89' lang='lat' dir='ltr'>Decio</span> <span class='ocrx_word' id='word_1_877' title='bbox 1533 5287 1561 5334; x_wconf 91' lang='lat' dir='ltr'>et</span> <span class='ocrx_word' id='word_1_878' title='bbox 1573 5277 1659 5335; x_wconf 90' lang='lat' dir='ltr'>Grato</span> <span class='ocrx_word' id='word_1_879' title='bbox 1671 5278 1741 5335; x_wconf 86' lang='lat' dir='ltr'>cois.</span> <span class='ocrx_word' id='word_1_880' title='bbox 1754 5279 1853 5335; x_wconf 59' lang='lat' dir='ltr'>veum</span> 
     </span>
     <span class='ocr_line' id='line_1_123' title="bbox 1062 5346 1852 5422; baseline 0.001 -19"><span class='ocrx_word' id='word_1_881' title='bbox 1062 5347 1154 5404; x_wconf 90' lang='lat' dir='ltr'>isthuc</span> <span class='ocrx_word' id='word_1_882' title='bbox 1171 5349 1395 5405; x_wconf 71' lang='lat' dir='ltr'>testemonium</span> <span class='ocrx_word' id='word_1_883' title='bbox 1410 5368 1417 5417; x_wconf 89' lang='lat'>;</span> <span class='ocrx_word' id='word_1_884' title='bbox 1445 5350 1603 5406; x_wconf 77' lang='lat' dir='ltr'>Frontonem</span> <span class='ocrx_word' id='word_1_885' title='bbox 1627 5351 1812 5422; x_wconf 76' lang='lat' dir='ltr'>petragoricis</span> <span class='ocrx_word' id='word_1_886' title='bbox 1823 5346 1852 5404; x_wconf 74' lang='lat' dir='ltr'>ti</span> 
     </span>
     <span class='ocr_line' id='line_1_124' title="bbox 1062 5419 1849 5490; baseline 0.001 -14"><span class='ocrx_word' id='word_1_887' title='bbox 1062 5419 1199 5490; x_wconf 89' lang='lat' dir='ltr'>Octobris,</span> <span class='ocrx_word' id='word_1_888' title='bbox 1223 5420 1281 5476; x_wconf 80' lang='lat' dir='ltr'>rita</span> <span class='ocrx_word' id='word_1_889' title='bbox 1300 5420 1381 5478; x_wconf 90' lang='lat' dir='ltr'>babet</span> <span class='ocrx_word' id='word_1_890' title='bbox 1398 5437 1414 5476; x_wconf 89' lang='lat' dir='ltr'>a</span> <span class='ocrx_word' id='word_1_891' title='bbox 1429 5421 1456 5478; x_wconf 89' lang='lat' dir='ltr'>S.</span> <span class='ocrx_word' id='word_1_892' title='bbox 1472 5421 1553 5478; x_wconf 91' lang='lat' dir='ltr'>Petro</span> <span class='ocrx_word' id='word_1_893' title='bbox 1568 5422 1685 5479; x_wconf 90' lang='lat' dir='ltr'>missum</span> <span class='ocrx_word' id='word_1_894' title='bbox 1699 5422 1729 5479; x_wconf 93' lang='lat' dir='ltr'>in</span> <span class='ocrx_word' id='word_1_895' title='bbox 1747 5421 1849 5485; x_wconf 73' lang='lat' dir='ltr'>Gallias</span> 
     </span>
     <span class='ocr_line' id='line_1_125' title="bbox 1061 5491 1851 5572; baseline 0.001 -25"><span class='ocrx_word' id='word_1_896' title='bbox 1061 5493 1223 5572; x_wconf 76' lang='lat' dir='ltr'>Eutropium</span> <span class='ocrx_word' id='word_1_897' title='bbox 1241 5491 1407 5550; x_wconf 89' lang='lat' dir='ltr'>Santouihus</span> <span class='ocrx_word' id='word_1_898' title='bbox 1421 5493 1456 5551; x_wconf 85' lang='lat'>³⁰</span> <span class='ocrx_word' id='word_1_899' title='bbox 1467 5493 1587 5572; x_wconf 68' lang='lat' dir='ltr'>Aprilijm</span> <span class='ocrx_word' id='word_1_900' title='bbox 1604 5494 1753 5551; x_wconf 83' lang='lat' dir='ltr'>Mettoeum</span> <span class='ocrx_word' id='word_1_901' title='bbox 1770 5495 1851 5551; x_wconf 82' lang='lat' dir='ltr'>Roto-</span> 
     </span>
     <span class='ocr_line' id='line_1_126' title="bbox 1062 5562 1851 5639; baseline 0.006 -22"><span class='ocrx_word' id='word_1_902' title='bbox 1062 5562 1236 5634; x_wconf 86' lang='lat' dir='ltr'>magensrhus</span> <span class='ocrx_word' id='word_1_903' title='bbox 1260 5563 1296 5620; x_wconf 75' lang='lat'>22</span> <span class='ocrx_word' id='word_1_904' title='bbox 1314 5564 1451 5622; x_wconf 89' lang='lat' dir='ltr'>Octobris.</span> <span class='ocrx_word' id='word_1_905' title='bbox 1469 5567 1521 5622; x_wconf 83' lang='lat' dir='ltr'>Ast</span> <span class='ocrx_word' id='word_1_906' title='bbox 1540 5565 1587 5622; x_wconf 87' lang='lat' dir='ltr'>hro</span> <span class='ocrx_word' id='word_1_907' title='bbox 1601 5581 1617 5621; x_wconf 89' lang='lat' dir='ltr'>a</span> <span class='ocrx_word' id='word_1_908' title='bbox 1632 5565 1776 5639; x_wconf 87' lang='lat' dir='ltr'>Stephano</span> <span class='ocrx_word' id='word_1_909' title='bbox 1789 5578 1851 5637; x_wconf 79' lang='lat' dir='ltr'>prpe</span> 
     </span>
     <span class='ocr_line' id='line_1_127' title="bbox 1062 5634 1850 5710; baseline -0.005 -18"><span class='ocrx_word' id='word_1_910' title='bbox 1062 5641 1184 5709; x_wconf 88' lang='lat' dir='ltr'>tempore</span> <span class='ocrx_word' id='word_1_911' title='bbox 1193 5634 1336 5692; x_wconf 79' lang='lat' dir='ltr'>Aureliani</span> <span class='ocrx_word' id='word_1_912' title='bbox 1346 5636 1491 5710; x_wconf 83' lang='lat' dir='ltr'>episeopus</span> <span class='ocrx_word' id='word_1_913' title='bbox 1504 5645 1612 5694; x_wconf 84' lang='lat' dir='ltr'>oreatus</span> <span class='ocrx_word' id='word_1_914' title='bbox 1620 5635 1728 5695; x_wconf 87' lang='lat' dir='ltr'>dieitur</span> <span class='ocrx_word' id='word_1_915' title='bbox 1743 5635 1850 5710; x_wconf 80' lang='lat' dir='ltr'>(rectius</span> 
     </span>
    </p>
   </div>
   <div class='ocr_carea' id='block_1_20' title="bbox 0 0 1922 6136">
    <p class='ocr_par' dir='ltr' id='par_1_27' title="bbox 0 0 1922 6136">
     <span class='ocr_line' id='line_1_128' title="bbox 0 0 1922 6136; baseline 0 1"><span class='ocrx_word' id='word_1_916' title='bbox 0 0 1922 6136; x_wconf 95' lang='lat' dir='ltr'> </span> 
     </span>
    </p>
   </div>
  </div>
 </body>
</html>
