3834 6136
67 241 124 298 9⁷7
715 244 859 301 NOTITIA
882 247 1077 306 Hisronicn.

1639 242 1646 249 ”
1669 259 1721 316 313
1761 266 1764 273 ’

67 391 210 475 signifi&
224 406 280 445 101(
294 391 500 471 aliquantalum.
518 392 602 465 1111111Θ
619 409 809 478 1156330133
826 397 871 478 be·
887 401 911 459 Α
926 399 1015 480 133111Ι
1027 401 1126 480 1131331
1143 402 1268 459 refricata
1283 411 1310 459 at
1330 420 1364 458 ire
1378 405 1466 471 finita,
1483 406 1598 462 alterum
1613 410 1720 480 episco-

66 464 226 528 nesicio,et
252 461 490 519 admonitionibus
517 464 617 520 factum
644 466 707 520 licet
730 468 868 535 arbitrari,
926 486 991 540 puin
1009 473 1294 542 inipsabamlunensi
1367 476 1432 530 lesia
1454 477 1720 538 cllateniisordina-

67 534 240 616 malentibus
252 533 387 604 episeopis
398 550 508 612 causam
524 535 553 589 in
568 536 674 615 synodo
689 539 827 618 cognosci,
843 549 870 595 31
926 541 959 595 11.
979 564 988 585 ι
1010 543 1046 597 Et
1062 542 1119 597 baec
1133 545 1244 614 quidem
1261 545 1294 600 ad
1317 547 1458 617 episcopos
1482 548 1620 614 universe,
1644 559 1670 606 31
1685 554 1719 608 31

65 624 89 662 si
106 623 148 661 res
164 612 297 677 posceret,
322 620 452 659 canoniea
477 606 602 660 damnari
625 616 868 682 senteiitia,quam
924 627 1012 682 regem
1044 614 1183 681 llarolum,
1207 618 1319 684 privata
1350 618 1437 687 ipsius
1464 619 1585 688 epistolas
1606 620 1717 678 inserta.

65 679 143 749 regia
160 675 341 746 castigatione
356 677 485 731 coerceri.

427 776 440 847 S
464 776 512 831 IX.

82 865 207 937 Synodiis
221 864 349 918 3111131333
368 865 542 919 Hiberiam-iim
565 864 765 921 Iaridiinciiseiii
776 870 850 940 opiid

317 935 463 990 Daziociim
473 938 617 1007 palatium.

103 1075 230 1090 .....
251 1031 361 1087 13131111
373 1032 500 1087 inchoata
511 1032 627 1104 synodo,
644 1034 754 1090 tandem
769 1037 865 1093 Duria·

62 1120 128 1165 curn
144 1104 257 1160 advenit
274 1103 448 1169 llincmarus,
472 1111 502 1158 ut
526 1120 645 1173 praesens
668 1104 863 1178 interrogatus,

62 1177 187 1237 auditus,
202 1175 358 1239 convictus,
375 1174 554 1245 quantumvis
570 1177 720 1246 appellem,
739 1185 765 1231 et
782 1195 864 1233 recu-

62 1265 128 1303 sans
141 1246 259 1319 judices,
276 1246 513 1301 condemnaretur.
532 1244 611 1311 Quod
632 1246 669 1303 ita
683 1251 863 1305 3311331113-

62 1321 142 1376 33133
160 1317 332 1373 bertiniani:
368 1316 558 1372 ‹llincmarus
579 1334 645 1371 vero
665 1318 773 1373 tandein
798 1332 862 1376 cuni

61 1391 152 1445 133113
166 1388 294 1460 superbia
320 1385 445 1441 venitin
468 1387 622 1458 synodum:
644 1388 671 1442 in
696 1405 749 1461 qna
770 1408 862 1463 arege

61 1461 166 1518 Carolo
176 1457 326 1515 secundum
342 1458 449 1529 regulas
463 1459 662 1515 ecclesiasticas
672 1470 797 1531 porrecta
810 1480 862 1534 pe-

60 1532 165 1587 titione
183 1531 217 1586 de
241 1529 329 1586 causis
353 1528 514 1584 certissimis
538 1531 697 1612 regulariter
719 1541 861 1590 accusatus

61 1612 147 1675 atque
161 1600 314 1665 convictus,
330 1599 511 1669 depositionis
518 1600 653 1671 judiciuin
670 1605 792 1674 regulare
803 1621 859 1660 sus·

60 1675 146 1799 33311.
163 1673 240 1728 Sicut
256 1673 283 1727 in
299 1671 382 1742 gestis
398 1673 556 1727 continetur
571 1672 657 1743 ipsius
672 1674 781 1745 synodi,
792 1691 859 1747 quas

59 1762 92 1801 ea

59 1833 139 1888 pum.
156 1816 204 1887 qui
221 1814 308 1870 eidem
332 1814 438 1884 synodo
462 1813 599 1882 interfuit,
624 1815 657 1869 ad
680 1817 858 1886 apostolicam

60 1887 156 1944 sedem
171 1886 282 1943 direxit.
299 1911 308 1929 ι

97 1958 211 2015 Servata
225 1957 407 2013 nihilominus
419 1965 459 2012 est
475 1957 582 2012 duobus
602 1958 630 2013 in
645 1957 782 2027 capitibus
800 1961 859 2014 ilo-

61 2045 152 2085 manae
204 2029 298 2084 testati
312 2037 339 2083 et
353 2029 530 2100 appellationi
546 2045 606 2100 quae
621 2029 771 2084 debebatur
781 2046 858 2084 reve·

60 2100 162 2157 rentia.
198 2101 298 2156 rimum
314 2102 387 2155 enim
402 2100 564 2155 sententiam
575 2117 651 2155 suam
664 2099 692 2154 in
703 2100 761 2156 brec
775 2101 858 2156 verba

59 2174 260 2228 concluserunt
281 2173 390 2226 Patres:
424 2173 503 2225 Soleo
525 2189 572 2241 per
596 2172 684 2225 oiairiu
710 2173 858 2250 3303131133

59 2244 132 2298 sedis
146 2242 258 2312 jndicio.
277 2242 342 2308 Qua
360 2243 475 2297 lorinuln
492 2259 545 2297 non
563 2242 651 2313 potuit
666 2242 786 2296 11111330
803 2259 856 2297 333

57 2331 117 2369 esse
125 2312 342 2396 jucundissiiiia;
353 2330 413 2394 qino
422 2322 448 2368 et
458 2314 606 2369 concilium
618 2332 632 2367 a
642 2314 764 2382 periculo
775 2322 856 2368 teine-

58 2386 261 2440 ritatisexemit
271 2396 297 2440 et
306 2386 472 2440 scliisinntis.
487 2385 635 2452 Respondit
647 2387 720 2438 enim
733 2385 858 2453 pontifex

57 2474 116 2512 non
131 2472 207 2526 posse
220 2473 247 2511 se
258 2457 421 2511 sententiam
439 2457 466 2509 in
484 2456 641 2526 episcopum
662 2464 856 2525 provocantem

57 2527 201 2583 adsedem
218 2527 397 2610 apostolicam
414 2536 498 2581 ratam
516 2527 624 2582 babere:
645 2527 858 2593 ‹Tanien,sicut

58 2599 149 2670 ipsius
164 2600 275 2656 concilii
293 2597 449 2654 actionibus
465 2598 573 2667 legitur,
610 2597 720 2652 uoniam
736 2598 813 2653 salvo
828 2597 857 2651 in

60 2670 193 2726 omnibus
202 2670 309 2742 judicio
325 2669 397 2725 sedis
412 2669 567 2740 apostolicae
579 2614 658 2724 iiiam
674 2668 707 2724 ab
722 2669 857 2740 episcopis

54 2740 213 2812 judicatum
228 2741 349 2798 asseritis
361 2759 368 2807 ;
380 2758 429 2795 nos
440 2757 495 2795 non
504 2741 597 2811 aliqua
610 2748 706 2796 contra
720 2739 857 2811 quoslibet

58 2813 196 2869 commoti
212 2813 326 2879 invidia,
338 2828 387 2867 nee
401 2812 514 2866 alterius
529 2813 636 2882 culpam
650 2812 677 2864 in
689 2812 805 2865 alterum
818 2827 857 2864 re·

57 2892 188 2956 torquere
196 2885 347 2954 cupientes,
359 2885 497 2948 volumus,
512 2908 520 2929 ·
542 2890 594 2938 etc.
607 2881 711 2936 Deinde
726 2881 856 2937 inlocum

57 2954 161 3026 dejecti
178 2956 317 3011 llincmari
333 2954 470 3010 neminem
487 2953 679 3023 subrogarunt,
703 2960 733 3007 ut
752 2952 857 3023 integra

56 3025 326 3081 omniadecretorira
348 3025 487 3097 pontilicis
510 3024 651 3079 sententiae
676 3030 855 3078 reservarent.

924 682 1072 764 Hincmaro
1084 693 1176 740 autern
1198 686 1343 742 Rbeinensi
1360 705 1521 758 responsum
1539 689 1608 744 nibil
1625 690 1716 748 video.

950 753 1009 833 ¹llic
1024 770 1088 824 ergo
1101 755 1232 811 desinunt
1241 756 1325 824 dicta,
1337 760 1448 830 scripta,
1460 761 1578 815 concilia
1588 761 1719 818 adversus

923 824 1101 880 lbiicmarum
1116 825 1266 896 juniorem,
1291 829 1427 899 quondam
1449 831 1618 902 episcopum.
1634 832 1719 895 Vacat

921 894 1110 975 laudunensis
1125 896 1211 962 sedes,
1228 899 1717 1024 33133331131133311331111333313311-

921 972 1150 1037 133131-33331113;
1165 971 1309 1026 vetantes
1331 970 1408 1026 riano
1423 987 1500 1043 papa,
1516 987 1551 1026 ne
1566 972 1627 1043 quis
1647 975 1718 1030 alius

920 1036 1092 1117 subrogetur.
1107 1039 1235 1094 Ecclesia
1248 1039 1366 1094 viduata
1379 1041 1648 1098 administrationem
1659 1061 1716 1099 sus-

919 1109 987 1177 cipit
1003 1110 1230 1234 iiietronolitanus
1244 1111 1423 1167 llbemensis:
1445 1113 1517 1183 quod
1531 1129 1566 1167 ex
1581 1114 1615 1167 iis
1635 1114 1717 1171 disci·

920 1193 980 1258 mus
994 1178 1066 1257 apud
1105 1180 1276 1247 lodoardum,
1290 1198 1350 1253 quai
1365 1190 1457 1252 postea
1476 1183 1596 1238 llicbildi
1615 1185 1717 1254 regina

918 1257 1073 1320 scripsit,et
1086 1249 1137 1320 ipsi
1147 1259 1204 1306 tuin
1215 1252 1316 1318 viduae,
1336 1253 1513 1324 «significans
1522 1255 1596 1325 quod
1606 1255 1716 1325 quando

918 1318 1107 1399 laudunensis
1118 1322 1246 1391 parocbia
1256 1324 1383 1394 episcopo
1397 1340 1495 1381 vacans
1507 1325 1534 1378 in
1548 1342 1597 1380 sna
1607 1327 1716 1396 specia-

917 1389 980 1444 liter
994 1399 1052 1471 3131
1067 1392 1271 1462 providentia·
1295 1403 1346 1450 etc.
1366 1396 1452 1466 lpsius
1464 1405 1555 1451 antem
1574 1395 1714 1453 llincmari

916 1460 1033 1530 depositi
1050 1479 1143 1517 curam
1159 1479 1238 1519 nemo
1251 1465 1343 1535 gessit,
1358 1483 1439 1537 quam
1455 1483 1469 1520 e
1491 1467 1588 1536 iscopi‚
1604 1477 1630 1522 el
1648 1468 1714 1523 llin-

915 1548 1023 1587 cmarus
1036 1535 1199 1601 avuncolus,
1217 1535 1316 1592 litteris
1330 1536 1364 1591 ad
1384 1484 1543 1609 pontificem
1560 1554 1594 1592 ex
1605 1539 1712 1610 synodo

915 1604 1024 1674 scriptis
1040 1605 1149 1675 penitus
1161 1605 1326 1676 abjecerant.

950 1674 1022 1729 111131
1046 1683 1142 1730 caetera
1169 1686 1259 1731 autem
1290 1680 1406 1749 negotia,
1438 1696 1497 1751 quas
1527 1683 1619 1738 113313
1646 1698 1709 1738 cum

114 1762 157 1799 em
171 1743 293 1816 synodus
309 1758 355 1813 per
375 1742 525 1796 lietardum
549 1743 733 1799 venerabilem
751 1747 862 1817 episco-
875 1745 898 1804 B
912 1746 1015 1800 Joanne
1029 1747 1147 1800 confecit
1165 1747 1279 1803 Carolus
1293 1749 1449 1820 imperator,
1466 1769 1521 1806 non
1541 1763 1710 1823 postremum

915 1817 968 1871 luit
980 1817 1091 1873 concilii
1110 1818 1292 1885 floriacensis,
1310 1827 1336 1874 et
1353 1821 1710 1895 lliiicinarianaedepositio·

914 1888 957 1942 nis
972 1887 1153 1943 confirmatio.
1170 1889 1312 1960 Siquidem
1330 1898 1439 1961 rogatus
1453 1908 1467 1946 a
1480 1893 1709 1964 pontificeanna·

914 1958 952 2013 les
965 1957 999 2012 ab
1014 1958 1126 2012 bomine
1142 1962 1211 2013 male
1233 1968 1380 2030 gestorum,
1402 1979 1562 2019 communes
1586 1966 1712 2020 omniurn

913 2030 1046 2101 querelas,
1061 2028 1212 2098 legitimam
1223 2030 1321 2100 synodi
1334 2032 1521 2098 cognitionem
1532 2051 1624 2089 coram
1635 2051 1711 2090 enar·

913 2101 995 2165 ravit,
1006 2107 1033 2153 31
1049 2099 1083 2153 31
1099 2099 1174 2153 illam
1192 2101 1429 2157 confirmationem
1450 2120 1481 2159 33
1497 2105 1651 2160 luculenter
1665 2107 1713 2159 in-

885 2196 890 2205 ·
913 2178 1049 2225 structum
1066 2171 1223 2238 pontificem
1239 2172 1364 2226 adduxit.
1381 2173 1432 2239 Qui
1451 2192 1513 2228 mox
1528 2177 1560 2230 ad
1580 2177 1713 2232 llincma-

914 2258 973 2295 ruiii
992 2241 1231 2308 metropolitanum
1250 2242 1294 2294 dat
1310 2243 1423 2301 litteras.
1442 2248 1542 2315 quibus
1561 2258 1647 2300 ritum
1667 2248 1710 2302 lia-

915 2313 958 2366 1131
976 2310 1034 2380 ejus
1045 2310 1194 2380 judicium,
1208 2318 1232 2363 et
1249 2314 1332 2365 alium
1344 2313 1371 2366 in
1389 2314 1505 2384 deponit
1520 2317 1609 2370 inrum
1622 2318 1709 2371 siitliei

910 2382 1003 2454 jubet:
1037 2382 1176 2437 «11313133
1203 2383 1401 2438 ¹iivictissiinus
1425 2386 1582 2454 imperator,
1599 2405 1614 2440 a
1631 2388 1710 2440 nobis

912 2452 1123 2522 diligentissime
1140 2460 1346 2521 percunctatiis;
1364 2455 1597 2510 circumstantiam
1609 2456 1710 2525 judicii

912 2542 927 2579 a
951 2522 1121 2578 beatitudine
1136 2532 1191 2589 tua,
1211 2524 1433 2596 coepiscopisque
1449 2526 1515 2593 suis,
1534 2527 1561 2580 iii
1582 2526 1710 2582 llincma-

913 2611 972 2650 rum
989 2594 1093 2649 dudum
1112 2594 1320 2648 laudunensem
1331 2596 1488 2666 episcopum
1505 2598 1615 2667 prolati,
1633 2613 1709 2668 3303-

912 2665 1010 2721 tolatni
1034 2672 1127 2718 nostro
1148 2665 1259 2723 retulit.
1285 2666 1449 2732 agnovimus
1470 2666 1575 2737 justum
1595 2669 1710 2722 omnino

914 2737 997 2791 fnisse
1009 2735 1253 2807 judiciunt.Neque
1267 2736 1340 2791 enim
1352 2744 1444 2793 tantus
1458 2738 1584 2810 princeps
1599 2738 1651 2793 nisi
1667 2754 1711 2792 ve·
1735 2740 1737 2745 ’

913 2809 993 2863 ritate
1006 2807 1105 2862 fultum
1117 2806 1265 2878 quidquam
1278 2815 1383 2878 poterat
1393 2808 1537 2864 albrinare.
1551 2809 1626 2865 Unde
1635 2809 1712 2864 nefas

912 2895 970 2934 esse
982 2879 1114 2932 duximus
1125 2877 1183 2948 ejus
1199 2878 1325 2932 relationi
1341 2895 1397 2934 non
1411 2879 1531 2950 praebere
1546 2880 1711 2936 incunctan-

912 2957 954 3005 ter
966 2949 1126 3004 auditum·
1150 2948 1269 3003 Maxime
1285 2966 1349 3003 curn
1371 2956 1431 3004 acta
1452 2951 1563 3022 synodi,
1581 2959 1608 3006 et
1630 2968 1711 3023 syno-

912 3021 983 3075 dalis
1000 3019 1118 3091 epistola
1139 3019 1313 3090 imperatoris
1334 3020 1486 3075 narrationi
1511 3023 1731 3089 consentirent..

55 3097 226 3176 Meminerat
239 3097 338 3176 quippe
353 3096 857 3164 111311133313113313311133333333333
875 3094 897 3154 G
912 3092 1007 3163 ltaque
1030 3098 1143 3146 curante
1167 3091 1380 3161 metropolitano
1398 3091 1545 3146 llbemensi
1570 3094 1660 3146 clerus
1683 3099 1710 3147 et

56 3168 131 3221 olim
149 3167 287 3234 insimili,
303 3184 362 3223 cum
377 3168 501 3247 deposito
517 3166 651 3227 Rotbado,
667 3165 760 3220 statim
771 3165 856 3221 alium

54 3237 189 3301 sullecit;
210 3237 281 3309 quod
295 3238 469 3311 iniquissime
483 3239 550 3293 tulit
564 3238 704 3300 Nicolaus,
720 3244 747 3291 et
763 3236 858 3291 intru-

53 3326 120 3362 sum
138 3308 216 3363 illurn
231 3309 331 3381 absque
346 3327 421 3365 mora
431 3310 515 3365 ullam
527 3307 690 3380 episcopalis
701 3307 784 3362 oflicii
798 3323 857 3378 par·

54 3387 113 3434 teni
130 3380 261 3450 attingere
274 3382 373 3437 veluit.
390 3382 479 3447 Quare
494 3396 550 3434 non
566 3379 634 3433 falso
650 3378 813 3449 profitentur
829 3378 857 3433 in

53 3451 175 3521 epistola
202 3452 340 3522 synodali,
366 3467 404 3516 se,
430 3457 563 3520 qnantum
585 3449 716 3505 sciuntet
731 3456 856 3519 possunt,

54 3522 238 3593 privilegium
255 3530 356 3576 sanctae
371 3529 397 3573 et
412 3520 508 3591 primae
523 3518 594 3573 sedis
608 3519 736 3574 Romane
750 3535 857 3573 conser-

52 3600 150 3648 vatum
165 3601 193 3648 et
207 3609 250 3647 ain
260 3591 412 3661 plidcatum
422 3605 534 3661 cupere.

70 3778 192 3835 Adriani
208 3779 341 3850 pontificis
355 3778 386 3833 de
404 3686 504 3848 sintita
525 3776 686 3832 floriacensi
694 3777 837 3846 judicium.

89 3880 176 3936 Missa
188 3880 300 3936 Romam
317 3879 351 3933 ad
365 3878 536 3949 pontificem,
553 3893 601 3948 per
616 3876 766 3932 lietardum
781 3878 858 3948 lega-

52 3959 128 4019 tum,
142 3957 203 4006 acta
216 3950 328 4022 synodi,
345 3948 443 4030 petitio
466 3947 547 4018 regis,
564 3947 751 4017 expostulatio
767 3947 859 4003 llinc-

53 4022 127 4078 mari
147 4022 352 4093 metropolitanr
375 4019 489 4090 duplex,
518 4024 545 4071 et
558 4016 616 4071 baec
631 4017 817 4084 Driziacensis,
831 4027 858 4075 31

53 4110 119 4166 quae
134 4108 207 4147 anno
221 4092 360 4163 superiore
377 4090 449 4161 apud
467 4086 637 4144 attiniacum
652 4087 744 4144 oblata
759 4088 855 4145 fuerat:

53 4163 239 4237 proclamatio
253 4178 362 4234 quoque
376 4160 442 4216 cleri
457 4159 599 4231 plebisque
615 4159 814 4225 bardunensis,
826 4160 857 4214 li-

53 4241 101 4292 cet
115 4236 145 4290 in
160 4234 321 4290 ecconcilio
337 4231 499 4303 urgentibus
509 4230 571 4287 aliis
579 4230 697 4300 negotiis
711 4245 766 4285 non
777 4231 856 4286 lecta.

53 4305 129 4363 Deni
170 4312 251 4361 etres
262 4305 394 4376 epistolae,
410 4301 520 4374 synodi,
538 4302 689 4369 llincmari,
701 4300 781 4372 regis.
798 4303 858 4357 Duo

54 4386 140 4450 postu
153 4375 215 4431 abat
231 4376 347 4446 legatio:
364 4375 416 4446 ipsi
433 4376 520 4445 legato
536 4373 654 4428 Actardo
669 4372 855 4427 Turonensem

912 3164 989 3235 plebs
1012 3161 1202 3215 Laudunensis
1230 3160 1415 3217 lledenulfum
1445 3160 1551 3230 eligunt
1583 3185 1592 3207 ι
1617 3162 1711 3216 eccle-

912 3234 959 3288 siae
981 3249 1035 3287 suae
1061 3232 1160 3297 lilium,
1193 3237 1220 3284 et
1248 3231 1275 3284 in
1299 3230 1347 3284 illa
1370 3230 1583 3301 suffragantibus
1609 3232 1710 3302 stipen-

912 3304 1022 3360 diorum
1038 3302 1155 3369 meritis,
1175 3300 1209 3355 ad
1221 3317 1291 3355 onus
1306 3316 1391 3373 usque
1409 3301 1579 3357 sacerdotale
1595 3311 1710 3373 promo-

912 3384 983 3442 tum,
1000 3374 1057 3429 vita
1071 3383 1098 3428 et
1114 3372 1235 3428 moribus
1245 3387 1277 3428 ac
1287 3381 1380 3427 sancta
1390 3373 1598 3428 conversatione
1613 3389 1709 3444 33310-

914 3446 1045 3502 batum·

948 3517 991 3572 nd
1006 3516 1063 3570 haee
1079 3522 1202 3586 tempora
1219 3529 1328 3569 reverso
1352 3513 1380 3567 iri
1403 3513 1520 3568 Galliam
1544 3512 1710 3584 imperatore

913 3585 1171 3655 Carolo,referenda
1185 3584 1255 3640 inibi
1270 3584 1380 3640 videtur
1394 3584 1535 3640 llincmari
1548 3584 1708 3641 laudunen·

913 3660 950 3715 sis
965 3666 1086 3714 extrema
1101 3657 1252 3721 calamitas,
1266 3672 1319 3729 qua
1332 3654 1435 3725 ejectus
1459 3656 1487 3709 in
1503 3655 1644 3722 exsilium,
1661 3672 1708 3713 an·

913 3748 963 3787 nos
986 3730 1054 3785 duos
1081 3729 1147 3801 egit,
1177 3727 1269 3798 aliqua
1292 3727 1405 3782 illorum
1437 3732 1511 3796 parte
1540 3727 1709 3784 constrictus

913 3801 1034 3857 vinculis
1051 3800 1081 3857 in
1095 3799 1229 3865 custodia,
1244 3797 1294 3853 sub
1315 3797 1398 3852 finem
1413 3797 1501 3852 oculis
1528 3797 1662 3867 privatus,
1678 3804 1710 3854 ut

913 3874 942 3929 in
959 3873 1153 3929 reclamatione
1163 3887 1211 3925 sua
1227 3871 1401 3924 lamentatur.
1422 3869 1463 3922 113
1483 3867 1615 3922 3113113111
1637 3884 1711 3938 3133-

912 3945 1022 3999 teritam
1037 3944 1215 4000 rebellionem
1230 3940 1392 4021 vindicante
1410 3938 1545 4010 principe,
1563 3947 1593 3993 ut
1608 3938 1708 4019 futurae

913 4022 1074 4088 potestatem
1089 4029 1199 4069 omnem
1222 4014 1358 4082 eriperet:
1386 4027 1414 4065 in
1429 4026 1511 4082 quam
1526 4017 1629 4077 tamen,
1651 4026 1708 4081 Jani

912 4087 1007 4152 miser,
1022 4085 1069 4139 sed
1084 4084 1206 4139 nondum
1222 4081 1402 4152 perdomitus,
1420 4082 1484 4136 10113
1500 4080 1608 4136 viribus
1619 4098 1669 4152 per
1685 4098 1711 4136 se

912 4163 936 4213 et
948 4156 1017 4211 ulios
1032 4154 1219 4210 incumbebat.

948 4226 991 4281 nd
1002 4234 1156 4279 extremum
1170 4222 1238 4276 favit
1255 4221 1353 4274 misero
1368 4220 1519 4285 1133313111
1531 4221 1579 4290 qui
1594 4223 1709 4276 Romam

912 4297 1062 4370 appellans,
1082 4302 1109 4350 31
1124 4292 1285 4365 appellatus,
1302 4289 1377 4344 adire
1387 4304 1456 4360 sape
1472 4290 1609 4355 noluerat,
1623 4291 1704 4345 modo

912 4387 968 4426 non
983 4374 1098 4439 poterat,
1116 4367 1230 4421 lloiiiam
1252 4361 1285 4415 ad
1308 4377 1336 4416 se
1358 4360 1531 4415 accedentem
1555 4358 1706 4428 31133313-

55 4443 857 4518 3131113313303311113,133313111331133131333113333111111113-
871 4449 895 4507 D
911 4441 987 4506 bore,
1003 4438 1138 4494 nonnullo
1152 4435 1243 4488 fructu
1252 4431 1354 4501 attigit.
1366 4430 1484 4485 1333333
1496 4428 1571 4484 33113
1583 4429 1709 4499 pontifex

55 4535 128 4583 nus,
155 4526 182 4572 31
196 4518 295 4589 synodi
311 4515 560 4582 confirmationem,
577 4521 658 4584 atque
677 4514 711 4569 de
730 4513 857 4569 ositionis

55 4589 263 4645 Hincmariane
280 4587 517 4659 approbationem,
543 4584 617 4656 qirod
638 4591 696 4639 erat
712 4531 857 4665 iegationis

55 4668 150 4731 caput.
178 4659 236 4714 lloc
263 4676 327 4713 vero
354 4666 512 4714 constanter
539 4663 646 4712 recusat
670 4655 805 4726 pontifex,
826 4662 857 4710 ut

56 4730 199 4804 quondam
214 4730 342 4786 Nicolaus
357 4746 405 4800 pro
415 4727 548 4785 llotbado.
566 4726 664 4798 1113311
679 4726 753 4853 quod
769 4749 778 4773 ι
793 4742 857 4782 311111

56 4803 191 4858 01333131
207 4802 236 4856 13
257 4799 364 4872 synodo
376 4816 404 4855 se
418 4799 452 4854 ad
472 4799 563 4854 sedem
588 4807 684 4870 aposto
698 4798 767 4854 133111
785 4798 856 4852 velle

56 4873 254 4928 incunctanter
268 4872 372 4937 venire,
384 4878 465 4942 atque
476 4869 504 4926 in
521 4870 664 4938 3113333113
678 4870 736 4940 ejus
752 4867 857 4942 31031)-

53 4943 140 5015 jectis
164 4943 217 4998 sibi
245 4942 278 4996 ab
307 4942 464 4997 adversario
490 4941 654 4997 criminibus
683 4941 856 5012 respondere,

57 5013 250 5070 damnationis
266 5015 295 5068 in
311 5030 373 5067 eum
390 5013 473 5068 fuerit
487 5013 590 5083 prolata
610 5013 754 5067 sententia.
775 5036 785 5058 »
806 5011 859 5065 lu-

55 5086 107 5142 bet
122 5085 254 5140 advenire
270 5085 361 5150 illum,
377 5091 404 5138 et
420 5100 482 5138 cuin
506 5099 538 5136 eo
569 5108 578 5129 ι
598 5090 781 5136 accusatorem
802 5081 859 5136 ido-

56 5172 156 5222 neum,
174 5156 222 5227 qui
238 5156 315 5211 nulla
325 5154 411 5226 possit
422 5154 584 5210 auctoritate
594 5150 718 5223 legitima
731 5151 821 5233 respui
834 5170 853 5212 ς»

57 5237 92 5283 31
101 5242 165 5282 3331
178 5225 607 5298 synodaliconventusecundum
616 5221 861 5292 moremjudicium

57 5304 238 5354 retractetur.
247 5299 329 5355 Vetat
347 5297 468 5364 interim,
496 5310 662 5369 *quousque
685 5309 766 5350 causa
787 5292 864 5347 illius

911 4519 972 4584 post
984 4509 1074 4566 Caroli
1091 4513 1206 4562 mortem
1227 4503 1333 4557 delatus
1348 4501 1377 4554 in
1391 4500 1520 4564 Galliam,
1539 4515 1601 4553 cuin
1622 4515 1710 4570 gene-

911 4583 966 4637 rale
981 4580 1074 4635 113313
1088 4578 1200 4632 baberet
1214 4573 1375 4635 concilium,
1388 4571 1459 4625 inter·
1473 4578 1579 4635 catera,
1596 4569 1655 4641 ejus
1669 4586 1709 4625 re·

911 4652 1085 4716 clamatione,
1112 4663 1193 4719 quani
1221 4661 1291 4715 saepe
1319 4643 1475 4706 citavimus,
1496 4640 1601 4709 audita,
1630 4641 1709 4697 velie-

912 4731 1018 4780 menter
1034 4719 1203 4792 rogantibus,
1223 4724 1250 4771 et
1272 4731 1339 4787 pene
1362 4713 1523 4783 cogentibus
1544 4712 1709 4783 quibusdam

910 4794 1055 4867 episeopis,
1065 4808 1126 4847 eum
1135 4790 1170 4846 ab
1179 4784 1465 4844 excommunicatione
1474 4793 1501 4839 et
1512 4784 1711 4855 irregularitate

912 4865 1006 4933 solvit,
1022 4871 1048 4920 et
1063 4860 1257 4919 adornandam
1277 4858 1399 4925 missam,
1416 4856 1438 4910 si
1465 4857 1558 4922 vellet,
1574 4855 1686 4911 admisit
1702 4872 1709 4919 ;

913 4936 1045 4993 attributa
1067 4936 1104 4990 ad
1122 4933 1186 4987 vitae
1204 4929 1430 4986 sustentationem
1451 4927 1543 4998 aliqua
1570 4927 1709 4981 redituum
1780 4994 1784 5005 Ι

913 5009 1044 5064 Ecclesiae
1058 5002 1248 5061 Laudunensis
1261 5008 1351 5072 parte:
1368 5016 1399 5054 ea
1415 5008 1508 5054 tamen
1529 4998 1596 5066 lege,
1614 4994 1710 5048 31113-

914 5078 1054 5143 denulfus,
1069 5071 1272 5146 quantumlibet
1288 5071 1447 5127 missionem
1458 5082 1557 5137 rogans
1568 5065 1603 5119 ob
1617 5079 1711 5135 corpo·

915 5150 953 5204 ris
966 5146 1165 5212 infirmitatem,
1182 5152 1209 5200 31
1224 5143 1274 5198 0111
1288 5139 1409 5211 religiosi
1424 5144 1563 5209 appetens,
1578 5134 1669 5190 sedem
1682 5140 1710 5189 ct

916 5236 931 5275 c
953 5220 1007 5275 isco
1028 5218 1069 5272 ale
1089 5216 1211 5272 odicium
1236 5219 1390 5282 occuparet.
1415 5209 1526 5263 111333
1549 5207 1636 5261 multo
1651 5212 1712 5278 post

916 5237 986 5346 ciiii
1027 5282 1377 5344 ‘nemarusliauduneusis

603 5569 1149 5623 ψ.-
