3834 6136
187 190 190 199 '
218 189 270 250 etl
878 185 1031 246 USUARDI
1049 185 1210 246 MONAClll
1823 189 1880 249 872

218 315 273 372 buc
286 329 332 371 eos
345 313 495 383 distulerit,
509 329 564 371 nen
579 313 661 371 aliam
677 329 789 372 cansam
804 313 930 371 divinare
942 315 1017 385 lieet,
1032 325 1058 386 Α
1112 316 1280 388 Theophilus,
1299 315 1332 372 ab
1357 315 1536 389 Hieronymo,
1558 314 1592 373 de
1614 315 1716 389 script.
1738 332 1801 388 cap.
1826 316 1874 388 at,

218 395 316 459 preter
326 403 383 444 eain
398 403 481 460 quain
495 403 587 443 xxviii
602 386 770 461 Septembris
784 385 906 442 breviter
916 387 1013 458 attigi·
1071 389 1175 460 egregie
1191 388 1326 455 laudatus,
1343 388 1473 460 primitus
1487 387 1569 444 atiani
1584 387 1673 444 oritur
1696 403 1731 443 cx
1747 389 1876 447 Romano

220 474 294 525 mus,
310 459 441 513 nimirum
457 458 531 531 qnod
547 458 661 514 lertasse
677 459 706 513 iii
729 458 860 530 Hispania
874 459 927 514 bec
940 459 1013 530 ipses
1068 476 1163 532 parve,
1180 459 1224 515 bis
1238 458 1349 515 verbis:
1365 459 1520 526 Antiochia,
1539 459 1675 531 Theophili
1685 459 1813 530 episcopi,
1829 463 1882 531 qui

217 527 263 584 die
279 530 333 584 celi
348 528 572 601 deprehenderit.
590 531 672 585 Plura
687 530 717 585 in
741 530 812 585 lianc
829 546 884 585 rein
900 530 1012 602 collegit
1068 539 1157 586 senties
1172 532 1204 587 ah
1220 530 1347 602 apostolis
1361 530 1424 600 fnit.
1440 530 1496 588 Vix
1509 529 1607 586 dubito
1624 531 1693 603 quin
1707 546 1743 586 ex
1760 531 1878 603 Rufino,

220 598 407 656 Theodericus
422 600 594 668 Ruinartius,
617 617 711 656 aerum
726 603 796 657 Acta
811 601 884 656 inter
907 601 1013 657 sincera
1068 603 1118 658 lib.
1136 620 1174 670 iv,
1189 619 1248 672 cap.
1264 603 1309 669 at,
1324 602 1485 674 desumptus
1506 601 1553 658 sit.
1571 601 1697 657 Pbrasim
1713 603 1878 674 permodice

218 678 245 728 et
260 672 361 727 selecta
376 670 537 737 reserenari
556 687 616 752 pag.
633 672 697 739 597,
720 688 770 728 nec
784 673 856 728 tanti
880 673 1012 728 momenti
1068 674 1213 746 ampliavit
1226 673 1298 739 Ado,
1314 673 1434 729 sedeam
1450 672 1543 728 nescio
1557 670 1629 728 unde
1644 673 1755 728 auxerit
1772 674 1875 732 Notlie·

219 751 285 798 sunt
298 741 475 798 difficultates
489 752 636 813 preposite
650 759 666 798 a
681 743 862 798 'tillemontio
886 750 962 799 tenio
977 744 1012 811 V,
1069 762 1125 800 rus.
1143 745 1241 801 Noster
1261 762 1296 801 ex
1312 744 1408 800 Adone
1423 760 1472 800 sua
1485 743 1648 816 desumpsit,
1669 744 1806 801 emittens
1822 744 1878 804 due

218 828 278 887 pag.
299 813 361 880 796,
383 820 413 867 nt
430 828 486 867 nen
501 813 581 868 iacile
596 813 711 869 dissolvi
722 822 833 887 queant.
854 814 1014 870 Laudentur
1069 816 1166 872 ultima
1181 817 1274 884 verba,
1286 816 1339 870 uiri
1348 815 1533 883 eruditissimi,
1544 832 1604 887 quai
1614 823 1688 871 certe
1703 815 1812 872 intacta
1821 833 1876 874 ser·

217 887 301 943 etiam
316 883 506 942 Cordubenses
520 885 607 939 nestri
623 884 680 940 inb
704 885 928 941 mnePrudentii.
940 886 1014 958 apud
1069 904 1132 944 vare
1154 896 1271 960 poterat,
1287 904 1351 944 enm
1366 903 1402 943 ex
1416 887 1509 945 citatis
1523 885 1643 942 Eusebio
1658 895 1686 943 et
1702 887 1877 970 Hieronymo

217 956 344 1013 eumdem
369 955 554 1036 Ruinartium,
578 971 642 1036 pag..
662 902 725 1012 eit.
751 956 966 1013 Wandalbeitus
987 965 1014 1013 et
1067 959 1101 1015 de
1118 959 1220 1032 insigni
1234 957 1294 1031 ejus
1308 959 1435 1015 doctrina
1449 957 1557 1014 abunde
1566 965 1684 1026 constet,
1701 964 1735 1013 ut
1749 958 1878 1028 pluribus

218 1044 309 1083 xxviii
322 1026 489 1098 Septembris
506 1035 532 1081 at
547 1025 660 1082 hoodie
676 1035 810 1099 martyres
824 1027 887 1084 illes
901 1028 1012 1094 cecinit,
1068 1031 1193 1087 invenies
1208 1046 1242 1085 ax
1256 1031 1318 1086 aliis
1331 1028 1535 1102 scriptoribusa
1546 1029 1666 1084 baronio
1680 1027 1711 1085 iii
1726 1028 1878 1089 Notatiene

217 1114 287 1170 ques
301 1098 371 1153 ferte
383 1097 507 1153 diversos
520 1097 630 1178 putavit
642 1114 676 1153 ex
695 1099 835 1156 Marcialio
849 1108 876 1154 et
890 1101 1014 1158 Marcelli
1070 1102 1171 1158 citatis.
1196 1101 1281 1157 Nobis
1306 1101 1427 1157 maxime
1441 1101 1504 1155 usui
1520 1099 1612 1155 veniet
1626 1100 1762 1156 Helleixii
1787 1105 1877 1160 nostri

217 1171 290 1243 apud
303 1169 393 1241 ipsum
406 1168 578 1224 discrimine.
595 1168 688 1224 Primo
706 1169 768 1226 lece
781 1170 820 1226 ita
838 1170 938 1228 babet:
1071 1173 1235 1239 lucubratio,
1256 1171 1422 1231 conferenda
1444 1187 1507 1227 cuni
1532 1170 1741 1228 Commentario
1768 1171 1877 1231 Gallico

1070 1244 1241 1300 Tillementii
1263 1252 1338 1299 tenio
1359 1244 1406 1311 Ill,
1432 1258 1448 1298 a
1471 1258 1532 1313 pag.
1547 1241 1592 1298 te.
1609 1244 1648 1297 De
1667 1241 1797 1300 Vesontio
1821 1260 1875 1301 neu

266 1285 383 1346 Faustus,
400 1285 526 1336 Martialis
540 1296 659 1351 q⁰³¹¹⁰¹¹¹
674 1297 699 1336 ⁰²
710 1287 812 1338 ΨΜ
826 1298 926 1348 ‘’¹⁰³⁰‘'
1070 1316 1154 1371 semel
1178 1315 1207 1370 in
1232 1314 1371 1370 Auctariis
1385 1330 1474 1369 serino
1489 1313 1553 1370 luit.
1572 1312 1669 1385 Liquet
1684 1312 1740 1369 bec
1754 1314 1875 1384 primurn

264 1348 382 1412 Martyrii
399 1350 486 1399 trabea
502 1350 578 1399 siiaul
592 1361 618 1400 et
636 1353 778 1400 certamina
790 1350 863 1402 clari.

217 1453 306 1510 Hodie
320 1469 386 1510 vero
400 1454 440 1511 sic
455 1454 538 1512 unice
553 1471 635 1513 versu
650 1455 787 1512 absolvit:

263 1561 371 1624 Ternas,
387 1561 536 1630 Marcellus,
552 1562 670 1620 t'aisiii,
687 1563 828 1616 danstanus
849 1564 966 1630 implent.

1069 1386 1115 1442 die
1124 1385 1158 1442 ab
1170 1386 1292 1442 Usuarde
1307 1386 1454 1457 signatum,
1469 1384 1517 1440 sed
1530 1384 1689 1440 observavit
1702 1383 1876 1444 Castellanns

1069 1457 1301 1531 iiihlartyrolegio
1311 1473 1361 1512 sne
1371 1455 1519 1512 universali
1531 1455 1605 1512 bniic
1614 1457 1766 1528 sepulturas
1780 1458 1872 1538 petius

1070 1545 1152 1602 quain
1176 1529 1269 1585 obitus
1289 1527 1362 1584 diem
1383 1543 1449 1608 esse.
1466 1527 1531 1607 Vita
1544 1526 1605 1599 ejus
1619 1543 1656 1584 ex
1670 1527 1809 1600 Gregorio
1822 1529 1873 1586 Tu·

1069 1601 1181 1658 ienensi
1192 1600 1369 1674 potissimum
1391 1605 1549 1656 innotescit.

928 1749 1120 1808 AUCTAltlA.

240 1863 372 1923 OEntmn.
396 1864 456 1920 lam
472 1880 554 1993 suqra
577 1866 607 1921 in
624 1865 805 1925 Variantibus
828 1868 1047 1938 augmentumlt
1099 1865 1245 1922 Vierenm.
1270 1871 1297 1921 et
1320 1865 1435 1922 Rneian
1456 1861 1538 1918 Sanc.
1561 1861 1688 1932 signatus
1702 1877 1784 1920 num.
1802 1862 1866 1920 isa:

215 1931 276 2061 ἔοι
291 1934 463 1993 notavimus:
488 1960 497 1985 ι
523 1953 571 2010 pse
581 1937 636 2007 die,
648 1947 805 1996 sanctornm
819 1938 1007 1995 consessorum

241 2005 327 2062 eraldi
343 2015 370 2063 et
384 2007 538 2064 Leebeni.·

229 2147 235 2158 ²
250 2077 421 2159 rl'enniiciirn,
441 2079 487 2136 bic
501 2080 583 2138 solite
595 2081 791 2153 delectnesior,
806 2093 881 2142 caret
895 2098 1010 2141 annun-

214 2154 330 2205 tiatione
344 2166 432 2222 priuis
442 2156 470 2206 et
483 2151 600 2221 nltima;
615 2156 644 2211 in
658 2152 766 2211 duabus
781 2155 879 2212 mediis
894 2155 1008 2212 omnine

214 2235 315 2293 purus.

249 2293 475 2351 Annaeum-Mai.
495 2294 689 2353 habetiterum
704 2299 889 2356 accessionem
907 2298 1008 2371 Angli-

213 2378 309 2446 canam
320 2382 326 2420 :
350 2366 473 2422 «Eodem
484 2366 609 2438 dieapud
619 2368 910 2439 westmonasterium,
920 2379 1007 2426 trans·

212 2434 280 2491 latre
294 2437 380 2493 macti
395 2437 526 2494 Edwardi
541 2439 612 2510 regis
627 2446 654 2494 et
668 2441 847 2499 confessoris.
865 2467 874 2490 ι

227 2576 233 2587 .
248 2507 403 2589 Pausania.
419 2508 512 2565 delicit
525 2510 554 2565 iii
567 2511 656 2582 elegio
667 2511 898 2581 Cordubensium,
914 2512 944 2567 in
959 2526 1009 2567 re-

215 2576 299 2650 liquis
313 2579 379 2635 satis
389 2596 484 2651 purus.

250 2651 403 2716 Manena,
415 2651 861 2720 Max-Lanae,Ceonxssiaeriin.
876 2655 947 2737 sign.
956 2654 1007 2710 Pa

213 2727 241 2774 et
256 2719 541 2787 Uanniiinn.,emnes
556 2723 585 2777 in
599 2724 654 2780 line
684 2734 725 2782 est
735 2734 843 2782 textam
859 2725 1004 2806 adjiciunt:

218 2791 312 2872 ‹ltein
334 2792 467 2860 Marcelli,
482 2793 596 2850 Adriani
614 2803 640 2851 et
661 2742 780 2854 Marci.»
802 2799 845 2852 Ex
865 2799 1006 2869 Hierony-

212 2876 312 2942 mianis
326 2862 468 2920 codicibus
478 2866 582 2936 accepti
594 2866 735 2937 videntur,
745 2869 841 2936 sed,ut
855 2868 1006 2940 sepissime

213 2931 325 3002 accidit,
337 2934 408 2990 male
423 2935 576 3007 conjuncti.

245 3005 388 3061 Arrenii.
401 3007 486 3074 Mar,
503 3010 681 3078 Uirniinicr,
693 3012 830 3078 Lernan,
843 3013 1003 3067 Auentinen.

209 3077 341 3132 etbisic.
351 3094 502 3151 omnespie
515 3082 610 3137 Fausti
618 3082 744 3139 scribunt
756 3082 889 3138 Faustini.
902 3081 1005 3137 Omnes

1070 1960 1080 1985 ι
1095 1938 1156 2008 lpse
1171 1936 1226 2005 die,
1242 1934 1328 1992 sancti
1343 1933 1454 1992 Geraldi
1474 1932 1662 1990 contessoris·

1099 2007 1556 2064 Mareia-Cannas.-Uiriiiinum:
1576 2028 1585 2052 ι
1605 2004 1736 2062 Venaetii
1761 2005 1867 2062 abbatis

1064 2087 1091 2135 et
1113 2079 1287 2136 confessoris.
1310 2077 1402 2149 Carpi,
1421 2074 1549 2148 discipuli
1563 2074 1634 2131 beati
1652 2076 1744 2133 Pauli.
1761 2078 1866 2145 Fausti,

1062 2150 1186 2207 tannarii
1210 2160 1237 2206 et
1261 2149 1396 2208 Martialis
1416 2147 1535 2219 graviter
1549 2162 1704 2219 passerum.
1719 2148 1867 2222 Theophili

1063 2221 1184 2295 episcopi
1199 2221 1380 2277 Antiochia·

1099 2294 1130 2350 lii
1146 2293 1294 2360 Varenum,
1311 2307 1387 2347 nuni.
1403 2289 1484 2356 acte,
1496 2288 1571 2347 deest
1578 2291 1671 2347 Fausti
1686 2298 1714 2348 et
1728 2304 1789 2345 sec.
1803 2289 1867 2345 ltein

1067 2364 1198 2422 Vniaatii.
1215 2363 1359 2434 Adiectum
1373 2380 1379 2417 ε
1391 2360 1491 2433 «Apud
1505 2361 1618 2429 Gallias,
1630 2360 1771 2432 depositio
1781 2361 1866 2416 sancti

1063 2436 1172 2492 Geraldi
1189 2434 1363 2492 confessoris.
1379 2433 1533 2488 Translatie
1548 2434 1635 2490 sancti
1652 2431 1786 2491 Giliberti
1804 2448 1866 2488 cen·

1062 2507 1184 2565 lasseris.
1210 2508 1313 2573 Roma,
1338 2504 1473 2576 depositio
1495 2506 1584 2561 sancti
1604 2504 1722 2560 llenerii
1750 2518 1860 2575 papa.»

1062 2578 1163 2649 Majere
1177 2578 1342 2636 auctoritate
1354 2592 1423 2648 epus
1437 2575 1500 2646 erit,
1513 2585 1543 2633 ut
1557 2576 1591 2633 de
1601 2576 1681 2632 cultu
1695 2573 1806 2648 aliquid
1816 2582 1867 2631 ita·

1062 2657 1166 2707 tuetur.

1097 2722 1279 2777 Lacaenam:
1304 2743 1313 2766 ι
1329 2717 1470 2791 Depositie
1484 2716 1558 2773 beati
1575 2717 1687 2775 Geraldi
1701 2716 1866 2774 confessoris

1062 2792 1189 2850 Christi.»
1210 2795 1249 2848 De
1262 2808 1317 2865 que
1330 2789 1389 2862 jain
1404 2790 1514 2862 sepius.

1097 2865 1315 2921 haserenan:
1332 2887 1341 2911 ι
1361 2862 1516 2917 Translatie
1530 2861 1618 2918 saneti
1634 2860 1748 2918 Geraldi
1764 2860 1867 2920 cenfes-

1060 2937 1152 2991 seris.»
1173 2936 1242 3008 Lege
1257 2951 1320 2991 curii
1334 2933 1406 3001 aliis,
1422 2931 1558 3003 depositio.

1096 3008 1342 3065 Casini-Karion:
1373 3027 1382 3052 ι
1414 3003 1496 3075 Apud
1524 3003 1632 3072 urbem,
1662 3020 1725 3078 qnae
1754 3003 1865 3062 Orlacus

1060 3086 1246 3149 nuncupatur,
1261 3076 1353 3133 sancti
1365 3074 1475 3131 Geraldi
1489 3074 1680 3132 confessoris·

207 3161 242 3201 ex
257 3147 353 3204 Adone
368 3149 401 3206 de
425 3152 579 3224 Theophila
603 3154 753 3209 restituunt
771 3152 865 3218 verba,
891 3170 951 3223 quaa
971 3152 1004 3207 ab
1096 3150 1219 3205 Rnnnns.
1245 3148 1291 3204 SS.
1314 3146 1436 3202 l'iniotb.
1457 3153 1484 3201 et
1506 3146 1862 3228 Apoll.:«1nAquitauia,

207 3217 331 3275 Usnarde
355 3222 456 3279 emissa
480 3224 607 3292 lucrant3
623 3240 732 3296 nempe,
747 3225 800 3280 oiri
815 3224 999 3280 eruditissimi.
1018 3227 1042 3288 C
1062 3220 1228 3276 monasterio
1248 3219 1403 3286 Aureliace,
1419 3216 1556 3291 depositio
1571 3218 1661 3276 sancti
1676 3217 1791 3274 Geraldi
1803 3233 1862 3274 een·

207 3289 310 3347 Omnes
325 3295 479 3364 penultimo
494 3296 554 3352 loce
565 3295 704 3352 inserunt:
722 3297 810 3352 ‹ltem
826 3295 1001 3362 Calaedenia,

206 3370 364 3419 sanctorum
396 3366 517 3423 Marcelli
541 3366 626 3440 [solos
648 3368 881 3424 Aurariae-Max.
904 3372 1003 3439 prater

205 3439 311 3490 cataros
327 3436 387 3506 legit
398 3437 593 3519 Marcellianil,
610 3437 728 3495 Adriani
743 3448 771 3495 et
786 3439 881 3495 Marci.
897 3463 906 3486 ι

242 3504 397 3586 Levinirn.
415 3526 478 3564 cuin
498 3510 637 3580 prioribus
647 3511 789 3580 convenit,
804 3510 851 3567 sed
866 3510 960 3568 delicit
975 3510 1003 3565 iii

206 3576 298 3646 elegio
312 3575 534 3634 Cordubensium

239 3645 416 3703 Cannaban:
440 3671 449 3694 ι
466 3648 546 3717 Apud
568 3649 713 3717 Troadem,
729 3652 816 3707 sancti
838 3652 919 3721 Carpi
934 3651 998 3721 epi-

204 3717 290 3786 scopi,
305 3716 436 3787 discipuli
452 3718 529 3773 Pauli
544 3719 670 3799 apostoli.
687 3719 831 3787 Corduba,
845 3729 1002 3777 sanctorum

203 3786 307 3866 Fausti,
323 3785 445 3844 tannarii
457 3795 484 3845 et
494 3789 637 3858 Martialis,
652 3790 699 3863 qui
712 3790 784 3862 ignis
794 3792 919 3864 passione
934 3809 1003 3849 mar·

159 3902 163 3909 .
203 3863 308 3928 tyrium
327 3869 622 3917 consummaverunw

237 3928 417 3984 Bnaxsitirn.
444 3930 498 3986 linc
519 3931 604 3987 relert
628 3938 763 4002 martyres
785 3932 940 4002 Africanos,
968 3934 1001 3989 de

202 3997 418 4070 quibuseginius
427 4000 471 4057 die
479 4002 653 4073 precedenti,
663 4003 847 4060 narrationem
860 4021 894 4060 ex
905 4004 1001 4062 Adone

200 4069 382 4148 amplificans.
399 4072 429 4126 ln
449 4071 536 4145 Carpe
551 4091 636 4146 purus
650 4083 700 4130 est.
716 4074 847 4147 Sequitur
861 4076 895 4132 de
911 4077 1000 4131 Theo·

202 4138 279 4211 pbile
303 4149 334 4196 nt
356 4157 448 4214 snpra.
476 4146 507 4199 lii
530 4144 754 4202 Cordubensibus
765 4147 832 4203 satis
849 4164 934 4219 purus
948 4156 998 4203 est.

207 4212 262 4293 «ln
281 4210 454 4282 Calcedenia,
475 4217 565 4272 natale
584 4226 742 4272 sanctorum
761 4226 914 4291 martyrum
933 4220 1000 4274 Mar·

199 4282 274 4351 celli,
291 4284 404 4341 Adriani
417 4293 445 4342 et
457 4287 550 4344 Marci.
567 4288 598 4343 lii
615 4288 793 4357 Alexandria,
813 4290 901 4347 sancti
916 4291 999 4347 Atha·

199 4354 280 4424 nesii,
296 4356 469 4414 orthodoxi.»
490 4359 607 4415 Videtur
622 4359 739 4415 indicari
751 4377 864 4432 magnus
880 4361 1000 4417 Athana·

198 4425 266 4494 sius,
279 4427 328 4508 sed
343 4427 389 4484 bic
402 4429 504 4486 celitur
523 4447 544 4486 ii
563 4430 638 4486 Maii.
660 4431 799 4503 Sequitur,
821 4458 829 4480 ι
855 4432 998 4501 Arvernis,

198 4506 285 4554 sancti
301 4498 414 4556 Gerardi
426 4501 615 4558 coalescas.-
637 4501 758 4559 Vocatur
773 4504 916 4561 deroldus.
929 4503 1000 4561 Vide

1061 3292 1197 3349 lasseris.»

1095 3363 1189 3420 Editio
1204 3362 1392 3419 Laesae-Cor..
1406 3378 1433 3415 :i
1447 3359 1571 3417 Coloniae
1584 3359 1758 3432 Agrippinas,
1771 3359 1800 3415 iii
1811 3375 1862 3439 me

1059 3437 1180 3491 nasterie
1194 3441 1353 3492 sanctorum
1364 3431 1571 3500 panthaleonis,
1582 3430 1690 3488 Cosriiae
1699 3439 1728 3487 et
1739 3430 1861 3510 Drmiam

1060 3507 1229 3563 medicorum
1250 3505 1310 3571 Dei,
1334 3503 1462 3560 inventio
1491 3501 1615 3574 corperis
1643 3502 1719 3559 beati
1746 3502 1861 3559 Manriui
1886 3550 1889 3555 .

1059 3577 1165 3634 abbatis
1188 3587 1215 3635 et
1236 3575 1376 3659 martyris,
1404 3574 1455 3630 sub
1477 3574 1578 3630 Oitene
1598 3573 1610 3629 Ι
1633 3574 1813 3646 imperatore,
1837 3582 1861 3654 et

1059 3649 1142 3705 lratre
1165 3649 1224 3719 ejus
1246 3648 1359 3704 domino
1374 3647 1513 3714 Brunene,
1535 3644 1694 3703 Coloniensi
1724 3644 1860 3716 archiepi-

1057 3736 1149 3791 scope,
1164 3719 1363 3775 incarnationis
1377 3716 1461 3775 Verbi
1477 3732 1550 3772 enne
1563 3717 1771 3774 acacciri.·Se
1790 3716 1862 3773 uitur

1057 3798 1150 3846 textus
1175 3798 1206 3845 nt
1227 3800 1267 3846 est
1289 3807 1372 3861 supra
1390 3789 1420 3844 in
1440 3788 1687 3855 Aurariae-Max,
1704 3795 1760 3845 etc.
1772 3733 1860 3868 Maing

1064 3887 1073 3909 ι
1084 3864 1113 3918 ln
1125 3861 1298 3929 Calcedonia,
1309 3869 1468 3918 sanctornm
1479 3859 1611 3927 Marcelli,
1621 3859 1860 3916 Adrianietldarei

1056 3934 1256 3989 confessorum.
1268 3934 1299 3988 ln
1310 3930 1449 3988 territerio
1460 3930 1633 3998 Treverensi,
1644 3930 1793 3986 translatio
1805 3945 1860 3986 san·

1055 4005 1093 4062 eti
1103 4003 1233 4060 Lubencii
1241 4002 1393 4077 presbyteri
1404 4011 1431 4058 et
1439 4001 1614 4057 confessoris.
1625 4000 1795 4067 Cedemdie,
1805 4016 1859 4057 san·

1055 4077 1092 4134 cti
1109 4075 1221 4132 Geraldi
1237 4074 1413 4131 confessoris.
1430 4073 1513 4145 Apud
1528 4071 1668 4128 Austriam
1679 4071 1764 4154 juxta
1775 4073 1859 4128 Dauu-

1054 4147 1143 4214 binm,
1186 4146 1257 4202 assio
1279 4145 1367 4201 saneti
1391 4143 1554 4202 Calenianni
1574 4150 1717 4215 martyris,
1735 4159 1768 4200 ac
1823 4157 1860 4198 re·

1055 4218 1128 4291 grini
1142 4163 1256 4274 cirini.
1274 4218 1336 4287 Ipso
1352 4215 1406 4281 die,
1425 4214 1586 4286 triumphus
1609 4212 1698 4271 sancti
1721 4214 1790 4271 Lam
1810 4212 1858 4270 arti

1055 4288 1174 4360 episcopi
1190 4287 1385 4343 Leediensiset
1399 4285 1540 4356 martyris.
1558 4284 1709 4358 lnAnglia,
1720 4284 1860 4342 translatio

1054 4361 1142 4417 sancti
1158 4359 1283 4415 Etwardi
1297 4358 1369 4430 regis
1384 4365 1412 4413 et
1425 4355 1603 4414 confessoris.
1617 4382 1626 4405 ι

1090 4431 1187 4487 Biatia.
1202 4430 1288 4486 editio
1302 4431 1389 4485 altera
1405 4427 1488 4484 habet
1504 4435 1612 4483 textrini
1626 4434 1658 4482 nt
1673 4427 1762 4498 prior,
1774 4425 1823 4484 sed
1835 4426 1860 4482 in

1054 4502 1109 4558 fine
1131 4501 1293 4575 conjungit:
1318 4525 1328 4548 ι
1349 4502 1417 4557 Item
1438 4499 1569 4566 Marcelli,
1588 4498 1717 4567 Adriani,
1734 4498 1819 4556 Marci
1838 4505 1861 4554 et

198 4565 382 4627 Castellaiium
397 4580 424 4628 et
437 4572 546 4630 cedices
561 4573 643 4630 inlra.
655 4576 694 4630 lle
709 4573 846 4631 Venantie
858 4575 994 4647 agendum
1011 4579 1035 4636 D
1050 4573 1170 4630 Geraldi.
1188 4573 1327 4629 ·Ultiinus
1343 4570 1485 4628 conlemor
1499 4585 1561 4626 cuni
1578 4569 1676 4643 primis
1693 4568 1861 4644 martyribus

198 4637 250 4693 erit
265 4639 309 4695 dle
320 4642 455 4714 sequenti.

232 4709 412 4789 Haennoiiin.
428 4713 462 4768 de
476 4714 573 4786 Carpe,
590 4725 651 4786 pest
665 4718 797 4788 Apostoli,
813 4717 907 4774 addit:
932 4743 941 4764 ι
958 4717 996 4771 lte

196 4779 988 4906 quoideniaqqestelusmentienemlacitinsnisEpistolis.·

224 4858 334 4932 inponit
372 4852 503 4933 ed'istinm
516 4857 713 4925 Ravennatem,
725 4858 759 4914 de
769 4875 823 4938 que
835 4875 884 4913 nes
894 4858 992 4928 pridie.

196 4922 270 4977 Theo
293 4923 349 4978 liile
374 4932 457 4979 etiam
480 4925 557 4983 addit
583 4927 705 4999 alogiam
729 4929 782 4983 oiri
810 4929 992 4984 eruditissimi.

194 4939 299 5075 Deinde
309 4993 435 5075 adjungit
447 5013 452 5050 :
464 4996 527 5062 «Qui
537 4996 768 5124 librumqnatner
779 5000 993 5071 Evangeliornin

194 5081 224 5121 in
239 5082 294 5122 nne
312 5067 451 5122 reluiiiine
465 5076 629 5139 compesuit.
667 5070 771 5135 uronis,
785 5071 921 5142 depositio
933 5087 992 5126 san-

194 5135 231 5191 cti
256 5137 386 5194 Venantii
407 5138 514 5195 abbatis
536 5141 564 5195 in
585 5141 751 5197 monasterie
765 5144 853 5198 sancti
870 5142 991 5197 Martini.

194 5206 206 5262 t
225 5223 255 5262 so
269 5208 313 5265 die
329 5209 357 5264 iii
373 5210 546 5277 Calceilenia,
563 5211 650 5283 passio
665 5220 822 5270 sanctornm
840 5220 994 5285 martyrum

221 5281 324 5348 arcelti,
345 5282 462 5337 Adriani
475 5291 501 5339 et
518 5282 624 5338 Marci·

229 5350 388 5411 Acaicincr.
413 5362 476 5410 ante
504 5356 620 5410 Turonis
644 5354 820 5411 interserit:‹
842 5358 910 5412 lteni
936 5372 995 5411 saii-

194 5423 301 5501 aterum
316 5424 447 5492 Marcelli,
463 5425 578 5482 Adriani
589 5435 616 5482 et
626 5427 720 5482 Marci.
734 5427 835 5482 bledein
847 5427 892 5482 die
907 5426 994 5482 sancti

194 5485 302 5567 Geraldi
318 5494 491 5552 confessoris.
507 5496 560 5563 Qui
571 5497 635 5556 licet
650 5498 679 5553 in
696 5497 785 5554 laicali
797 5498 904 5566 habitu,
917 5497 994 5555 Chri-

194 5566 289 5614 stiane
305 5561 436 5646 religioni·
449 5567 587 5624 inherens
607 5569 739 5638 viriliter,
761 5568 993 5642 quemadmodum

193 5629 250 5684 Dee
268 5628 368 5688 charas
380 5639 516 5704 extiterit,
531 5655 580 5711 per
595 5642 728 5698 miracula
743 5648 926 5698 monstratum
941 5646 992 5707 est,

194 5699 369 5831 qqqrvirens
382 5708 464 5776 gessit
476 5715 503 5764 et
519 5710 710 5784 multipliciter
724 5721 785 5784 pest
801 5718 917 5768 mortain
932 5726 994 5783 epe·

272 5798 293 5831 ,l

1052 4644 1327 4702 malecennactitnr.

1086 4716 1212 4772 Geniis.
1231 4735 1237 4772 ;
1267 4737 1276 4762 ι
1307 4716 1338 4770 ln
1365 4712 1542 4780 Calcedenia,
1567 4719 1728 4769 sanctornm
1754 4710 1861 4770 Marelli

1050 4785 1210 4914 Bilarcellil,
1226 4785 1343 4842 Adriani
1362 4792 1389 4841 at
1406 4784 1501 4841 Marci.
1520 4783 1603 4856 Apud
1623 4784 1769 4839 Austrism
1782 4782 1861 4856 juxta

1076 4857 1218 4924 anubium,
1236 4857 1324 4929 passio
1338 4855 1425 4912 saneti
1442 4854 1607 4912 Calemanni
1621 4855 1755 4928 martyris
1770 4870 1804 4911 ae
1818 4869 1862 4927 pe·

1049 4928 1151 5000 regrini
1167 4927 1281 4984 Christi.
1298 4926 1414 4985 Colonia
1428 4926 1530 4998 Aggrip
1550 4927 1607 4994 ina,
1626 4925 1755 4982 inventio
1768 4924 1859 4982 sancti

1050 4999 1169 5055 Macrini
1192 4998 1299 5054 abbatis
1313 5007 1340 5054 et
1358 4999 1497 5078 martyris.
1523 4943 1593 5055 lium
1609 4998 1685 5053 enini
1701 4996 1791 5054 beatae
1807 5012 1858 5052 me·

1050 5070 1144 5126 ineriae
1163 5070 1257 5125 Bruno
1279 5069 1452 5126 Coloniensis
1467 5068 1694 5141 archiepiscopus
1709 5083 1786 5124 anne
1801 5069 1861 5124 De—

1050 5142 1119 5196 miui
1135 5157 1286 5197 accecixvi
1303 5141 1500 5196 monasterium
1512 5139 1600 5197 sancti
1615 5139 1819 5196 Panthaleonis
1833 5138 1861 5193 in

1050 5212 1162 5282 praelata
1173 5212 1285 5267 civitate
1295 5210 1421 5282 erigeret,
1439 5219 1466 5266 et
1482 5227 1530 5281 pre
1544 5209 1728 5266 laudamento
1745 5208 1863 5267 locando

1051 5283 1201 5350 lederetur,
1219 5292 1356 5353 repertum
1373 5290 1414 5337 est
1435 5297 1545 5338 sacram
1561 5297 1661 5354 cerpus
1676 5282 1761 5338 titule
1779 5297 1862 5353 appe·

1050 5354 1122 5410 site:
1147 5355 1196 5408 llic
1220 5354 1387 5423 requiescunt
1406 5370 1466 5407 ossa
1491 5353 1563 5408 honoe
1588 5352 1723 5408 anactoria
1739 5351 1863 5411 Maurici

1050 5426 1164 5492 obbatis,
1186 5426 1231 5494 qui
1247 5428 1274 5478 in
1289 5425 1361 5479 atrio
1376 5423 1490 5479 ecclcsioe
1508 5424 1671 5494 martyrium
1684 5424 1801 5495 pertulit
1816 5423 1862 5478 aab

1050 5497 1092 5552 die
1130 5502 1206 5550 iaarto
1230 5496 1296 5551 Idus
1319 5495 1407 5551 iunii.
1432 5496 1493 5567 lpse
1512 5495 1567 5563 die,
1593 5493 1756 5577 triumphas
1773 5492 1863 5550 sancti

1050 5514 1188 5623 liamiierti
1209 5567 1329 5638 episcopi
1360 5566 1522 5623 Leediensis
1534 5573 1562 5621 et
1575 5573 1717 5693 marquis.
1742 5565 1863 5646 Alexan·

1049 5639 1127 5703 dria,
1143 5637 1297 5705 Athanasii,
1309 5638 1429 5695 doctoris
1439 5637 1550 5708 optimi,
1564 5636 1642 5718 qaid
1662 5651 1706 5692 em
1718 5642 1860 5708 exposuit.

1048 5710 1080 5765 ln
1097 5708 1219 5765 Usuarde
1233 5709 1349 5764 babetur
1364 5727 1392 5764 vi
1406 5711 1498 5766 Nonae
1511 5708 1586 5767 Maii.
1598 5709 1630 5764 ln
1640 5711 1683 5765 An
1704 5707 1752 5776 lis,
1768 5714 1862 5764 inum

1051 5781 1120 5838 latio
1133 5778 1668 5857 sanetiEdwardiregisetcettietacria·
1722 5776 1862 5842 mitari·
