3834 6136
139 204 191 262 loo

788 194 939 253 ostiatim
957 192 1119 254 sonuerit

1742 192 1795 252 {Ab

137 336 203 396 etet,
213 324 323 383 dicetur
332 323 366 381 da
380 338 411 380 aa
425 323 460 380 sd
469 321 543 379 diem
557 320 617 393 ejus
624 320 743 376 natalem
757 335 818 375 arii
827 320 938 377 Decem·
953 321 977 380 A
993 318 1143 388 die,ssucti
1153 316 1300 388 Quinciani
1315 315 1470 391 presbyteri
1479 313 1794 375 etSiciiconiossorum.

137 400 204 468 bris,
221 414 276 470 quo
290 396 393 453 similia
408 410 516 467 semper
531 391 707 449 remittimus.
839 461 845 472 ⁶

172 467 559 527 Maruio.·Csnrue.·Uiruiii.
573 482 579 519 :
591 488 600 511 ι
610 462 702 521 Rufini
716 469 743 519 et
754 461 857 518 Valerii
868 477 939 519 mar·

137 550 243 616 tyrum.
268 539 364 596 Basilii
386 538 506 610 episcopi
527 534 712 592 Cesarieusis.
736 533 845 590 llelisaai
870 550 939 607 pro-

137 615 227 688 pheta
242 613 314 685 apud
329 610 491 667 Samariam.
508 606 651 674 Quintiani
668 605 853 678 presbyteri.-

173 688 203 742 ln
219 686 368 748 Variam..
392 697 469 737 uuui.
485 680 566 747 5949,
587 678 663 734 deest
684 677 811 746 «Eileoi,
830 677 938 747 basilii,

136 756 290 825 Quintiani.
307 750 478 821 »Adiectum
491 770 497 808 ε
509 776 518 799 ι
532 753 563 807 Ιιι
578 751 747 818 Benevento,
762 749 790 806 S.
806 749 937 807 Marciani

135 827 256 902 episcopi
271 833 298 882 et
314 824 490 882 confessoris.
506 847 516 869 ι
812 890 818 901 .

171 899 311 955 Asrsisrs.
327 915 353 953 :1
366 898 428 967 lpso
438 895 493 962 die,
509 893 653 962 Quintiani
667 891 820 965 presbyteri
829 898 857 947 et
867 907 937 948 mar·

134 972 216 1044 tyris.
232 993 241 1017 ι
262 968 362 1026 Melius
377 970 406 1023 in
420 975 510 1032 textu,
536 963 734 1022 «confessoris.
751 986 760 1010 ι

171 1042 359 1100 riouauru.:
379 1064 389 1086 «
404 1039 466 1110 lpse
479 1037 533 1107 die,
548 1044 705 1093 sauctorum
723 1043 876 1106 martymm
890 1037 937 1093 Ai-

135 1113 194 1182 frii,
210 1112 306 1170 Prothi
321 1120 347 1167 et
357 1109 512 1179 Quintiani.
528 1108 617 1167 »vide
631 1116 766 1180 martyres
779 1106 935 1165 Africanos.

134 1188 175 1244 lle
186 1185 306 1250 Aniauo,
321 1192 353 1239 ut
367 1184 522 1239 Pmsassu.
541 1181 642 1248 «lteui,
658 1179 746 1235 sancti
761 1179 859 1250 lguatii
881 1180 937 1250 epi·

992 391 1159 459 Aurelianis,
1183 389 1330 448 translatio
1344 389 1432 446 sancti
1454 387 1568 456 Auiani,
1583 411 1593 435 ι
1610 395 1663 445 etc.
1679 389 1721 446 De
1740 405 1798 465 qus

992 463 1075 520 etiam
1091 464 1176 520 altera
1191 461 1291 519 Bisinu
1305 460 1401 519 editio.

1028 534 1155 591 Gnsvsu.
1177 534 1263 590 Nota:
1288 533 1370 590 «Hoc
1391 534 1437 591 die
1456 533 1605 590 translatus
1627 542 1669 591 est
1683 541 1798 593 mamus

991 605 1121 672 Basilius,
1138 606 1269 662 Kalendis
1283 620 1348 661 iero
1362 605 1485 661 ianuarii
1501 605 1583 661 obiit.
1600 606 1668 662 ltem
1687 616 1795 664 sancto·

993 695 1054 733 rum
1071 677 1237 745 Antbeonis,
1253 677 1360 745 Gelani,
1374 678 1515 745 etloum,
1532 677 1678 744 Theodoli,
1694 678 1797 736 Airiet

992 749 1119 805 Protei.»
1140 748 1211 805 Vide
1225 749 1303 804 Aeta.
1327 771 1337 796 ι
1354 748 1480 814 Vienna,
1495 748 1603 804 Etlierii
1620 749 1743 823 episcopi
1769 757 1799 807 et

992 821 1167 878 confessoris.
1184 819 1307 887 Gregorii
1323 836 1338 875 e
1358 820 1444 892 iseopi
1459 828 1486 876 ot
1505 819 1706 878 confessoris·
1727 821 1799 890 Quis

991 893 1038 974 sit!
1054 893 1185 948 nescitur.
1209 836 1379 948 «Bertbofdi
1393 891 1569 973 confessoris.
1585 915 1595 939 ι
1612 893 1696 949 Forte
1709 893 1734 949 is
1744 901 1797 963 est,

991 980 1038 1036 qui
1053 965 1155 1021 colitur
1168 981 1217 1021 xvi
1231 964 1337 1019 lunii«
1356 963 1521 1028 suessionis,
1539 964 1628 1022 sancti
1643 964 1799 1023 Aristiouis

991 1035 1166 1093 confessoris.
1191 1060 1200 1082 ·
1223 1038 1262 1091 lla
1280 1051 1336 1107 quo
1359 1034 1389 1090 in
1413 1034 1504 1091 iudice
1528 1035 1795 1094 Pratermissorum.

998 1107 1107 1175 «Tulli,
1128 1107 1273 1163 translatio
1288 1107 1375 1162 sanmi
1391 1106 1528 1162 Mansueti
1552 1105 1674 1180 episcopi
1690 1115 1717 1164 et
1730 1124 1798 1166 con·

991 1178 1134 1234 lossens-
1155 1178 1262 1236 Colitur
1275 1195 1306 1235 iu
1320 1176 1497 1248 Septembris.
1520 1201 1530 1226 ‹
1546 1178 1636 1234 Beata
1650 1180 1793 1238 memorie

991 1249 1098 1317 Basilii,
1124 1249 1223 1321 prioris
1245 1248 1357 1320 majoris
1377 1248 1520 1316 Certusiae,
1544 1249 1592 1322 qui
1615 1258 1799 1323 aetatepost

992 1327 1118 1376 sanctum
1132 1321 1289 1376 Brunonem
1302 1321 1372 1387 loco,
1388 1320 1581 1392 annisviginti
1596 1321 1689 1379 tribus
1716 1323 1799 1380 raedi-

991 1400 1065 1449 ctam
1079 1391 1153 1448 rexit
1160 1392 1285 1457 domum,
1300 1399 1327 1447 et
1340 1391 1670 1451 miraculiscoruscanso
1743 1394 1799 1453 ini·

991 1463 1077 1519 vitiu
1095 1463 1225 1520 [lomina.
1242 1487 1252 1511 ·
1273 1463 1345 1520 Vide
1362 1464 1575 1520 praemissos.

136 1257 211 1338 scopi
235 1262 263 1311 et
281 1253 411 1326 martyris
432 1253 512 1310 ΟΡ.»
533 1252 567 1309 de
588 1267 643 1323 quo
664 1251 833 1377 supra-,ln
856 1251 938 1332 Pagia

133 1328 260 1394 civitate,
273 1334 374 1383 sanctae
388 1324 544 1382 Autbeonis
553 1330 690 1380 essanctae
724 1320 855 1378 edidis.»
867 1321 937 1378 Vide

135 1399 165 1456 iii
178 1397 257 1456 Actis
270 1397 457 1454 Antbeouem.
476 1418 486 1443 ι
501 1397 532 1452 ln
550 1395 670 1466 Epheso,
686 1408 845 1449 sanctorum
864 1394 936 1466 Mag-

154 1470 204 1538 'ni,
221 1469 326 1526 Gastini
338 1477 366 1525 et
379 1467 503 1525 Viviani.
515 1469 546 1524 ln
562 1467 665 1531 Alrica,
677 1474 836 1521 sauctorum
850 1464 934 1534 Afras,

179 1540 290 1608 intiaui,
311 1539 454 1609 Theodoli,
480 1538 591 1607 Theclae,
615 1537 733 1594 Festina
755 1544 782 1591 et
803 1535 937 1602 Quintia·
1025 1535 1135 1591 Menan.
1160 1535 1190 1591 in
1202 1534 1403 1616 posterioribus
1426 1534 1618 1592 editionibus:
1639 1536 1796 1607 «Viennae,

134 1613 220 1669 uilla.
238 1635 248 1660 ι
270 1611 342 1670 Vide
357 1612 457 1668 borum
472 1619 629 1683 martyrum
643 1608 757 1664 uomina
770 1607 937 1663 correctiora
991 1606 1077 1662 saneti
1100 1606 1209 1662 Etberii
1231 1605 1362 1678 episcopi.
1379 1605 1534 1679 Syracusis,
1558 1606 1646 1664 sancti
1664 1605 1797 1666 Martiaui

134 1683 165 1742 iii
180 1682 269 1740 Actis.
948 1682 974 1740 Α
990 1677 1124 1750 episcopi,
1143 1677 1192 1749 qui
1209 1677 1244 1734 ab
1259 1677 1391 1751 Apostolo
1415 1678 1526 1747 missus,
1544 1678 1689 1736 Seleucum
1713 1679 1755 1736 ibi
1768 1686 1798 1737 et

169 1755 276 1812 Mortuis
302 1752 393 1809 Siou:
426 1774 436 1802 ι
460 1749 620 1808 Aurelianis
644 1748 767 1817 civitate,
792 1749 937 1807 translatio
990 1749 1125 1805 Gordium
1145 1756 1172 1804 et
1196 1764 1323 1821 magnam
1347 1749 1557 1806 multitudinem
1580 1751 1730 1808 convertit.
1746 1751 1798 1808 llis

134 1827 258 1898 eorporis
272 1823 345 1879 beati
361 1822 463 1880 Auiani
478 1823 644 1880 contessoris
657 1830 740 1894 atque
754 1820 929 1893 pontilicis.»
990 1819 1098 1877 decima
1118 1829 1226 1904 quarta,
1250 1821 1338 1877 sancti
1363 1821 1449 1892 patris
1470 1820 1605 1879 Metliodii
1631 1821 1797 1904 patriarcba

169 1898 292 1955 Russus.
315 1893 362 1952 SS.
388 1894 459 1951 l'im.
476 1903 503 1950 et
517 1895 610 1967 Apoll.
627 1912 652 1950 :⁸
668 1893 770 1962 lleuiis,
790 1892 936 1949 translatio
991 1892 1256 1964 Constantinopolis.
1269 1892 1356 1950 ·Dein
1369 1892 1526 1950 charactere
1541 1893 1685 1950 minutiori
1697 1913 1724 1950 z«
1740 1895 1796 1951 Au·

133 1968 258 2048 eorporis
281 1966 370 2022 sancti
386 1965 527 2036 Rigoberti
548 1965 670 2039 episcopi
686 1972 713 2020 et
726 1963 929 2020 contessoris.»
990 1963 1113 2033 relianis,
1133 1964 1278 2020 translatio
1297 1972 1456 2020 sanctorum
1472 1965 1585 2033 Auiani,
1601 1965 1750 2023 Munitoris
1768 1973 1796 2023 st

134 2038 243 2098 Colitur
258 2056 287 2095 iv
301 2037 435 2092 Ianuarii.
990 2034 1347 2106 Flosculi,oivitatisejuse
1368 2036 1524 2107 iecopomm
1537 2036 1796 2109 ;l.luspioiiabbatis

168 2111 268 2166 Enirio
292 2107 489 2164 bubuco-Coi.
507 2108 538 2164 ln
552 2107 653 2164 Elizaeo
677 2107 869 2178 interpolatur.
890 2105 935 2163 Se·
989 2106 1161 2163 Miciacensis
1174 2107 1268 2178 primi,
1284 2053 1410 2164 EauXeIii
1434 2114 1461 2163 et
1471 2106 1574 2164 Scubili
1588 2116 1756 2181 martyrum,
1768 2118 1796 2167 et

133 2179 230 2254 quitur
242 2181 276 2237 de
291 2179 414 2247 Valerio,
429 2188 495 2247 ete,
512 2194 588 2250 pure.
605 2179 694 2235 Tum:
720 2202 730 2224 ι
745 2178 826 2250 Apud
841 2179 936 2236 Caesa-
991 2178 1066 2250 Agiae
1082 2179 1178 2234 matris
1193 2179 1281 2235 sancti
1299 2179 1367 2252 Lupi
1383 2177 1516 2250 episcopi,
1536 2188 1564 2236 et
1579 2179 1706 2236 liberatio
1718 2180 1796 2238 ciiii-

134 2267 208 2308 ream
224 2251 396 2324 Capalooiae,
408 2250 552 2307 translatio
562 2251 651 2307 sancti
664 2250 761 2306 Basilii
775 2251 895 2331 episcopi
908 2259 935 2308 et
990 2250 1054 2306 tatis
1068 2251 1103 2306 ab
1118 2251 1226 2306 llunnis
1240 2267 1289 2323 per
1298 2259 1423 2309 sanctum
1439 2250 1580 2307 Anianum
1595 2254 1787 2324 episcopum.»

133 2322 309 2381 confessoris.
329 2322 521 2380 Suessionensi
536 2322 660 2389 civitate,
682 2322 769 2378 sancti
785 2321 936 2379 Aristionis
989 2323 1020 2377 ln
1033 2322 1225 2378 Piaeieuuissis
1240 2323 1344 2397 singuli
1354 2322 1389 2381 ad
1402 2323 1545 2396 proprium
1559 2340 1642 2382 suum
1657 2323 1732 2382 diem
1747 2340 1794 2381 iia·

133 2395 336 2452 contessoris·
359 2394 430 2452 Vide
445 2395 655 2451 Praetcrmissos.
675 2394 826 2461 «Viennae,
846 2394 934 2450 saneti
989 2394 1073 2450 talem
1088 2394 1268 2453 reducuntur.
1744 2412 1748 2421 ·

132 2465 264 2523 Eucherii
279 2465 414 2539 (Etberii)
437 2465 558 2540 episcopi
581 2474 609 2523 et
629 2465 805 2525 confessoris.
829 2465 934 2522 Eodem

132 2647 212 2707 XVII
229 2648 295 2703 Kal.

168 2740 201 2796 ln
217 2736 325 2805 Sicilia,
349 2737 450 2794 naulis
470 2745 628 2794 sanctorum
651 2736 722 2805 viti,
746 2736 873 2806 Modesti,
890 2746 917 2793 et
937 2736 1112 2807 Crescentis,
1129 2739 1177 2812 qui
1192 2739 1243 2795 sub
1257 2739 1430 2798 Diocletiano
1453 2741 1619 2815 imperatore
1632 2751 1696 2815 post
1709 2742 1792 2801 ollam

132 2829 240 2902 plumbi
258 2827 401 2895 ferventis,
419 2835 481 2898 post
495 2826 598 2883 bestias
611 2835 639 2884 et
653 2835 770 2884 catastas
782 2826 878 2883 divina
904 2827 1008 2884 virtute
1023 2835 1173 2900 superatas,
1189 2845 1300 2886 cursum
1317 2830 1429 2903 gloriosi
1443 2831 1602 2887 certaminis
1617 2841 1792 2907 peregerunt.

134 2917 284 2994 [interimit
302 2916 455 2972 Bouillcrt:
472 2928 483 2954 ¹
498 2915 618 2973 Ciuitate
640 2917 809 2985 Benevento,
827 2918 915 2973 sancti
929 2918 1060 2977 Mercurii
1083 2919 1237 2994 martyris]
1261 2920 1342 2993 Apud
1369 2922 1482 2977 blesiam
1499 2921 1612 2978 civitate
1631 2924 1793 2994 llorostoro,

133 3007 221 3066 sancti
232 3005 339 3063 Esichii
354 3004 495 3074 militaris,
511 3007 559 3080 qui
569 3022 633 3064 cum
648 3007 728 3064 beato
740 3007 814 3064 lulio
824 3008 1048 3081 comprehensus,
1063 3008 1115 3065 sub
1130 3008 1245 3082 praeside
1259 3009 1382 3068 Maximo
1392 3017 1486 3086 postea
1496 3012 1631 3085 martyrio
1645 3021 1794 3072 coronatus

132 3104 183 3156 αἱ.

1682 2650 1734 2710 Die
1749 2652 1792 2712 ld.

905 3212 1022 3271 NOTAE.

166 3323 231 3387 euri
243 3332 309 3383 suut
322 3323 473 3395 Masiniss,
493 3326 651 3394 Teanam,
667 3324 842 3397 Aetoeipisn.
858 3332 885 3380 st
899 3322 1103 3390 Moe-Labeo,
1121 3322 1270 3393 Munerat,
1291 3323 1393 3393 Belin,
1409 3324 1519 3381 tircoes.
1538 3331 1566 3380 et
1580 3324 1684 3384 Molas.

165 3468 176 3497 ¹
195 3460 236 3516 De
249 3458 336 3516 sancti
348 3458 478 3516 Mercurii
494 3457 645 3526 mentione,
658 3473 740 3529 quam
754 3474 789 3514 ex
803 3457 930 3515 codicum
947 3457 1030 3519 cilia
1048 3457 1168 3529 reperire
1188 3472 1245 3513 nou
1265 3457 1355 3530 potui.
1377 3459 1460 3515 Forte
1484 3475 1540 3516 uon
1555 3458 1680 3517 restituit
1704 3459 1727 3517 is
1744 3461 1790 3518 cni

128 3546 241 3587 suorum
266 3530 378 3586 silentio
397 3537 424 3585 st
444 3529 528 3586 litura
546 3528 684 3585 Pratensis
707 3529 849 3587 inductam
871 3544 929 3586 esse
984 3535 1083 3585 mutuo
1097 3528 1161 3586 data
1180 3529 1300 3597 lucrant,
1316 3530 1390 3586 forto
1405 3530 1488 3587 etiam
1504 3530 1611 3587 sublata
1624 3531 1701 3587 furta
1714 3539 1790 3590 suut.

127 3608 253 3658 autumat
272 3600 421 3665 sollerius3
437 3599 471 3655 ab
484 3599 543 3671 ejus
555 3599 663 3671 judicio
683 3600 717 3656 ad
731 3616 813 3656 sanos
833 3601 929 3657 oculos
983 3601 1022 3657 De
1045 3600 1155 3667 Alexio,
1176 3601 1294 3672 margini
1313 3601 1419 3669 addito,
1438 3618 1494 3658 uon
1511 3610 1552 3658 est
1571 3602 1645 3675 quod
1666 3603 1791 3661 Pratousi

128 3672 247 3751 appello.
265 3671 295 3727 Si
310 3671 354 3726 vel
368 3670 541 3726 levissimum
558 3672 702 3742 scripturae
721 3670 870 3728 discrimen
885 3689 929 3728 sii·
982 3671 1073 3729 codici
1085 3680 1194 3728 mereat
1205 3672 1294 3740 litem,
1306 3689 1369 3728 nam
1381 3673 1488 3729 nullum
1498 3673 1702 3746 estMartyrolo
1721 3675 1790 3746 um,

126 3748 278 3815 opacantur,
303 3757 414 3798 oausam
429 3757 484 3798 uon
499 3742 572 3810 diem
597 3743 666 3815 quin
680 3757 762 3814 super
787 3742 928 3799 inductam
984 3741 1058 3815 quod
1073 3744 1169 3798 saltem
1185 3743 1215 3798 iii
1238 3758 1290 3799 usu
1306 3744 1400 3810 fuerit,
1416 3746 1484 3816 quin
1500 3742 1690 3802 hu'usmodia
1712 3745 1790 3803 dita-

127 3828 185 3870 esse
204 3812 339 3885 judicent.
365 3811 495 3868 Additam
521 3812 606 3870 luisse
628 3829 722 3869 verum
747 3823 798 3884 est,
823 3814 872 3871 sed
894 3814 929 3871 ab
984 3813 1085 3869 mentis
1101 3814 1273 3872 iiilarciatur.
1290 3815 1326 3872 Et
1339 3814 1406 3888 quid
1421 3763 1605 3874 mirumiAu
1622 3817 1790 3890 oportuisset

127 3883 252 3942 Usuardo
263 3903 270 3951 ;
282 3884 356 3941 unde
369 3891 519 3956 sumptam,
529 3899 586 3940 uon
596 3885 693 3957 liquet.
709 3885 788 3942 lllius
799 3886 929 3958 martyris
984 3885 1122 3967 integrum
1135 3886 1264 3943 volumen
1274 3886 1393 3944 describi
1405 3889 1514 3962 quoties
1523 3895 1635 3947 sauctus
1643 3888 1749 3964 aliquis
1760 3888 1789 3947 in

126 3955 197 4013 Acts
210 3971 294 4030 peries
312 3972 362 4012 nos
376 3955 444 4011 olim
460 3954 583 4023 fuerunt,
602 3955 739 4029 siquidem
757 3957 784 4011 in
801 3973 851 4012 ms.
873 3973 930 4013 no-
984 3958 1073 4015 Fastis
1087 3956 1261 4016 addebatur?
1275 3959 1446 4017 Bouieisiir.

126 4035 248 4085 stroruui
266 4027 394 4086 codicum
415 4025 509 4084 indice
533 4037 722 4085 memorantur
736 4043 764 4084 ii.
790 4027 852 4085 Adi.
876 4028 929 4085 Sed

713 4152 915 4213 VARIANTES
934 4154 1143 4214 Lectiones,

161 4251 263 4309 Sensus
275 4250 319 4308 exi
341 4251 362 4309 't
374 4256 525 4308 umbram
543 4252 605 4321 Viti,
616 4261 670 4311 eto.
683 4269 690 4309 :
705 4252 927 4334 singularessunt
980 4260 1048 4322 stre,
1063 4252 1154 4309 Belini
1169 4253 1238 4310 vitia
1250 4261 1325 4311 sunt.
1342 4256 1409 4312 ltem
1426 4255 1525 4326 emet,
1541 4272 1590 4329 pro
1605 4257 1718 4316 Esicbii.
1733 4259 1791 4316 Vi-

125 4325 244 4384 Groiien.
259 4331 287 4381 et
329 4326 403 4381 olan.
429 4325 557 4380 iuseacti'
577 4325 637 4391 Viti,
659 4333 712 4381 etc.
727 4325 773 4382 Sic
788 4325 926 4398 superflua
982 4324 1064 4383 detur
1078 4325 1196 4382 nimium
1208 4342 1302 4398 sapere
1316 4327 1440 4383 voluisse
1449 4328 1618 4398 Muneratus,
1633 4330 1701 4387 dum
1716 4332 1790 4388 mili·

124 4405 166 4454 est
180 4395 315 4469 particula
338 4403 365 4452 et
387 4396 460 4452 iuter
482 4396 534 4453 Viti
556 4403 584 4453 et
598 4397 718 4464 Modesti,
736 4413 818 4468 quain
833 4406 925 4453 umen
983 4396 1060 4466 turb,
1071 4414 1126 4471 quo
1136 4398 1219 4455 modo
1230 4400 1384 4456 Romanum
1395 4415 1523 4471 paruum,
1539 4400 1600 4457 Ado
1608 4408 1635 4457 et
1644 4402 1788 4461 Usuardris

124 4467 261 4542 adjiciunt
273 4467 437 4550 Tornaeen,
452 4468 599 4541 Autuerp„
613 4469 816 4552 Maiialiubee„
831 4468 926 4552 Μιιιιιι·Ι
981 4477 1141 4526 constanter
1163 4470 1268 4542 legunt,
1291 4471 1410 4528 mutarit
1433 4471 1461 4528 in
1484 4472 1622 4528 militiast
1645 4474 1787 4546 martyris.

123 4550 177 4599 rat.
205 4548 233 4599 et
251 4541 341 4597 belin.
357 4556 412 4624 'qui
435 4549 590 4623 postremus
609 4541 675 4613 legit
702 4542 753 4598 Viti
767 4546 797 4624 ‘ct
814 4541 925 4623 Modesti
982 4539 1059 4623 ldem
1073 4542 1232 4598 Muneratus
1244 4558 1308 4599 cum
1324 4542 1420 4599 Belino
1431 4544 1523 4616 posuit
1538 4544 1717 4626 Mccims'one,
1738 4562 1791 4618 pro

123 4612 926 4765 lttiltttltttalplttuptstatuetis..
980 4613 1789 4769 litt‘lalzlttlltfflittilelitl‘tlttdllt}

123 4754 282 4823 Dorostoro,
294 4770 351 4811 uon
363 4753 470 4812 divino.
485 4757 620 4820 Moesiam,
635 4755 788 4822 Messenen,
804 4763 831 4810 et
841 4756 926 4811 Doro·
980 4754 1091 4813 codices
1104 4756 1194 4812 nostri
1209 4754 1309 4829 reliqui
1321 4771 1427 4827 omnes,
1442 4766 1474 4814 ut
1489 4774 1518 4814 iu
1530 4766 1620 4817 textu

775 4880 1077 4941 OBSERVATIONES.

157 4978 366 5038 Nobilissimum
395 4987 548 5052 martymm
584 4977 742 5037 Siculorum
770 4980 922 5037 ternarium
937 4987 960 5045 l)
975 4986 1135 5053 martyram.
1145 4978 1207 5038 Ado
1216 4981 1303 5054 priori
1319 4983 1601 5058 Hieronymianorum
1613 4985 1713 5045 ordine
1722 4989 1787 5047 vin·

123 5053 224 5128 passim
239 5052 380 5134 celebrant
394 5050 485 5108 Latini
499 5068 596 5134 omues
614 5053 803 5180 Martqrologi.
821 5053 923 5110 Hiero·
977 5053 1087 5120 dicato,
1112 5053 1248 5181 egregiam
1273 5054 1360 5114 tradit
1381 5056 1516 5115 Actorum
1545 5059 1729 5131 qualiumoun
1770 5077 1787 5119 e

123 5141 226 5198 uymus
246 5124 394 5199 imprimis,
415 5123 443 5179 in
467 5140 546 5197 quus
566 5141 685 5198 apograp
708 5125 776 5182 isea
796 5127 854 5183 sola
871 5142 924 5182 oc-
976 5126 1163 5199 epitomen‚a
1200 5127 1349 5182 lorentinio
1367 5128 1516 5198 laudatam,
1534 5131 1716 5188 recitatama
1776 5165 1787 5176 -

122 5197 212 5254 currit
224 5196 380 5264 diversitas,
401 5196 475 5268 quod
490 5197 620 5253 ultimum
636 5212 738 5254 nomen
758 5198 787 5254 iii
806 5214 862 5254 uno
876 5206 923 5253 aut
978 5196 1137 5271 pebrocbio,
1153 5213 1188 5252 eii
1209 5213 1263 5270 qus
1276 5199 1375 5255 Noster
1394 5202 1618 5274 compendiosius
1639 5218 1722 5260 suuiu
1737 5218 1786 5262 en·

123 5270 220 5335 altero,
237 5283 333 5339 genere
349 5268 502 5325 masculino
517 5269 587 5325 male
602 5269 740 5337 efferatur,
759 5270 924 5326 Crescentius
977 5269 1099 5326 couiium
1110 5267 1279 5325 nitidissime
1294 5270 1393 5327 texuit.
1404 5274 1444 5330 De
1457 5275 1592 5345 palaestra,
1604 5275 1632 5331 in
1646 5290 1702 5357 qua
1712 5292 1786 5334 iusr·

123 5340 167 5395 vel
189 5340 399 5420 dresceatmnm.
424 5340 508 5407 Beda,
529 5340 601 5413 quod
622 5341 733 5409 mirere,
753 5341 839 5399 solius
872 5341 924 5398 Viti
979 5349 1052 5414 tyros
1062 5340 1242 5410 certaverint,
1254 5357 1308 5397 nen
1320 5358 1402 5399 unam
1413 5346 1598 5403 recentiorum
1609 5345 1785 5419 Scriptorum

124 5417 263 5474 meminit,
281 5417 309 5490 at
324 5409 422 5466 Florus
445 5413 534 5469 socios
549 5412 707 5480 restituens,
723 5428 779 5469 non
794 5421 922 5469 eontem-
978 5412 1137 5486 opinionem
1158 5420 1280 5469 recenset
1295 5415 1494 5485 Florentinius,
1511 5419 1681 5475 Lucanosex
1691 5417 1784 5490 Actis,

124 5478 215 5536 ueudo
229 5480 319 5550 elogio
335 5495 430 5537 omnes
448 5493 573 5541 exornat.
591 5485 720 5541 Rabauus
734 5484 768 5540 de
783 5485 841 5540 solo
858 5484 922 5539 Vito
977 5501 1040 5541 cum
1057 5484 1315 5542 Siculiscouciliare
1325 5496 1449 5557 conatus,
1462 5489 1496 5546 de
1522 5490 1604 5547 uibus
1614 5490 1697 5546 etiam
1713 5506 1785 5548 uon·

123 5565 202 5622 agere
215 5549 297 5607 etism
315 5548 436 5632 videtur,
451 5556 578 5624 quamvis
596 5554 625 5611 iii
642 5555 774 5626 longioris
787 5554 923 5610 orationis
977 5555 1055 5611 nulla
1069 5557 1244 5613 elucidantur
1257 5557 1287 5612 iii
1302 5557 1482 5631 Papebrochii
1497 5505 1784 5636 gemmantemque

123 5637 179 5679 suas
193 5628 326 5678 contextu
340 5637 429 5677 socies
437 5638 493 5679 nou
505 5626 703 5696 praeterinittat.
715 5626 773 5683 lam
782 5625 817 5681 ad
831 5626 922 5682 tontes
976 5627 1142 5683 curiosiores
1166 5627 1327 5700 hujusmodi
1351 5647 1444 5688 rerum
1468 5633 1642 5705 indagatores
1662 5632 1785 5692 libenter

123 5698 231 5775 nostros
253 5691 418 5774 accedamus¹
435 5696 561 5775 propius.
580 5699 735 5756 Romanuin
750 5713 865 5771 parvum
881 5697 922 5754 sio
976 5697 1155 5756 remittimus.
1181 5699 1224 5756 Ad
1238 5715 1359 5783 presens
1375 5704 1449 5776 quod
1473 5704 1581 5771 attinet,
1603 5712 1780 5778 compertam

123 5770 271 5824 enuntiat:
302 5765 336 5825 la
364 5764 468 5835 Sestio,
494 5767 615 5837 Modesti,
644 5769 696 5828 Viti
717 5776 742 5826 st
768 5769 923 5827 crassatio
976 5768 1119 5840 babemus,
1141 5770 1312 5846 antiquiores
1330 5781 1359 5830 et·
1375 5775 1545 5848 probatiores
1563 5776 1780 5849 Martyrologoa,
