3834 6136
588 192 903 258 MARTYROLOOIUM.
917 228 952 243 -·
969 200 1076 260 MENS.
1096 203 1193 260 SEP'l'.

1662 216 1714 274 itu

677 325 878 387 viulandus
895 330 1102 390 LEC'l'lONES.

96 417 145 474 Est
172 415 250 473 inter
269 416 381 475 codices
406 422 571 479 vetustiores
588 431 616 479 et
638 425 803 482 recentiores
829 440 899 500 cap
946 432 1078 485 emeruit:
1093 431 1140 487 alii
1158 432 1285 501 nitidius,
1307 452 1417 506 requam
1439 438 1565 495 scandere
1587 445 1713 500 catorinn

64 487 192 546 notabilis
207 487 337 558 variatio,
362 490 435 563 quod
453 493 542 619 primi
565 509 601 550 eit
621 494 737 552 Usuardi
758 509 857 568 mente,
928 507 985 556 eata
1000 503 1084 568 incra,
1100 510 1152 558 etc.
1170 503 1240 560 Vide
1255 505 1379 562 Adonem
1395 524 1444 563 xiv
1459 508 1597 580 Octobris,
1608 514 1656 570 ubi
1673 516 1715 571 in-

64 560 131 618 iisti
142 559 266 632 elogium
282 576 317 616 ιιι
331 561 439 619 duobus
478 563 606 621 donianis
618 576 790 625 contractum
805 586 860 626 eii-

66 632 183 699 hibeant,
200 647 300 703 nempe
319 648 354 688 ex
369 633 421 691 hac
434 634 479 690 die
490 643 517 692 ιι
533 652 570 693 ex·
582 653 632 694 xiv
646 638 790 707 Octobris;
810 640 859 698 alii

64 718 124 761 iero
149 711 182 761 ut
196 705 346 776 Antuerp,
363 705 572 775 tran-tuboe..
596 717 661 778 etc,
685 727 720 767 eii
734 714 792 769 solo
807 712 861 771 hoc

64 776 102 834 die
124 747 254 833 liausisse
281 775 438 857 videantur,
463 788 494 834 ιιι
517 780 621 852 patebit
642 782 775 840 Auctoris
796 801 860 841 cum

65 847 156 907 Adone
169 847 338 905 conferenti.
354 847 489 906 Ceterum
505 851 578 908 inter
592 868 675 924 puros
686 854 796 912 codices
808 855 861 912 hoc

65 919 180 977 uuinic
189 918 364 977 discriminis
376 922 512 979 occurrit:
527 924 647 993 Praten,
659 925 862 999 Antnerp.-hle·

62 991 140 1064 jaret
162 991 302 1050 Munerat.
325 993 559 1050 constructionem
583 995 703 1052 lorinant
724 1014 780 1053 non
795 997 861 1055 satis

64 1063 228 1136 μιήιιιιιιη
256 1079 368 1135 reanum
387 1064 516 1121 scandens
539 1067 664 1123 calorum
691 1068 763 1124 beato
788 1071 862 1126 lucro

912 573 1017 640 venies,
1032 580 1055 628 et
1065 575 1162 644 diqniii
1174 578 1275 633 adessa
1288 579 1348 649 finis
1363 579 1444 634 tantis
1458 582 1593 638 laboribus
1606 601 1714 656 requam

913 645 1042 714 spondens
1059 648 1194 712 calorum,
1219 656 1272 704 etc.
1288 649 1368 706 Certa
1383 651 1493 707 videtur
1518 655 1599 711 lectio
1623 672 1640 711 a
1658 673 1713 713 no-

913 713 956 770 his
986 715 1016 770 in
1041 724 1119 774 teitu
1138 734 1274 791 expressa.
1301 722 1340 776 De
1366 722 1498 778 heremum
1524 727 1568 781 vel
1586 744 1713 797 cremina,

913 785 1037 843 diximus
1051 788 1128 845 alibi.
1147 790 1306 847 bluiieratus
1324 809 1374 864 pru
1389 793 1517 866 lleipi'dii,
1536 797 1633 854 scribit
1648 800 1715 855 Eli-

912 857 1002 983 pidi'i;
1023 866 1117 940 etpro
1139 860 1171 916 lii
1191 863 1334 933 Appaini'a,
1349 865 1384 921 ln
1398 866 1497 937 Appia.
1513 868 1644 937 Greven,
1660 871 1715 926 Mo·

926 943 970 984 aii.
986 931 1073 985 etalii
1095 930 1196 987 liabent
1210 935 1326 1005 Apamia
1352 954 1358 993 :
1373 939 1481 994 utrovis
1496 940 1579 996 modo
1593 941 1715 1014 scripse-

915 999 963 1066 ris,
980 999 1050 1056 mihi
1063 1002 1200 1076 susdeque
1218 1013 1268 1061 est.

737 1186 1039 1247 assentationes,

91 1274 188 1333 tisim
207 1272 402 1357 bardunensis,
423 1271 625 1356 inclytissimns
649 1284 711 1360 post
725 1277 859 1360 Irenaeum

59 1346 268 1431 episcopusin
284 1346 510 1428 hieronymianis
524 1348 860 1476 unppuppppepldpptippgp

57 1428 142 1618 pappo,
151 1417 625 1563 ffiqpppfflprppitppppsfipgpppquae
639 1492 861 1549 Actisillustran·

77 1562 106 1618 is
116 1562 213 1617 lucem
232 1560 326 1616 ahane
345 1561 523 1633 poterunt.A
542 1562 625 1617 Floro
639 1570 666 1618 et
682 1563 792 1620 Rabano
810 1562 862 1620 hac

59 1633 127 1707 ipsa
136 1631 323 1715 dissignstum
334 1631 469 1713 invenies,
481 1640 513 1688 nt
522 1632 720 1716 proinderatio
734 1651 789 1691 non
808 1651 862 1761 ap-

59 1709 162 1778 pareat
185 1719 235 1760 cur
255 1718 282 1758 in
295 1703 421 1760 Adonem
445 1711 589 1776 insurgant
613 1704 709 1777 aliqui,
726 1706 799 1778 qnod

60 1784 138 1835 stum
152 1775 206 1832 hac
218 1773 264 1831 dle
277 1775 431 1832 collocarit.
442 1774 528 1831 Nemo
543 1775 657 1831 lortasse
671 1779 764 1832 minus
779 1795 861 1851 vapu-

59 1849 117 1905 lare
131 1848 249 1903 meritus
261 1852 313 1916 est,
328 1863 391 1904 cnm
407 1845 559 1903 clarissime
573 1845 656 1904 hodie
669 1849 798 1921 explicet,
814 1850 862 1904 nii·

59 1917 784 2048 tir⁹⁶amittitistritinia
797 1938 864 2050 iu

59 2006 257 2120 indimus·
265 2060 323 2133 ιιίιι
337 2007 464 2130 reiciam,
478 2068 502 2116 et
519 2061 647 2132 condique
660 2065 733 2119 calta
746 2064 775 2118 in
787 2065 864 2120 basi-

977 1360 1087 1421 anrtas
1103 1362 1161 1411 hinc
1174 1362 1261 1413 Nonas
1279 1365 1400 1427 Lugduni
1417 1365 1508 1417 iustus
1524 1370 1642 1422 honorat.

951 1565 990 1620 De
1004 1565 1127 1637 llelpi'ilio
1137 1568 1214 1625 nulla
1229 1568 1325 1626 Adone
1338 1573 1394 1629 anti
1417 1574 1479 1631 nior
1494 1576 1522 1632 in
1534 1578 1618 1636 sacris
1627 1582 1715 1639 Fastis

917 1637 1060 1717 memoria,
1071 1654 1105 1693 ex
1115 1655 1170 1711 qno
1180 1641 1213 1695 ab
1226 1641 1348 1700 Usuardo
1358 1654 1385 1701 et
1395 1590 1517 1704 biothero
1535 1653 1714 1709 contractiori

917 1706 1046 1762 nonnihil
1080 1709 1152 1765 hrasi
1168 1722 1295 1784 acceptus
1309 1723 1360 1772 est.
1383 1718 1472 1774 Pauca
1485 1719 1520 1775 de
1534 1737 1566 1776 eo
1581 1734 1715 1781 memorat

918 1777 1044 1834 laudatus
1054 1725 1265 1864 i’evoriiuspag.
1281 1786 1325 1842 39.
1341 1787 1504 1858 Antoninis,
1524 1792 1651 1865 quisquis
1666 1796 1715 1851 ille

917 1858 969 1918 est,
983 1866 1055 1907 unns
1069 1868 1105 1908 en
1121 1855 1200 1910 multi
1224 1855 1279 1924 lex,
1296 1858 1392 1914 multis
1406 1864 1603 1919 controversiis
1625 1874 1716 1922 mate·

918 1921 987 2002 riam
1003 1923 1115 1993 praebet.
1131 1925 1172 1980 lta
1195 1870 1229 1980 ise
1244 1927 1294 1982 illo
1308 1928 1391 1986 hodie
1405 1933 1561 2013 apographa
1576 1937 1715 2009 Hierony·

919 2008 1025 2073 ruiana:
1039 1995 1072 2049 ln
1085 1996 1210 2076 partibas
1219 1999 1369 2124 Appamim,
1380 2004 1486 2057 natolis'
1497 2012 1651 2061 satiatorum
1661 2009 1716 2063 Aii-

920 2065 1002 2119 tlioiiii
1018 2070 1041 2118 et
1055 2065 1194 2123 Antonini.
1211 2068 1234 2123 A
1268 2086 1328 2142 qua
1343 2073 1531 2130 Florentinius
1547 2078 1633 2133 multa
1647 2076 1718 2134 dili-

63 2135 112 2192 li‘ea
124 2134 264 2190 beatorum
273 2139 368 2206 septeni
377 2132 497 2204 fratrum
506 2134 718 2192 Macbabmornm
727 2140 752 2190 et
764 2142 862 2207 inortp·
880 2133 903 2192 B
917 2136 1134 2207 pentescolligit,
1146 2138 1180 2194 de
1188 2141 1315 2212 martyrii
1326 2142 1397 2208 loco,
1406 2145 1577 2203 isnescilicet
1586 2149 1614 2202 in
1625 2150 1716 2220 Spria,

63 2222 120 2263 rasit
129 2205 386 2279 pluriosnsiniorum
400 2205 629 2262 conditonesseiv
645 2207 736 2263 Nonus
750 2210 862 2279 Septem·

65 2279 128 2334 brit.
142 2276 173 2335 Si
195 2275 304 2334 Adonis
324 2277 417 2346 verba,
440 2283 499 2332 tum
516 2276 571 2345 hic,
588 2286 646 2333 tuin
662 2295 709 2333 riv
724 2278 861 2346 Octobris,

66 2365 127 2408 cuni
138 2347 213 2407 riou
223 2356 251 2406 ιι
266 2348 372 2408 Rabani
386 2349 483 2432 elogiis
493 2349 626 2417 conseras,
643 2348 741 2405 merito
755 2349 862 2405 dubita-

66 2421 108 2478 bis
118 2436 154 2478 an
166 2435 202 2477 ex
216 2419 317 2478 iisdem
330 2420 408 2477 Actis
419 2420 521 2494 singuli
534 2437 583 2476 sua
597 2420 747 2476 hauserint.
764 2421 863 2476 Nutlre-

66 2509 110 2550 rus
122 2492 171 2550 hic
177 2492 305 2550 Adonem
318 2492 405 2549 lerme
420 2491 587 2559 describens,
604 2498 698 2549 contre
709 2508 864 2564 expressam

66 2562 186 2637 dimam
199 2564 378 2632 sententiani,
390 2563 424 2620 ad
437 2580 486 2619 xiv
497 2563 624 2621 Octobris
633 2565 756 2636 corporis
771 2573 865 2620 trans-

66 2636 195 2694 lationem
211 2634 306 2693 refert.
328 2638 367 2693 De
383 2635 506 2691 Usuardo
520 2641 629 2691 constat
648 2635 766 2691 natalem
782 2635 865 2692 hodie

66 2706 98 2765 ab
111 2707 298 2774 accelebrari,
309 2707 436 2782 quamvis
450 2707 544 2763 ambas
559 2705 664 2762 Adonis
678 2707 864 2762 annuntiatio·

67 2778 234 2853 perlegerit,
252 2780 413 2846 contulerit,
428 2786 455 2834 et
469 2794 504 2833 cx
518 2786 672 2850 ntraqneea
687 2777 863 2850 decerpserit,

67 2851 166 2926 quibus
181 2851 339 2910 encomium
351 2867 432 2907 suuni
446 2859 622 2931 componeret
635 2867 642 2911 ς
659 2849 732 2930 quod
747 2866 802 2904 non
819 2847 864 2930 erl·

67 2932 204 2982 senentes
217 2923 298 2980 scioli
311 2922 396 2996 aliqui
413 2929 598 2979 recentiorum
613 2920 740 2977 codicum
756 2920 865 2977 descri-

83 3004 168 3065 tores,
184 2994 305 3077 phrasim
330 2992 511 3051 Usuardinam
536 2992 734 3075 immutantes,
748 3008 783 3047 ex
805 2993 864 3049 solo

66 3012 151 3140 Hujus
166 3065 225 3123 diei
238 3065 380 3123 Adoniano
398 3065 529 3122 laterculo
542 3079 634 3119 omnia
648 3063 808 3135 accipienda
818 3080 865 3136 pn·

64 3146 210 3210 taverunt,
308 3154 334 3195 ιιι
347 3137 432 3194 rerba
444 3138 472 3191 in
483 3135 621 3193 Auctariis
635 3134 773 3192 dabimus.
785 3136 866 3191 Plura

66 3218 216 3285 suggerent
268 3210 373 3277 ionius,
389 3207 541 3277 Severtins,
557 3208 735 3264 Hermantius
750 3207 778 3263 in
794 3207 867 3263 Am-

66 3283 169 3354 brosio,
185 3282 288 3357 aliique
302 3299 352 3340 suo
367 3282 427 3339 loco
440 3277 623 3353 expendendi.
639 3279 712 3346 Quos
727 3279 798 3334 inter
810 3294 867 3334 non

68 3363 222 3431 postremus
229 3355 282 3411 erit
296 3353 489 3410 Tillemontius
500 3359 566 3409 torn.
577 3349 651 3418 Vlll,
663 3366 689 3423 p.
703 3349 755 3407 atu
765 3357 793 3405 et
804 3350 865 3407 798.

916 2221 951 2260 an
966 2207 994 2260 in
1019 2209 1166 2278 Aquitania
1185 2212 1349 2282 quarendus
1363 2215 1416 2282 sit;
1433 2215 1467 2272 de
1477 2217 1658 2275 distinctione
1672 2223 1715 2276 vel

917 2277 1061 2358 identitate
1076 2280 1188 2359 Antonii
1201 2289 1229 2337 ct
1243 2284 1384 2353 Antonini,
1401 2285 1450 2358 qui
1466 2288 1495 2342 in
1507 2290 1631 2369 prelatis
1642 2308 1714 2363 apo-

918 2348 1028 2420 graphis
1047 2361 1263 2423 conjunguntur.
1293 2356 1442 2427 Disputant
1466 2359 1512 2413 alii
1533 2376 1568 2415 an
1589 2361 1661 2418 idem
1681 2363 1718 2418 sit

918 2421 1060 2500 Antonias,
1077 2423 1124 2494 qui
1139 2424 1191 2479 hac
1204 2431 1231 2479 et
1246 2427 1370 2497 sequenti
1385 2427 1430 2482 die
1447 2428 1475 2483 in
1490 2430 1588 2485 iisdem
1604 2448 1716 2504 apogra-

918 2490 982 2562 phis
995 2492 1112 2563 legitur;
1135 2510 1229 2552 rursus
1241 2512 1276 2551 an
1290 2505 1362 2554 recte
1382 2498 1416 2553 ab
1432 2499 1538 2568 Adone,
1552 2502 1676 2558 Usuurdu
1690 2513 1718 2560 et

919 2562 981 2617 aliis
995 2565 1148 2619 Antoninus
1162 2566 1263 2640 aliquis
1277 2566 1322 2624 dle
1337 2570 1462 2642 sequenti
1480 2572 1579 2642 Capita
1591 2574 1717 2631 ascriba-

919 2641 975 2690 tur.
999 2633 1039 2689 De
1063 2635 1163 2707 quihus
1183 2638 1313 2694 omnibus
1328 2640 1381 2695 alia
1405 2639 1488 2696 hehet
1502 2642 1647 2711 Beronins,
1663 2645 1719 2700 alia

919 2703 1085 2772 chiffletius,
1096 2707 1269 2765 aliademnm
1280 2710 1474 2767 Tillemontius
1484 2719 1552 2768 toni.
1564 2713 1601 2770 lV
1614 2715 1643 2769 in
1654 2716 1718 2771 Dio·

918 2793 936 2831 ii
955 2775 993 2829 sio
1012 2777 1171 2846 Parisiensi,
1192 2781 1310 2836 articulo
1335 2781 1366 2837 ιιι
1380 2790 1407 2837 ιι
1422 2791 1486 2839 nota
1498 2784 1540 2850 15,
1553 2800 1612 2856 pag.
1624 2784 1677 2842 lbi
1691 2795 1719 2842 et

920 2792 981 2902 tin.
998 2847 1064 2914 Qua
1078 2851 1203 2907 curiosus
1223 2852 1310 2908 lector
1323 2855 1467 2909 consulere
1487 2854 1599 2910 interiin
1616 2864 1717 2927 potest,

919 2916 1008 2973 donec
1022 2922 1101 2988 Acta,
1118 2937 1133 2976 a
1148 2930 1287 2992 postremo
1310 2932 1337 2981 ιι
1356 2924 1519 2996 sequacibus
1535 2926 1687 2998 repudiata,
1703 2945 1718 2982 a

919 2988 1001 3045 nobis
1015 3007 1066 3045 suo
1082 2998 1206 3064 tempore
1220 3002 1247 3048 et
1263 2994 1323 3050 loco
1343 2994 1498 3052 accuratius
1512 2997 1717 3055 examinentur.

920 3059 1076 3117 Videantur
1097 3064 1180 3119 etiaiii
1196 3065 1327 3121 Auctaria
1348 3065 1377 3121 in
1405 3067 1594 3138 Ultrajeetino,
1610 3069 1720 3126 Centu-

921 3133 1161 3202 lensi,Victbrino,
1174 3139 1333 3193 etcAuctor
1343 3138 1459 3194 Romani
1470 3140 1560 3210 parvi,
1580 3139 1629 3211 qui
1647 3141 1719 3212 prio·

921 3220 964 3259 res
978 3203 1048 3260 duos
1061 3206 1166 3274 reticet,
1186 3208 1353 3262 Antoninum
1374 3208 1475 3265 diserte
1495 3216 1582 3278 notat,
1598 3210 1718 3282 simplici

921 3290 953 3331 eo
965 3275 1112 3348 modoque
1123 3278 1152 3331 in
1164 3277 1289 3334 Adonem
1300 3286 1327 3334 et
1336 3279 1491 3335 Usnardum
1511 3280 1632 3348 transiit,
1645 3281 1718 3338 Not-

921 3346 988 3402 liero
1004 3362 1054 3417 pro
1075 3348 1205 3403 Antonini
1219 3349 1365 3418 scribente,
1392 3349 1512 3405 Antonii.
1535 3353 1576 3407 De
1590 3351 1720 3423 Capuanu

68 3430 132 3486 Acta
146 3427 247 3485 Latina
266 3424 339 3499 apud
353 3425 464 3482 Surium
485 3424 538 3481 hoc
552 3422 597 3480 die
612 3429 731 3489 exstant,
749 3421 796 3477 sed
811 3420 867 3502 eli·—
920 3419 1064 3473 Antonino
1074 3436 1207 3501 annornm
1218 3420 1411 3502 nipintipnero,
1423 3429 1518 3493 agetur
1528 3421 1572 3504 die
1582 3425 1718 3504 sequenti.

69 3508 138 3558 mato
152 3500 188 3558 de
201 3515 280 3556 more
298 3500 382 3570 stylo,
399 3514 479 3571 quein
494 3513 529 3552 eii
546 3493 671 3623 pluribus
686 3510 751 3550 mss.
765 3499 867 3548 nostris
882 3486 904 3547 G
923 3490 988 3544 Haec
1006 3506 1055 3561 pro
1070 3498 1228 3546 sinceritate
1243 3499 1270 3546 et
1288 3493 1466 3565 simplicitate
1476 3493 1605 3550 lectionis
1618 3502 1720 3551 nostrae
1799 3515 1801 3521 ·

71 3571 219 3645 integritati
234 3570 422 3628 restituemus.
439 3567 547 3627 Wanda
559 3568 655 3623 bertus
668 3566 702 3622 de
719 3565 778 3621 solo
789 3564 867 3620 lusto

71 3643 108 3703 iic
119 3641 330 3702 breuitercauit
345 3659 351 3696 :

924 3560 1084 3618 Usuerdinae
1098 3563 1173 3618 dicta
1185 3561 1332 3620 sufficient.

806 3736 998 3795 AUCTARIA.

104 3848 266 3912 navim,
277 3843 308 3900 in
319 3848 396 3900 textu
404 3857 460 3898 non
474 3840 589 3897 omnino
602 3854 697 3913 purus,
709 3836 869 3919 superaddit

73 3919 101 3975 in
113 3919 185 3975 line:
211 3915 408 3973 «macharum
427 3912 549 3981 civitate,
561 3911 648 3969 sancd
663 3909 798 3967 blansueti
813 3925 868 3991 ep¹3

72 3990 157 4064 scopi.
183 3989 215 4046 ln
228 3985 397 4054 Nicomedia,
416 3984 504 4041 sancti
528 3984 647 4040 Aniceti.
672 3983 740 4063 lieni
755 3980 867 4063 Rhotini

72 4078 130 4120 cuin
142 4059 228 4118 sociis
238 4060 305 4128 suis,
321 4057 408 4132 quiin
423 4056 544 4113 thermas
558 4055 681 4129 publicas
697 4068 785 4134 missi,
797 4058 869 4107 inter

73 4133 194 4191 tium
210 4131 341 4206 spiritum
363 4127 551 4185 reddiderunt.
567 4151 577 4176 ι
608 4125 680 4184 Vide
693 4125 727 4182 de
741 4123 785 4180 his
799 4122 869 4179 Aeta

73 4222 128 4280 qne
140 4213 256 4263 exeunt
267 4202 341 4276 apud
354 4199 476 4257 Surium.
522 4271 527 4282 .
630 4265 635 4281 ἡ
847 4266 853 4278 ¹

103 4278 276 4344 Pausaniam,
291 4275 320 4331 in
330 4272 424 4345 prima
437 4280 465 4329 et
477 4272 576 4328 ultima
585 4279 652 4328 setis
663 4285 758 4344 purus,
774 4267 867 4324 delicit

67 4347 92 4405 iii
107 4349 202 4408 media
217 4348 253 4405 de
268 4344 409 4418 llelpidin.

95 4413 865 4491 Asi-nene.,llix.Lueru.,Anruuiii>.·hlaxemorimur.

66 4509 203 4554 meorum
214 4507 333 4550 numero
342 4495 408 4547 sunt
417 4489 464 4562 qui
477 4488 599 4560 phrasim
611 4485 792 4543 Usuardinain
808 4498 866 4561 im-

66 4574 171 4625 ιιιιιιιιιιι
185 4568 241 4623 hoc
252 4563 351 4621 niodo:
377 4560 491 4617 ‹Natale
499 4557 665 4640 sanatilusti
677 4554 867 4639 Lugdunensis

66 4639 194 4713 episcopi,
206 4637 284 4692 mirei
294 4634 448 4691 sanctitatis
460 4641 487 4687 et
505 4631 658 4704 prophetici
671 4634 784 4707 spiritns
800 4639 865 4690 viri,

66 4710 107 4783 qui
118 4708 195 4781 apud
207 4709 268 4789 qu
287 4714 346 4762 tuni
356 4705 466 4778 quidem
478 4702 560 4782 obiit,
568 4703 614 4759 sed
627 4715 792 4781 corpusque
802 4710 865 4778 enin

65 4782 171 4838 ossibus
184 4779 259 4836 beati
270 4723 394 4835 R'iatoris
404 4774 523 4830 ministri
538 4791 607 4844 eins,
623 4791 639 4829 a
653 4773 787 4829 relieiosis
798 4783 865 4847 civi·

14 4880 18 4887 ·
63 4850 112 4911 bus
129 4851 300 4925 Lugdunum
316 4850 443 4914 relatum,
459 4854 486 4902 et
499 4862 562 4902 cuin
573 4845 657 4917 digno
670 4815 748 4928 cuitu
758 4841 865 4896 inhesi-

65 4925 114 4982 lica
123 4924 272 4981 conditum
283 4930 356 4978 est.»
377 4919 481 4978 Caetora
491 4934 559 4989 pura
572 4927 647 4986 sunt,
660 4913 798 4998 nisiquod
811 4915 864 4969 An·

63 4995 253 5054 rusam-Max.
269 5010 319 5066 pro
333 4990 471 5058 Antonini,
484 4988 585 5046 scribat
599 4992 738 5046 Antlioiiii.
777 5057 783 5070 .

97 5069 284 5132 Uareniana,
300 5066 461 5121 Auruncus.
481 5070 508 5118 ιι
528 5064 624 5119 Dinia.
646 5063 685 5118 sic
699 5061 863 5132 incipiunt:

959 3836 1116 3893 Gauraina.
1131 3854 1136 3892 :
1157 3834 1205 3891 «ln
1220 3832 1318 3891 Galliis
1327 3835 1467 3894 territorio
1482 3838 1649 3913 Catarcensi,
1661 3858 1721 3902 san·

922 3909 960 3966 cti
970 3907 1105 3963 Antonini
1122 3906 1265 3979 presbiteri
1275 3916 1302 3962 et
1314 3910 1453 3981 martyris.
1463 3911 1568 3968 Eodem
1579 3912 1635 3982 die,
1651 3932 1722 3974 sari-

922 3980 960 4037 cti
974 3978 1088 4035 alterius
1098 3979 1233 4035 Antonini
1245 3979 1334 4050 pueri,
1350 3982 1489 4054 martyris.
1504 3983 1542 4038 Lu
1562 3985 1641 4056 duni,
1652 4005 1722 4045 san-

922 4053 959 4108 cti
974 4050 1045 4108 lusti
1058 4051 1190 4124 episcopi.
1206 4050 1242 4106 Ει
1256 4050 1361 4106 ibidem
1375 4054 1463 4111 sancti
1479 4000 1584 4126 Equfiq
1599 4060 1722 4134 episcopi

922 4132 950 4180 et
962 4122 1136 4179 confessoris.
1153 4146 1162 4168 ι

958 4195 1136 4251 Bnuruiins.
1148 4192 1263 4263 incipit:
1275 4219 1284 4242 ·
1295 4195 1377 4264 Apud
1390 4196 1545 4265 Apamiam,
1560 4201 1650 4257 natale
1661 4219 1722 4260 san·

921 4267 959 4323 cti
970 4265 1105 4321 Antonini
1120 4265 1259 4335 inartyris.
1271 4265 1350 4331 Quia
1369 4263 1497 4343 gentibus
1506 4272 1721 4338 comprehensus

922 4336 1121 4410 prosternitur;
1136 4344 1162 4391 et
1175 4334 1241 4390 duni
1257 4352 1356 4407 corpus
1367 4351 1425 4405 epns
1441 4336 1469 4390 in
1486 4346 1574 4406 piantes
1584 4341 1719 4408 plurimas

921 4417 990 4465 esset
1005 4408 1173 4479 discerptum
1186 4407 1213 4462 in
1225 4415 1374 4472 momento,
1384 4413 1449 4475 etc,
1459 4432 1468 4453 ι
1477 4417 1505 4461 ιιι
1516 4423 1607 4479 supra.
1626 4411 1718 4481 «Apud

921 4481 1085 4552 Lugdunum
1097 4477 1203 4545 Gallie,
1216 4479 1302 4534 sancti
1313 4477 1383 4533 iusti
1398 4478 1518 4550 episcopi
1532 4488 1559 4534 ct
1572 4480 1718 4536 confesso-

921 4552 969 4618 ris,
987 4552 1062 4606 mirm
1072 4550 1263 4607 sanctitatiset
1278 4547 1432 4630 prophetici
1447 4549 1562 4620 spiritus
1577 4550 1641 4607 viri.
1662 4551 1716 4618 Oui

920 4624 990 4679 clani
1001 4623 1188 4695 episcopatum
1198 4639 1278 4677 suuni
1291 4622 1459 4694 relinquens,
1470 4621 1594 4692 peruenit
1608 4623 1642 4677 ad
1653 4623 1717 4696 Egi·

920 4703 1017 4767 ptum,
1048 4694 1094 4749 nbi
1116 4694 1145 4748 iii
1165 4693 1306 4749 heremum
1317 4692 1455 4759 secedens,
1470 4710 1533 4749 cuin
1550 4711 1596 4766 per
1610 4695 1716 4768 aliquot

920 4783 1006 4822 annos
1016 4765 1087 4822 inter
1098 4765 1256 4831 monaches,
1270 4765 1422 4836 proximam
1435 4766 1539 4837 angelis
1551 4768 1635 4823 vitain
1648 4768 1715 4839 egis-

919 4847 970 4906 set,
987 4838 1092 4911 quievit
1104 4838 1131 4891 iii
1147 4854 1221 4907 paco.
1235 4836 1320 4908 Cujus
1330 4853 1429 4908 eorpus
1443 4853 1506 4893 cuni
1517 4839 1624 4896 ossibus
1641 4839 1714 4918 beati

920 4910 1041 4966 Victoris
1055 4907 1175 4964 ministri
1188 4908 1246 4980 ejus
1261 4910 1425 4977 Lugdunum
1438 4912 1553 4966 relatuiii
1565 4911 1630 4964 etin
1645 4909 1715 4964 basi·

920 4982 972 5039 lica
987 4982 1131 5038 conditum
1143 4989 1193 5036 est.
1210 5005 1219 5027 ι
1238 4981 1269 5036 ln
1286 4982 1333 5036 llol
1359 4981 1413 5037 idio
1428 4997 1513 5051 purus
1530 4988 1579 5036 est.

954 5056 1152 5110 Hispaniam:
1171 5052 1316 5133 «Lugduni
1328 4998 1432 5117 (initia,
1446 5054 1534 5106 natale
1548 5048 1714 5105 sanctilusti

71 5140 177 5213 iApud
191 5137 349 5211 Apamiam,
368 5136 456 5192 sancti
471 5134 605 5189 Antonini
623 5132 761 5205 martyris.
778 5129 831 5195 Oui
849 5145 864 5184 a
879 5121 903 5179 D
918 5125 1041 5207 episcopi
1055 5134 1082 5180 et
1096 5123 1269 5186 confessoris,
1287 5123 1362 5177 iiiirm
1379 5123 1533 5177 sanctitatis
1552 5128 1578 5175 et
1598 5120 1713 5191 prophe-

64 5212 216 5284 qentilibns
235 5211 302 5266 dum
326 5207 540 5281 comprehensus
554 5205 747 5279 prosternitur,
764 5216 864 5271 corpus
917 5206 965 5255 tici
976 5205 1090 5267 spiritns
1102 5195 1166 5248 viri.
1179 5193 1232 5260 Qui
1243 5194 1271 5247 iii
1282 5193 1434 5258 heremum,
1446 5201 1498 5247 etc.
1513 5209 1537 5255 ;·
1560 5192 1711 5317 satispiire.

63 5280 123 5355 eius
140 5283 171 5340 in
185 5290 278 5356 partes
301 5281 433 5353 plurimas
447 5280 481 5334 ali
503 5279 542 5334 eis
556 5278 735 5350 discerptum,
752 5275 779 5331 in
799 5289 864 5327 ino-

64 5365 158 5413 mento
181 5357 224 5412 sic
246 5353 384 5411 divinitus
406 5352 553 5417 adunatur,
569 5361 600 5407 ut
619 5348 727 5421 singule
743 5344 864 5426 membra

64 5429 141 5500 prins
155 5427 292 5500 dispersa,
306 5426 336 5481 in
347 5440 429 5480 unani
445 5422 622 5495 eamdemque
636 5434 794 5492 compagem
809 5424 865 5472 snit

65 5512 182 5557 meisa.
199 5525 209 5548 ι
232 5502 273 5557 De
286 5496 364 5554 lusto
376 5494 478 5552 hebent
492 5494 686 5562 utAriruirnr,
699 5499 751 5550 etc.
760 5489 790 5545 ln
800 5487 863 5543 Hel·

66 5571 141 5643 pidio
160 5571 226 5647 puri
240 5576 318 5628 suut.
570 5638 576 5652 1
771 5631 776 5645 ¹

101 5643 307 5702 Lateranum
328 5640 546 5718 precedentibus
567 5656 598 5698 ιιι
613 5654 642 5696 ιι
661 5640 802 5701 convenit,
817 5629 865 5688 sed

65 5715 322 5789 ordiuediscrepat,
341 5717 432 5790 primo
446 5717 517 5788 loco,
533 5720 564 5773 ut
579 5712 658 5772 estin
674 5716 754 5767 textu
767 5705 866 5764 Usuer-

65 5785 142 5859 diuo,
153 5790 268 5847 lustum
282 5789 461 5847 annuntians.

918 5271 949 5325 ln
964 5267 1092 5337 llelpidio
1105 5264 1186 5320 etiam
1202 5281 1285 5337 purus
1300 5273 1350 5321 est.
1365 5263 1510 5334 Sequitur:
1539 5263 1621 5389 ‹Apn
1656 5262 1713 5318 Be-

918 5346 1076 5397 nevenlum.
1094 5338 1184 5392 natale
1199 5344 1357 5391 sanctorum
1376 5343 1527 5414 uiartyruin
1543 5342 1570 5389 ιι
1596 5342 1711 5416 retroni,

918 5411 1028 5477 Donati,
1045 5408 1153 5475 Felicis,
1179 5407 1303 5474 Aroncii‚
1321 5406 1464 5473 Honorati,
1490 5405 1644 5473 Fortunati,
1659 5407 1713 5464 Sa-

919 5483 1005 5551 siam,
1016 5477 1315 5553 Septimini,lanuarii,
1327 5475 1437 5543 Felicis,
1462 5476 1564 5532 Vitalis
1586 5485 1613 5534 et
1629 5481 1712 5550 Repo·

919 5556 976 5612 siti.
994 5554 1029 5610 Hi
1052 5568 1114 5608 cum
1137 5566 1186 5607 sua
1206 5547 1399 5622 predicatione
1421 5548 1555 5617 plurimos
1578 5550 1612 5606 ad
1631 5549 1713 5606 lidem

919 5625 1129 5689 convertissent,
1148 5622 1198 5679 suh
1214 5621 1378 5692 imperatore
1397 5619 1565 5677 Maximiano
1583 5629 1610 5678 et
1621 5621 1715 5693 judice

920 5699 1076 5765 Valeriano,
1102 5693 1248 5766 capitalem
1262 5707 1340 5748 susce
1360 5699 1442 5748 erunt
1465 5693 1638 5751 sententiam.
1655 5694 1715 5749 Ho-

920 5787 982 5829 rum
997 5768 1133 5828 festivitas
1147 5765 1238 5839 agitur
1255 5763 1286 5820 in
1300 5707 1432 5823 Kafenilis
1457 5764 1635 5840 Septembris.
1650 5787 1660 5811 ι
1682 5762 1717 5817 Ut
