3834 6136
145 182 198 244 827

177 314 316 367 Postremo
336 316 363 365 et
378 307 487 379 gravior
503 307 621 362 variatio
634 307 743 363 codices
760 309 910 365 nonnullos
924 326 940 365 a
955 318 980 377 Α

162 384 220 439 uris
233 380 382 452 disjunxit:
396 380 551 433 Pratensem
562 378 710 449 imprimis,
724 396 804 451 quem
821 396 855 434 ex
865 390 940 451 parte

78 484 82 495 ‹
143 456 289 510 imitantur
313 451 387 506 soliti
409 450 477 505 socii
503 450 714 521 Aiituerp.·blaj.
744 461 771 506 et
793 452 939 524 llosweyd.

142 527 181 581 De
193 522 315 578 Pratensi
326 529 439 576 testatus
451 521 519 575 mihi
528 529 568 575 eet
577 521 746 576 clarissimus
756 524 939 592 castellanus,

141 595 175 651 ab
190 600 240 650 r'ni
250 592 409 649 Decembris
421 590 548 664 usquead
558 608 639 658 xxm,
653 592 723 649 nihil
737 594 807 648 ineo
820 608 939 662 erasum,

142 665 214 721 nihil
237 663 398 735 adjunctum
418 678 494 729 esse;
520 664 579 717 rien
608 664 726 732 d'effnei,
750 679 785 733 nii
809 665 937 732 dejecti,

141 744 222 806 utque
239 735 307 791 adeo
327 733 502 789 manifestum
520 748 577 789 esse
591 734 681 802 debet,
697 736 939 790 annuntiationem

140 807 251 861 tertiam
277 805 439 860 hodiernam
463 806 552 876 prima
580 820 663 859 manu
691 821 707 859 a
733 805 838 860 codicis
859 806 940 861 istius

141 878 275 948 scriptore
289 877 405 948 positam
430 877 514 931 luisse
530 875 582 932 hoc
597 876 696 932 modo:
724 877 837 932 Ciuitate
853 877 939 942 Ostia,

140 949 225 1002 suncti
248 948 349 1003 Busilei
360 966 370 1012 ;
390 962 451 1018 ques
469 947 551 1001 rerba
569 948 693 1003 Usuardo
708 947 807 1003 ascribi
828 963 940 1028 prorsus

141 1034 196 1073 non
208 1028 333 1089 possunt,
343 1019 395 1072 nisi
408 1018 595 1072 veliinuseum
604 1018 938 1090 dormitandoscripsisse,

140 1089 319 1161 turbasseqne
340 1088 508 1143 clarissimos
532 1087 584 1143 hoc
598 1089 644 1143 die
658 1089 939 1160 Hieronymiauorurn

141 1159 288 1227 indiculos,
305 1160 334 1214 in
355 1159 455 1231 quibus
476 1159 566 1230 primo
582 1161 642 1215 loco
653 1158 756 1215 diserte
771 1161 889 1230 legitur:
907 1163 940 1216 Iit

800 181 953 240 USUAllDl
973 180 1133 240 munaum

995 308 1146 377 Antiochia,
1163 307 1248 363 sunni
1257 307 1364 388 ,Basilii
1377 325 1385 363 ε
1400 318 1455 379 quo
1465 306 1661 364 moderantius
1671 306 1802 378 legerunt

995 380 1051 436 duo
1071 380 1112 435 illi
1140 380 1187 435 alii
1203 379 1320 445 codices,
1343 380 1505 449 plerumque
1519 379 1659 433 Pratensis
1674 379 1799 434 sectarii.

995 453 1025 507 ln
1042 451 1164 522 praelatis
1176 448 1400 522 Hieronymianis
1415 450 1540 522 sequitur
1552 449 1692 505 articulos
1705 456 1801 507 noster

996 524 1112 594 primus,
1135 524 1232 588 Romu,
1249 522 1293 575 eiu
1319 522 1462 587 Lauicano,
1480 527 1531 575 eto.
1556 520 1625 574 Tum
1647 536 1739 576 vero:
1769 525 1802 578 itt

995 594 1098 660 Hostia,
1122 591 1221 648 nantis
1240 598 1390 647 roncmrum
1405 591 1542 658 Demetrii,
1559 599 1625 658 ete,
1641 604 1728 662 quain
1744 607 1800 647 aii·

993 665 1194 719 nuntiationem
1210 680 1245 719 ex
1255 663 1386 719 oniiiibus
1398 662 1542 719 codicibus
1553 662 1657 717 nostris
1673 662 1799 720 usuardo

992 736 1149 790 asserimus.
1165 735 1262 790 Merito
1279 735 1373 806 itaque
1388 749 1520 805 purorum
1532 733 1661 789 codicum
1678 748 1796 789 numero

993 807 1131 862 Pratensis
1152 807 1281 862 exclusus
1296 814 1345 860 est.
1364 804 1492 861 Viderint
1517 804 1599 859 istius
1619 803 1731 860 codicis
1745 818 1801 876 pe-

993 879 1077 944 troni,
1094 892 1129 932 an
1139 892 1216 932 error
1224 884 1281 931 tam
1293 875 1439 946 palpabilis
1453 875 1541 946 ipsius
1550 874 1729 930 authentiam
1744 890 1800 932 ina·

994 963 1110 1021 gnopere
1123 947 1307 1003 commendet.
1332 946 1511 1002 Exclusimus
1525 946 1610 1025 etiarn
1625 945 1698 1003 duos
1718 945 1801 1029 alios,

993 1020 1066 1090 qnod
1081 1028 1156 1075 certo
1170 1019 1200 1074 in
1214 1018 1352 1074 eaultima
1365 1026 1632 1074 commemoratione
1650 1015 1801 1075 Usuardini

998 1106 1054 1145 non
1070 1091 1136 1145 sint.

818 1302 1119 1363 OBSERVATIONES.

176 1422 310 1480 Coronam
321 1431 472 1495 martyrum
483 1421 937 1495 triginta,subDiocletianollomae

139 1509 293 1565 passorum,
309 1493 455 1550 dedimusi
471 1495 605 1561 ianuarii,
617 1494 664 1550 sed
681 1495 740 1550 loco
755 1494 938 1550 determinato

139 1565 940 1637 eioilppr'o:encoronamsaumanipulomalteruni,lorte

139 1643 325 1692 trecentorum
341 1637 441 1708 potius,
458 1654 539 1709 quam
554 1638 668 1708 triginta
681 1653 717 1707 pu
737 1638 815 1691 ilum.
832 1636 939 1691 Nume-

140 1722 201 1762 ruui
212 1705 329 1763 dubium
337 1707 456 1764 reddunt
466 1709 675 1780 Hieronymiuni
686 1655 794 1763 coiices
809 1707 940 1762 Lucensis

139 1787 166 1834 et
181 1779 353 1843 Bluminiius,
370 1780 437 1835 dum
452 1788 548 1835 contra
566 1779 636 1835 alios
650 1778 809 1834 distinctius
825 1780 937 1847 legunt:

139 1850 229 1904 Romu
238 1851 283 1904 uio
296 1850 441 1919 Luoicunu,
457 1851 598 1905 iuterdnus
610 1853 711 1916 iuuros,
727 1851 826 1905 initulis
840 1856 940 1904 euraclo·

139 1936 201 1973 rum
215 1936 261 1975 ccc
276 1927 438 1989 rnurtyrrrm,
455 1925 502 1990 qni
516 1939 604 1976 omnes
614 1938 666 1975 rino
680 1922 722 1975 die
734 1921 854 1975 coruuuti
868 1927 939 1977 serit.

139 1989 168 2044 Si
182 1996 305 2060 tempora
319 1991 485 2046 Diocletiani
499 1992 592 2047 addita
611 2000 712 2058 esseut,
728 1991 869 2047 videretur
885 1999 942 2047 tota

139 2068 233 2115 nostra
254 2062 432 2116 annuntiatio
447 2062 511 2116 iride
534 2070 656 2131 accepta,
673 2062 812 2133 magisque
827 2062 854 2117 id
873 2064 941 2119 adeo

139 2128 284 2208 suaderent
299 2131 407 2186 codices
423 2132 525 2187 Hieron
550 2133 635 2187 miani
650 2132 709 2200 alii,
725 2133 870 2204 inquibus
887 2133 940 2189 soli

138 2201 252 2271 triginta
266 2202 471 2271 exprimuntur.
488 2150 545 2258 Seii
556 2204 672 2272 dipiiior,
690 2204 780 2275 iuquit
797 2205 941 2260 Florenti-

138 2272 213 2338 nius,
222 2273 331 2326 immoni
340 2273 506 2328 Diocletiani
519 2275 621 2329 siaonia
634 2281 940 2329 nurnerustrecentoruin

138 2349 210 2397 erret.
227 2342 383 2409 Quaerimus
393 2345 633 2424 quidscripserint
643 2347 820 2469 martyrologi
830 2346 843 2401 i
855 2346 939 2402 Raba-

139 2429 191 2468 nus
205 2415 264 2468 solo
285 2423 437 2485 martyrum
460 2431 577 2472 numero
591 2433 607 2471 a
623 2417 738 2472 bucensi
760 2416 799 2472 dil
811 2425 871 2482 ert;
890 2433 940 2472 nec

138 2485 257 2539 multum
281 2483 405 2541 dissonat
421 2487 574 2542 lloiuanuni
600 2503 732 2559 parvum:
761 2489 855 2555 Rorna,
881 2504 940 2543 xxx

137 2560 298 2623 martyrum,
315 2557 362 2609 sub
383 2558 559 2624 Diocletiano,
575 2560 619 2612 irin
635 2560 770 2614 lueircno
784 2558 853 2613 inter
871 2559 940 2614 dirus

138 2626 229 2679 loures
244 2627 416 2704 seyrultorum.
433 2628 494 2683 Ado
510 2628 671 2685 distinctius
690 2639 717 2684 et
731 2629 855 2685 exactius
876 2646 939 2685 cuni

139 2695 256 2750 Lucensi
271 2697 380 2752 locutus
390 2707 441 2766 est,
457 2699 491 2753 iis
526 2701 585 2754 lane
599 2701 702 2767 uerbis,
715 2701 816 2772 quibus
830 2708 940 2756 constat

138 2773 214 2820 totus
228 2773 320 2822 textus
329 2777 431 2825 noster.
441 2717 523 2825 ninii
531 2780 661 2841 praeterea
672 2771 705 2827 de
714 2772 758 2826 his
769 2773 939 2843 martyribus

137 2835 269 2893 hactenus
286 2841 382 2909 reperi.
396 2841 609 2897 wandalbertus
619 2842 939 2914 oaeterislllartyrologiis

138 2908 288 2965 subscribit
303 2909 356 2965 boc
370 2927 420 2966 suo
440 2911 598 2967 versiculo:

200 3017 375 3067 Undecimum
392 3018 506 3069 celebrat
519 3019 616 3068 triceno
628 3027 739 3083 martyre
752 3018 845 3069 Roma.

171 3125 301 3198 Sequitur
321 3126 498 3181 annuntiatio
513 3128 630 3198 septima
651 3126 735 3199 hujus
762 3127 876 3193 mensis,
903 3143 938 3181 ex

135 3267 265 3322 cumbris.
287 3268 454 3339 Complexus
465 3277 505 3324 est
515 3271 603 3325 artico

135 3337 318 3405 Alexandria,
334 3341 498 3410 ischyrionis
513 3341 651 3410 martyris.
666 3343 830 3396 Etaiioruin
844 3357 935 3410 quoin·

130 3408 322 3477 plurrimorum,
341 3414 410 3465 inter
423 3413 577 3482 quisseneu
594 3413 759 3468 Clueremou.
776 3413 859 3466 Dinas
873 3413 934 3466 illas

618 3288 648 3325 us
662 3271 689 3324 in
702 3272 915 3339 lloiiiaiiopai·ro
928 3287 933 3323 :

991 1420 1268 1479 commemorationes
1283 1435 1318 1474 ex
1328 1418 1438 1474 laudato
1454 1415 1540 1475 toties
1553 1416 1648 1473 llufini
1661 1416 1724 1474 loco
1736 1435 1795 1475 aui·

992 1493 1097 1565 plilieat
1108 1491 1284 1550 Viennensis.
1294 1491 1343 1546 sed
1352 1490 1451 1546 desolo
1459 1488 1624 1560 lsohyrione
1633 1489 1692 1559 agit
1700 1490 1797 1546 llsuar·

993 1564 1054 1630 dus,
1073 1564 1156 1634 elogii
1179 1563 1222 1617 sui
1240 1562 1323 1617 verba
1337 1562 1430 1617 omnia
1444 1577 1479 1616 ex
1503 1560 1601 1615 Adone
1626 1560 1796 1629 describens,

994 1636 1096 1690 omissa
1115 1633 1231 1689 notabili
1255 1633 1474 1699 circumstantia,
1500 1632 1636 1686 nimirum
1656 1630 1716 1686 lsch
1741 1633 1797 1689 rio-

994 1723 1056 1762 neiu
1073 1722 1127 1761 non
1143 1705 1285 1776 abaliquo
1301 1703 1397 1773 judice
1411 1703 1584 1768 damnatum,
1604 1702 1654 1759 sed
1670 1702 1707 1759 ali
1755 1720 1792 1771 ro,

995 1786 1026 1832 ut
1051 1777 1089 1832 ita
1106 1777 1208 1842 dicam,
1228 1793 1244 1830 a
1262 1781 1364 1845 potente
1383 1774 1477 1845 aliquo
1491 1774 1563 1839 viro,
1580 1772 1665 1844 cujus
1679 1789 1736 1828 rem
1753 1777 1796 1830 sub

995 1849 1109 1903 mercede
1124 1854 1293 1918 procuraret,
1311 1845 1424 1901 insolitu
1438 1844 1614 1900 crudelitatis
1629 1846 1796 1916 generedite

995 1919 1173 1975 trucidatum.
1191 1916 1365 1973 Alexandriae
1380 1934 1395 1971 a
1411 1917 1512 1972 nostris
1534 1924 1703 1972 constanter
1714 1917 1796 1997 poni-

994 1998 1049 2056 tur,
1063 1989 1160 2045 licetid
1169 2005 1221 2045 nus
1243 2004 1304 2043 uam
1315 1987 1431 2042 ellirmet
1440 1987 1587 2055 Eusebius
1599 1986 1660 2043 imo
1671 1988 1736 2043 aliis
1746 2003 1796 2044 uun

994 2060 1176 2117 inverisimile
1193 2006 1329 2126 viiieatur,
1348 2059 1376 2112 iii
1401 2059 1456 2113 alia
1474 2058 1566 2130 aliqua
1591 2059 1712 2130 AEgypti
1727 2069 1796 2130 parte

995 2132 1190 2202 interemptum
1218 2130 1314 2186 luisse.
1339 2131 1377 2185 De
1401 2129 1517 2201 reliquis
1541 2128 1602 2184 illis
1628 2130 1795 2202 martyribus

1011 2203 1198 2273 uurnplurimis
1205 2201 1287 2271 scine,
1298 2200 1472 2270 sitisriqorr,
1486 2203 1626 2269 irrepsere,
1639 2202 1793 2267 latronibus,

994 2221 1132 2343 iestiisque
1141 2272 1311 2344 cousuinptis,
1322 2272 1444 2342 plurima
1453 2271 1676 2344 suppeditabunt
1686 2272 1795 2329 iuferius

993 2346 1123 2401 Auctaria
1139 2345 1292 2399 Usuardina
1306 2343 1391 2397 variis
1406 2343 1495 2398 iucdis
1507 2351 1658 2414 concepta.

1029 2419 1059 2471 ln
1075 2415 1252 2472 Variantibus
1262 2432 1295 2470 su
1316 2414 1536 2481 raostendimus,
1553 2431 1664 2471 errasse
1676 2415 1793 2471 codicem

993 2488 1162 2550 Pratensem,
1191 2487 1258 2542 dum
1286 2432 1422 2541 Basileon
1452 2484 1664 2541 ilntioclieuum
1693 2485 1793 2542 civitati

995 2559 1074 2614 ostio
1096 2557 1242 2629 ascripsit;
1266 2573 1370 2612 errasse
1399 2556 1464 2610 item
1493 2557 1592 2612 solitos
1619 2557 1722 2625 socios,
1750 2557 1793 2628 qui

993 2630 1075 2685 aliam
1091 2629 1331 2684 annuntiationem
1348 2626 1471 2682 Usuardo
1487 2627 1707 2685 substituerunt.
1723 2627 1792 2694 Qua·

993 2701 1063 2757 ritui
1074 2700 1129 2768 hic,
1142 2715 1223 2772 quem
1236 2699 1360 2756 codicem
1373 2699 1625 2770 lliaronymiunum
1641 2717 1697 2770 prae
1708 2700 1788 2755 oculis

993 2771 1131 2837 habuerit,
1145 2786 1179 2825 ex
1191 2787 1245 2842 quo
1255 2778 1425 2842 segmentum
1436 2771 1566 2824 ultimum
1579 2769 1615 2825 de
1626 2771 1787 2826 tribusmar·

993 2843 1101 2914 tyrilius
1114 2841 1287 2898 Ostiensibus
1303 2841 1444 2907 Denretrio,
1461 2841 1601 2897 Houoiuto
1617 2849 1645 2897 ei
1660 2841 1789 2897 Florede

992 2914 1139 2993 sumpserit
1154 2932 1160 2980 ;
1175 2913 1277 2968 etenim
1289 2912 1492 2968 vetustissimus
1505 2912 1731 2983 Epternacensis.
1744 2913 1789 2967 hu·

991 3000 1081 3041 censis
1095 2993 1122 3040 et
1137 2984 1299 3038 Blumianus
1323 2985 1426 3053 legunt,
1453 2984 1581 3039 mnietrii
1607 2990 1633 3038 et
1652 2985 1788 3049 Haerenti,

992 3055 1095 3121 Felicis,
1121 3056 1206 3110 Fieri.
1234 3054 1277 3109 nd
1298 3055 1404 3109 similes
1427 3054 1606 3126 questiones,
1630 3070 1702 3127 aaepe
1728 3054 1787 3110 alibi

992 3126 1154 3205 propositas,
1178 3125 1254 3179 nulla
1269 3125 1360 3196 aptior
1378 3127 1499 3180 occurrit
1515 3125 1661 3205 responsio
1675 3141 1756 3207 quam
1769 3124 1787 3180 si

137 3212 192 3249 uno
211 3197 303 3252 llusini
318 3198 408 3268 capite
418 3207 538 3269 accepta,
560 3208 590 3254 ut
606 3200 732 3324 giluribus
747 3197 805 3252 dixi
822 3215 870 3252 xix
886 3200 971 3276 Dec
992 3196 1115 3276 dicamus
1129 3197 1281 3251 Usuardum
1297 3213 1345 3266 pro
1360 3213 1411 3251 suo
1421 3196 1593 3266 beneplacito
1608 3213 1645 3252 eir
1658 3197 1787 3268 llierony·

992 3269 1091 3322 iiiiaiiis
1101 3275 1258 3322 sanctorum
1271 3267 1408 3322 delectum
1419 3268 1523 3324 iecisse.
1538 3268 1652 3323 Utinam
1662 3268 1785 3323 ethorum

992 3338 1086 3404 trium,
1105 3345 1131 3392 et
1147 3353 1205 3391 xxx
1219 3338 1392 3407 superiorum
1409 3346 1567 3410 martyrum
1588 3339 1660 3395 Acta
1679 3347 1725 3393 aut
1739 3353 1786 3410 pas·

991 3408 1081 3464 siones
1095 3408 1199 3464 alicubi
1215 3408 1405 3478 reperirentur
1419 3410 1424 3464 l

872 3552 1063 3615 AUCTARIA.

167 3673 290 3729 Pnirirrr.
301 3675 360 3730 lam
370 3674 589 3753 ejusauotarium
603 3692 687 3748 supra
696 3675 824 3731 dedimus
839 3678 868 3732 iii
879 3679 931 3735 Va·

132 3742 285 3798 riantibus:
298 3745 344 3799 ubi
358 3752 440 3799 etiarn
451 3745 484 3800 de
492 3748 730 3813 huruuua-blau,
741 3748 788 3819 qui
802 3755 933 3818 praeterea

132 3830 181 3886 pro
194 3813 262 3867 iuter
277 3815 344 3869 diros
359 3817 460 3882 lauros,
480 3816 545 3886 legit
559 3817 628 3870 inter
641 3818 709 3871 dnus
721 3818 839 3872 cruores.

167 3885 360 3940 Resupnum
382 3892 529 3955 augmento
548 3887 679 3940 convenit
693 3904 755 3942 cuin
776 3891 930 3945 huruuua.-

132 3955 212 4021 blir.,
223 3955 269 4009 sed
286 3964 415 4026 praeterea
429 3956 459 4010 in
473 3955 527 4009 line
537 3955 650 4024 adjicit:
671 3981 680 4004 ι
696 3956 857 4014 Theodosia
868 3961 931 4015 vir-

132 4026 203 4096 ginis
219 4033 246 4080 et
261 4027 402 4097 martyris.
423 4050 431 4070 ι

166 4096 320 4152 Poisiusir.
343 4099 370 4150 in
387 4096 474 4168 prima
489 4096 555 4152 satis
571 4113 666 4169 purus,
687 4100 727 4156 sic
750 4101 928 4173 prosequitur

130 4180 164 4221 ex
177 4165 293 4222 hdoue:
312 4192 321 4214 ‹
336 4169 398 4240 lpso
413 4168 468 4234 die,
479 4170 748 4240 quamplurimorum
762 4179 928 4243 uiartyrnm,

129 4237 177 4309 qui
201 4239 230 4292 in
253 4238 367 4296 desertis
383 4240 524 4295 montibus
547 4240 621 4312 apud
636 4243 775 4315 Egyptuin
799 4242 928 4299 oberran-

129 4316 180 4376 tes,
197 4308 279 4392 iame,
298 4310 355 4378 siti,
372 4309 485 4383 frigore,
505 4311 669 4379 latronibus,
690 4313 842 4386 bestiisque
857 4331 930 4370 con-

129 4389 232 4451 sumpti
248 4390 323 4438 sunt.
344 4409 353 4430 ι

163 4451 407 4524 huruuua-Max,
419 4457 601 4523 utrinam,
613 4456 749 4522 burnus,
766 4457 889 4513 Aiaeno.
902 4464 929 4512 et

128 4522 225 4578 Dixin.
243 4524 323 4580 tortio
348 4527 408 4583 loco
426 4543 461 4582 ex
484 4529 581 4585 Adone
603 4526 790 4583 interserunt:
822 4552 831 4574 ι
847 4527 928 4599 Apud

127 4591 278 4718 Eggptum,
290 4597 379 4653 natale
387 4597 474 4654 sancti
485 4598 662 4655 Therimonis
671 4599 731 4667 [olii
740 4597 927 4667 Cherimonis,

126 4678 167 4718 me
179 4663 425 4744 iusChaeremonis]
436 4671 555 4796 episcogpi
568 4670 644 4724 urbis
654 4669 813 4741 Nycopolis,
822 4678 849 4725 et
859 4670 926 4725 alio·

127 4749 188 4787 rum
207 4734 401 4805 plurimorum,
417 4756 464 4811 qui
480 4740 509 4794 in
544 4740 639 4796 escitis
653 4750 680 4797 et
696 4740 836 4795 montibus
850 4738 925 4812 apud

127 4803 267 4884 Egyptiim
290 4805 457 4876 aberrantes,
474 4809 555 4876 fame,
575 4811 637 4881 siti,
655 4811 765 4880 frigora,
782 4810 923 4882 languore,

127 4874 290 4956 latronibus,
302 4874 451 4951 bestiisque
464 4881 629 4953 consumpti,
642 4881 728 4952 gloria
743 4881 870 4952 inartyrii
880 4898 924 4937 cu·

126 4954 214 5001 ronatr
232 4955 306 5003 sunt.
328 4972 337 4994 ι
359 4949 388 5004 ln
401 4958 498 5022 quarta
512 4953 723 5008 annuntiatione
738 4966 836 5006 omues
849 4967 922 5007 con-

126 5019 242 5073 veniunt
257 5034 320 5074 cum
336 5020 478 5077 codicibus
494 5039 542 5093 pro
557 5031 636 5078 textu
651 5021 752 5078 citatis.

161 5088 314 5146 Lavinius.
326 5090 355 5145 in
366 5103 512 5163 auginonto
523 5110 585 5149 cuni
598 5094 660 5149 aliis
673 5092 813 5162 convenit,
824 5091 872 5148 sed
882 5100 921 5149 to·

126 5166 184 5213 tum
199 5160 369 5231 ischyrionis
384 5165 504 5235 elogium
520 5165 665 5236 expunxit.

159 5230 337 5288 Curionum:
376 5236 497 5291 «Roinru
523 5237 567 5291 via
591 5236 727 5291 Lauicana
751 5236 823 5293 inter
849 5238 920 5293 duos

125 5298 225 5379 lauros,
248 5312 403 5360 sanctorum
429 5322 486 5361 xxx
513 5316 582 5362 niart
605 5323 676 5374 rom,
705 5308 751 5378 qui
776 5309 827 5363 sub
850 5309 921 5364 Dio-

124 5368 242 5453 cletiano
263 5377 334 5444 passi
367 5386 441 5433 sunt.
467 5324 653 5443 Alexaniiriiu,
683 5376 754 5435 beati
786 5379 920 5435 Scirionis

125 5448 262 5517 martyris.
281 5446 315 5524 lii⁴
336 5448 455 5519 Egypto,
477 5448 724 5504 innumerabilium
752 5458 916 5522 martyrum,

123 5522 170 5578 qui
186 5525 214 5562 in
231 5517 369 5591 incumbis
384 5528 410 5573 et
425 5520 554 5588 vallibus,
570 5521 598 5588 in
614 5520 693 5575 silvis
707 5528 733 5574 et
749 5520 866 5576 diversis
882 5523 918 5575 la·

123 5576 250 5657 borantes
265 5589 455 5665 incommodis,
468 5592 548 5660 fame,
560 5591 617 5659 siti,
631 5593 819 5662 languoribus,
837 5592 918 5664 frigo·

123 5646 209 5729 ribus,
227 5651 388 5734 latronibus,
400 5659 549 5734 bestiisque
559 5665 714 5734 consumpti
723 5672 797 5720 sunt.
813 5664 916 5720 Eodem

123 5719 168 5775 die
180 5719 340 5779 Theodosia
351 5728 465 5797 virginis
474 5741 501 5789 et
511 5734 652 5805 martyris,
661 5743 688 5789 et
701 5735 788 5792 sancti
798 5734 914 5805 Didimi‚

985 3675 1168 3734 eruditissimi
1179 3675 1244 3732 viri.
1257 3701 1266 3724 »
1283 3674 1354 3733 Vide
1360 3675 1578 3747 Hieronymiaua
1587 3685 1617 3733 et
1627 3675 1782 3734 Florentiuii

985 3747 1204 3805 observationes.

1020 3819 1211 3884 Bnuxiinuux,
1224 3817 1252 3871 in
1264 3819 1352 3888 prima
1363 3833 1457 3888 purus,
1469 3819 1508 3872 sic
1520 3819 1611 3898 pergit
1626 3838 1630 3874 :
1655 3842 1666 3865 ι
1680 3819 1712 3875 ln
1726 3817 1784 3874 ciri·

984 3896 1039 3945 tate
1065 3888 1220 3957 Spoletana,
1247 3890 1336 3958 passio
1353 3889 1439 3944 sancti
1466 3889 1576 3968 Georgii
1601 3890 1746 3962 martyris.
1761 3890 1784 3944 ln

1004 3966 1066 4014 ortu
1075 3960 1208 4026 Romano,
1224 3961 1314 4015 natale
1325 3960 1412 4015 sancti
1425 3960 1574 4015 Aristonis.
1589 3961 1626 4015 Et
1640 3963 1734 4017 noma
1746 3961 1786 4015 ria

985 3977 1138 4091 florinensi,
1164 4027 1300 4110 depositio
1322 4030 1409 4085 sancti
1434 4029 1533 4084 Felicis
1558 4031 1697 4102 episcopi.
1720 4057 1729 4077 ι
1760 4031 1786 4086 lu

985 4101 1044 4156 lsch
1068 4101 1145 4155 rione
1155 4109 1221 4154 satis
1233 4116 1317 4170 purus
1331 4108 1380 4157 est.
1399 4101 1487 4155 'l'umz
1512 4126 1520 4146 ‹
1537 4102 1622 4172 Apud
1636 4104 1784 4176 Egypturn,

984 4118 1073 4227 nataie
1081 4170 1167 4225 sancti
1178 4170 1367 4238 Cheremouis,
1376 4170 1526 4243 ,Vycopolis
1537 4173 1676 4244 episcopi,
1688 4180 1716 4229 et
1727 4173 1785 4229 alio·

984 4259 1046 4297 rum
1082 4241 1329 4312 uaoiplurimorum
1347 4253 1511 4315 iiiartyrum,
1530 4243 1578 4315 qui
1594 4244 1625 4298 in
1640 4242 1786 4302 Desertiset

984 4313 1071 4367 monti
1095 4330 1125 4367 us
1139 4311 1212 4383 apud
1227 4313 1367 4383 Egyptum
1382 4314 1551 4382 oberrantes,
1564 4314 1652 4383 fame,
1669 4314 1728 4384 siti,
1742 4313 1785 4370 iri·

983 4400 1057 4456 gore,
1085 4386 1225 4455 languore,
1249 4384 1413 4452 latronibus,
1445 4384 1596 4456 bestiisque
1622 4384 1786 4458 consumpti,

982 4453 1204 4581 gloriamartyrii
1215 4455 1340 4511 coronati
1353 4462 1428 4510 sunt.
1441 4456 1618 4513 EtCereinon
1630 4458 1784 4537 episcopus,

1003 4543 1047 4581 um
1068 4525 1102 4580 ad
1127 4526 1248 4582 Arabum
1265 4533 1387 4582 montem
1411 4540 1474 4582 cuiu
1498 4527 1648 4598 granduna
1671 4541 1783 4599 conyuge

982 4597 1161 4664 discessisset,
1174 4596 1246 4651 nulli
1259 4598 1330 4653 ultra
1344 4599 1499 4667 comparuit
1514 4643 1519 4652 .
1537 4623 1546 4645 »
1569 4599 1642 4654 Vide
1657 4598 1714 4654 hec
1724 4597 1785 4653 niti-

981 4667 1044 4723 dius
1055 4668 1084 4723 in
1095 4667 1201 4735 Adone,
1213 4669 1256 4722 vel
1267 4667 1293 4722 in
1305 4667 1365 4738 ipso
1374 4667 1622 4749 liiilliio.Soqiiitur
1634 4668 1670 4725 de
1680 4668 1786 4725 Ostien-

979 4737 1055 4794 sibus
1071 4752 1146 4818 pure.
1163 4739 1287 4794 Deinde:
1308 4763 1317 4785 ι
1335 4739 1456 4804 Etalibi,
1473 4754 1562 4809 passio
1579 4746 1683 4796 sanctu
1693 4738 1783 4793 'lheo-

940 4795 964 4853 0
979 4809 1063 4865 dosia
1075 4808 1225 4879 virginiset
1236 4809 1376 4881 martyris,
1390 4817 1416 4864 et
1428 4809 1515 4865 sancti
1527 4809 1638 4867 Didimi
1648 4806 1782 4866 monachi.

978 4878 1128 4935 Antiochia
1145 4878 1270 4947 civitate,
1285 4882 1374 4937 sancti
1391 4880 1498 4935 Basilii.
1521 4905 1530 4927 ι

1013 4951 1203 5020 Hiesxoinx,
1217 4950 1245 5005 in
1261 4958 1340 5007 textu
1354 4953 1437 5006 solito
1446 4953 1551 5022 purior,
1565 4950 1645 5008 addit
1656 4951 1691 5008 de
1706 4948 1784 5023 AEgy·

977 5022 1043 5093 ptiis
1061 5022 1248 5103 martyribus:
1283 5048 1292 5069 ‹
1312 5022 1393 5094 Apud
1413 5022 1563 5095 Egyptum,
1593 5024 1686 5081 natale
1700 5018 1784 5078 sancti

977 5092 1151 5149 liherimonis
1164 5093 1285 5164 episcopi
1297 5100 1323 5147 et
1335 5096 1474 5164 martyris,
1491 5094 1538 5167 qui
1556 5093 1711 5169 Nycopolis
1721 5091 1783 5149 cirl-

975 5165 1040 5217 tatis
1052 5165 1149 5234 praesul
1159 5172 1227 5231 orat,
1236 5173 1262 5218 et
1271 5164 1389 5218 aliorum
1401 5166 1691 5236 quamplurimorum,
1703 5189 1712 5210 ·
1732 5168 1781 5218 rto.

973 5233 1127 5305 subjicitur
1142 5251 1258 5306 sequeus
1275 5234 1408 5290 historia:
1435 5261 1442 5281 ·
1458 5237 1521 5306 lpso
1533 5235 1590 5302 die,
1604 5236 1681 5308 apud
1697 5236 1780 5304 Arty-

975 5305 1125 5373 siodorum,
1143 5307 1230 5375 passio
1249 5306 1336 5361 suncti
1353 5307 1422 5361 iusti
1440 5307 1527 5377 pueri,
1545 5308 1593 5378 qui
1628 5306 1685 5361 fuit
1696 5305 1782 5377 justus

974 5377 1086 5431 nomine
1099 5385 1125 5430 et
1137 5392 1174 5430 re.
1193 5376 1242 5431 llic
1257 5377 1351 5431 iustus
1365 5376 1439 5431 silius
1453 5377 1504 5432 fuit
1515 5376 1622 5431 iustini
1636 5377 1693 5432 viri
1704 5375 1780 5434 Chri·

973 5447 1066 5513 stiani,
1083 5446 1128 5519 qui
1141 5446 1220 5501 alilio
1231 5463 1280 5501 suo
1293 5447 1484 5518 multipliciter
1498 5446 1552 5502 fuit
1564 5457 1691 5519 argutus,
1703 5459 1781 5521 quare

974 5518 1085 5573 fratrem
1096 5518 1154 5588 ojus
1169 5518 1183 5572 J
1188 5518 1370 5574 ustianumde
1378 5519 1541 5592 captivitate
1551 5534 1608 5573 non
1624 5519 1779 5578 redimeret.

972 5587 1024 5655 Qui
1049 5604 1110 5644 cum
1133 5588 1351 5659 proficisceretur
1374 5589 1408 5644 ad
1436 5589 1632 5645 redimendum
1660 5589 1780 5654 fratrem,

976 5660 1072 5715 lustris
1085 5657 1144 5731 ejus
1160 5659 1235 5715 filius
1247 5676 1340 5716 secum
1357 5659 1493 5731 proficisci
1514 5660 1625 5729 voluit;
1646 5661 1695 5717 sed
1709 5665 1782 5732 patei

980 5731 1124 5803 prohibuit
1138 5739 1249 5803 propter
1263 5731 1386 5787 dolorem
1405 5730 1503 5787 matris
1520 5730 1590 5802 ejus,
1604 5732 1672 5805 quis
1684 5731 1780 5787 unicus
