3834 6136
59 234 127 292 thot
660 236 841 295 OPUSCULA
859 239 904 293 ET
923 238 1116 295 EPISTOLAE.

1645 253 1716 312 inat

59 389 153 442 locum
172 383 258 455 (epist.
279 384 305 454 l)
324 402 329 438 :
353 384 511 442 «Similiter
525 386 548 441 si
564 386 724 458 hujusmodi
739 389 862 459 personis
876 395 901 452 Α
917 399 1008 447 tamen
1023 392 1148 448 eamdem
1162 394 1366 451 confessionem
1385 397 1524 454 subtilitas
1532 404 1671 461 examinis
1680 421 1716 462 ex

57 473 186 546 qnaedam
198 473 351 545 scriptura,
362 475 556 547 quoquomodo
565 491 613 546 per
624 483 725 532 metum
737 477 862 532 autfrau·
917 483 1033 538 occultis
1059 482 1181 554 eliceret,
1198 492 1225 541 et
1240 501 1296 541 non
1310 485 1424 542 afflictio
1446 488 1594 547 vehemens
1617 503 1716 552 extor-

57 564 133 631 dem,
150 567 198 618 aut
212 562 332 634 pervim
347 571 461 620 extortae
475 564 589 634 fuerint,
606 568 649 622 vel
664 573 695 622 ut
705 583 733 623 ae
748 567 863 624 liberare
917 578 1022 642 queret,
1037 587 1096 643 quas
1110 571 1266 644 frequenter
1280 573 1332 632 hoc
1345 575 1410 646 agit,
1426 585 1459 631 ut
1468 577 1568 634 noxios
1586 581 1623 635 se'
1636 581 1716 640 fateri

57 651 177 726 possint,
208 667 374 724 quocunque
388 653 422 709 ab
437 653 476 709 eis
488 654 652 727 conscriptae
670 657 715 711 vel
731 655 863 712 roborata

58 742 168 798 fuerint
182 741 304 813 ingenio,
321 742 355 798 ad
370 745 477 800 nullum
490 743 529 802 eis
547 744 741 816 prejudicium
757 755 805 803 aut
815 763 863 802 no·

56 840 221 889 numentum
237 832 383 903 provenire
397 850 562 891 censemus:
587 850 677 908 neque
708 837 793 891 ullam
817 853 864 894 eos

58 921 205 977 infamiam
220 921 264 975 vel
277 921 453 991 calumniam,
466 933 513 980 aut
522 940 537 978 a
547 923 605 980 suis
615 927 862 996 sequestrationem

57 1017 152 1085 bonis,
168 1032 302 1088 unquam,
318 1022 429 1071 auctare
443 1018 562 1074 Domino
572 1026 599 1074 et
613 1020 716 1076 sanctis
731 1021 864 1092 apostolis

58 1122 211 1177 eorumque
226 1104 579 1174 successoribus,sustinere
591 1109 862 1181 permittimusflon·

58 1196 142 1251 fessio
158 1211 224 1251 vero
240 1195 268 1249 in
283 1194 385 1250 talibus
400 1211 455 1250 non
484 1198 635 1269 compulsa,
651 1198 698 1254 sed
713 1207 864 1272 spontanea

59 1283 119 1340 fieri
146 1284 237 1352 debet,
253 1282 313 1354 ipso
335 1291 481 1340 attestante
494 1285 542 1358 qni
558 1287 616 1342 ait:
633 1289 679 1343 Ea
702 1288 779 1343 corda
794 1288 863 1343 etaim

918 659 1000 717 etiam
1019 667 1154 731 cogantur
1176 661 1294 718 innoxii.
1322 663 1390 719 Nam
1414 672 1558 738 postquam
1588 669 1718 740 praefatus

918 748 1070 820 episcopus,
1095 758 1126 805 ut
1148 749 1264 819 dicitur,
1278 752 1394 808 cruciari
1410 754 1534 811 custodia
1547 757 1718 831 cremarique

918 837 989 892 fame
1014 853 1042 893 se
1064 838 1191 907 asseruit,
1216 840 1287 895 scire
1309 838 1414 897 debetis
1436 843 1459 898 si
1490 843 1530 899 ita
1548 854 1599 913 est,
1622 854 1717 904 utrum

918 934 1014 984 noceat
1028 927 1051 983 si
1066 927 1107 984 sic
1121 928 1205 984 fuerit
1221 937 1330 987 extorta
1343 931 1490 988 confessio.
1506 933 1585 991 Certe
1608 936 1632 992 si
1659 953 1717 994 non

918 1025 998 1072 nocet
1021 1024 1127 1072 extorta
1151 1017 1299 1088 confessio,
1328 1035 1384 1075 non
1411 1019 1488 1077 obest
1513 1031 1621 1080 extorta
1646 1024 1718 1082 sub-

917 1106 1053 1178 scriptio.»
1069 1107 1208 1162 Outinam
1220 1115 1286 1164 tuuc
1295 1108 1329 1164 do
1340 1125 1384 1165 me
1394 1111 1579 1184 qualicunque
1588 1113 1718 1187 episcopo

919 1195 988 1251 illud
1016 1195 1175 1252 voluissetis
1201 1196 1404 1253 rationabiliter
1416 1199 1567 1268 attendere,
1584 1200 1658 1271 quod
1683 1201 1718 1258 de

918 1283 1017 1339 vestris
1030 1284 1099 1339 inihi
1114 1284 1263 1357 scripsistis
1282 1286 1384 1342 frustra
1397 1286 1521 1354 villanis,
1544 1286 1612 1343 meis
1625 1295 1718 1346 autem

56 1373 205 1444 procedant
227 1371 381 1440 homicidia,
410 1373 557 1441 adulteria,
582 1374 782 1445 fornicationes,
808 1378 862 1432 bla-
917 1374 1101 1446 parochianis,
1118 1375 1191 1448 qaod
1207 1378 1367 1448 etsrrperius
1381 1376 1535 1449 praelibavi,
1545 1378 1593 1434 ubi
1603 1378 1718 1437 dixistis

58 1461 185 1532 spbernie
203 1461 310 1527 (Matlh.
327 1478 376 1529 xv,
395 1463 451 1534 19),
469 1471 496 1518 et
509 1470 607 1520 caetera
618 1473 748 1538 quaesunt
757 1466 791 1522 ad
806 1466 863 1523 baec
918 1464 983 1536 quia
1005 1467 1174 1538 appellantes
1188 1484 1383 1541 quamcunque
1399 1469 1562 1526 violentiam
1578 1470 1634 1543 pati
1660 1487 1716 1527 non

58 1550 238 1623 pertinentia.
252 1549 306 1606 Nec
320 1557 429 1606 tantum
443 1552 610 1609 attendenda
624 1564 690 1610 sunt
704 1571 764 1627 qnae
779 1555 861 1624 frunt,
917 1553 1058 1624 deberent,
1074 1572 1109 1611 an
1120 1555 1190 1611 mihi
1200 1557 1349 1629 appellanti
1360 1557 1394 1615 ad
1405 1573 1541 1617 summam
1560 1560 1717 1631 apostolicas

58 1646 195 1712 quantum
212 1654 266 1711 quo
280 1640 374 1695 animo
389 1640 468 1699 liant,
492 1641 539 1697 «Si
555 1658 611 1698 non
622 1651 687 1698 sunt
700 1652 808 1700 tantum
824 1652 863 1700 at·
918 1646 990 1702 sedis
1008 1646 1214 1715 auctoritatem,
1230 1647 1355 1720 mihique
1369 1647 1403 1703 ab
1418 1648 1512 1704 eadem
1526 1659 1634 1718 vocate,
1650 1662 1718 1722 per‘-

58 1727 200 1786 tendenda
214 1745 274 1801 quae
287 1729 368 1796 frunt,
386 1740 519 1802 qnantum
534 1749 589 1805 quo
606 1733 699 1788 animo
712 1735 790 1804 siant,
807 1752 862 1808 quo
878 1756 902 1814 B
918 1750 970 1805 que
985 1734 1043 1806 ejus
1055 1736 1229 1792 auctoritatis
1239 1737 1345 1792 litteras
1368 1736 1580 1808 presentialiter
1602 1737 1717 1809 legendo

58 1818 156 1874 auimo
165 1833 214 1888 ege
222 1817 292 1874 illud
303 1819 425 1888 fecerim,
442 1835 530 1892 neque
545 1838 641 1893 parum
655 1824 745 1880 sciens
760 1824 862 1895 poterit

59 1906 198 1979 ignorare,
213 1907 260 1980 qui
270 1909 352 1964 etiam
365 1910 452 1965 multo
463 1911 542 1981 plura
552 1918 711 1968 tuncassem
727 1913 862 1983 facturus,

58 2007 90 2054 ut
105 2015 181 2056 meos
196 1999 244 2071 qui
259 1998 369 2055 innoxii
390 2007 478 2066 erant,
504 2006 532 2055 et
546 2017 627 2057 causa
646 2002 700 2058 mei
715 2004 863 2076 opprime-

58 2087 171 2156 bantur,
197 2103 304 2160 possem
333 2087 458 2145 liberere.
476 2090 512 2145 Et
530 2105 564 2145 ne
578 2091 655 2148 solus
680 2091 727 2148 hic
752 2100 862 2150 sanctus

60 2193 131 2249 papa
149 2177 308 2234 Alexander
323 2179 381 2237 haec
395 2180 550 2238 decrevisse
565 2182 757 2254 putetur,quid
767 2182 863 2239 beatus

60 2269 223 2340 Gregorius,
247 2286 328 2343 quern
352 2272 549 2328 venerabiliter
576 2273 725 2345 suscipitis,
744 2273 777 2329 de
809 2273 863 2329 hcc

62 2358 170 2414 sentiat
179 2367 293 2431 apparet
306 2358 339 2414 ad
356 2357 548 2416 Constantium
559 2360 789 2417 Mediolanensem
799 2359 863 2434 epi-

58 2463 173 2520 scopum
188 2445 222 2503 de
233 2447 500 2521 Pompeieepiscope
512 2448 635 2505 scribens
656 2448 695 2504 ita
718 2450 777 2521 (lib.
798 2465 861 2517 viu,

58 2536 134 2607 epist.
151 2534 199 2607 30)
224 2554 230 2591 :
263 2560 272 2582 ι
294 2536 372 2592 Nunc
383 2537 467 2606 igitur
480 2537 611 2609 quoniam
626 2537 675 2592 illa
688 2554 749 2610 quae
766 2545 863 2594 contra

59 2640 123 2681 euin
138 2626 301 2694 dictasunt,
318 2644 373 2683 non
394 2627 445 2683 sub
460 2628 508 2683 illa
522 2643 582 2700 quae
595 2627 688 2683 decuit
706 2626 862 2683 districtio-

59 2731 95 2771 ne
110 2715 224 2788 quasita
238 2724 348 2785 sunt,et
363 2725 437 2788 gesta
447 2733 507 2788 quae
523 2716 624 2774 exinde
636 2715 709 2788 apud
728 2717 862 2773 fraterni-

60 2811 150 2860 tatem
163 2812 282 2861 vestram
297 2806 422 2862 confecta
436 2812 511 2873 sunt,
527 2804 664 2879 nequead
689 2805 863 2863 cendemna-

59 2893 177 2960 tionem,
195 2909 284 2966 neque
301 2894 334 2949 ad
343 2894 545 2950 absolutionem
557 2894 616 2966 ejus
624 2895 775 2966 probantur
784 2910 862 2966 posse

59 2981 199 3051 sufficere,
228 2998 285 3038 non
301 2983 370 3038 levis
390 3000 432 3039 res
451 2983 551 3055 agitur,
567 2990 598 3039 ut
624 2982 734 3040 incaute
759 2983 803 3039 vel
832 2984 862 3039 in

58 3078 222 3128 transcursu
239 3088 294 3128 non
307 3072 404 3129 debeat
419 3072 545 3129 diffiniri.
560 3073 628 3129 Nam
645 3089 727 3144 grave
741 3079 783 3128 est
795 3072 862 3128 satis

58 3170 89 3217 et
106 3162 236 3218 indecens
250 3171 279 3219 ut
305 3164 335 3219 in
350 3181 378 3220 re
393 3163 479 3220 dubia
492 3171 567 3220 certa
584 3163 692 3220 dicatur
714 3162 860 3219 sententie.

58 3251 98 3305 Et
114 3249 173 3307 hac
186 3251 294 3324 quidem
311 3261 383 3324 gesta
398 3269 456 3309 esse
475 3260 602 3325 poterant
616 3250 650 3307 ad
667 3250 861 3308 diffiniendum

57 3340 129 3396 satis
144 3340 252 3410 idonea,
269 3342 292 3398 si
308 3342 428 3399 accusati
448 3359 480 3397 ea
493 3341 629 3398 confessio
645 3347 823 3413 sequeretur:
839 3339 863 3395 si

854 3630 908 3693 V·

917 1826 1087 1894 reclamanti,
1101 1826 1210 1883 deceret
1225 1827 1401 1898 privilegium
1417 1837 1515 1885 vestra
1539 1828 1612 1886 sedis
1630 1831 1717 1886 ullam

917 1913 1018 1969 inferre
1033 1914 1205 1970 violentiam.
1223 1915 1322 1971 Ratum
1338 1922 1380 1971 est
1390 1932 1488 1988 nempe
1498 1923 1529 1973 ut
1538 1916 1717 1990 privilegium

916 2013 1014 2060 vestre
1037 2003 1716 2074 sediscbsecundeturadcharitatisconcordiam‚

916 2107 971 2149 non
987 2093 1090 2149 officiat
1106 2093 1140 2149 ad
1163 2092 1373 2166 disceptationis
1400 2094 1566 2150 socordiam.
1583 2095 1719 2152 Praearea

916 2181 1064 2254 scripsistis
1079 2179 1148 2234 mihi
1160 2180 1236 2236 hec:
1255 2205 1264 2227 ι
1284 2182 1321 2236 Te
1334 2182 1419 2237 latere
1433 2197 1490 2236 non
1503 2189 1594 2252 potest
1613 2191 1717 2254 quanta

917 2270 988 2325 mala
1001 2269 1183 2325 Karlcmanni
1198 2268 1347 2340 complices
1364 2268 1395 2323 iu
1410 2268 1579 2326 Rhemorum
1603 2268 1717 2327 diaecesi

916 2359 1272 2430 fecerunt.Proptereacum
1293 2358 1424 2414 fratribus
1434 2368 1462 2414 et
1475 2351 1716 2415 consacerdotibus

917 2447 1019 2503 nostris
1030 2446 1076 2517 qai
1092 2444 1250 2512 adfuerunt,
1266 2453 1360 2500 tenme
1374 2445 1522 2516 subjuncto
1537 2460 1584 2501 ecs
1598 2461 1716 2501 excom-

917 2536 1099 2594 municandos
1131 2537 1313 2594 decrevimus.
1328 2538 1364 2593 Et
1378 2537 1439 2593 ideo
1464 2538 1509 2594 his
1538 2555 1599 2612 que
1622 2538 1717 2595 subter

917 2633 1102 2683 annectuntur
1115 2626 1225 2684 relectis
1240 2626 1461 2698 presentialiter,
1484 2625 1554 2683 mibi
1574 2643 1623 2699 per
1634 2643 1716 2683 conx-

917 2716 1077 2773 ministrum
1090 2723 1168 2771 tuum
1193 2715 1299 2772 litteras
1323 2716 1364 2772 tui
1381 2733 1530 2774 consensus
1556 2715 1585 2772 in
1600 2716 1716 2773 hacex-

917 2805 1168 2862 ccmmuuicetione
1194 2805 1327 2861 canonica
1350 2804 1438 2872 mitte,
1464 2811 1496 2860 ut
1523 2805 1717 2876 persingulas
1776 2832 1780 2837 ·

917 2893 1138 2965 archiepiscopos
1152 2892 1324 2949 diversarum
1340 2892 1547 2966 provinciarum
1569 2909 1629 2950 eam
1643 2908 1717 2951 con-

917 2998 1025 3038 curram
1040 2980 1168 3053 dirigere,
1184 2989 1332 3054 antequam
1352 2981 1456 3037 malum
1480 2979 1554 3053 quod
1573 2987 1717 3053 coeperunt

917 3071 1028 3142 gravius
1041 3059 1168 3142 grassari,
1182 3079 1208 3125 et
1223 3070 1331 3141 longius
1341 3085 1373 3125 ac
1388 3068 1471 3124 latius
1483 3068 1616 3140 serpendo
1628 3069 1716 3140 possit

876 3117 898 3177 C
915 3173 1102 3215 excrescere.»
1121 3158 1283 3229 (Epistulam
1293 3156 1324 3210 de
1336 3172 1389 3226 qna
1403 3154 1444 3210 hic
1457 3156 1548 3226 agitur
1565 3154 1625 3211 vide
1644 3156 1715 3212 luter

917 3247 1004 3318 Opera
1018 3246 1159 3301 llincmari
1178 3245 1339 3313 libanensis,
1357 3251 1425 3300 tomo
1433 3244 1558 3316 proxime
1572 3243 1712 3317 sequenti.)

1512 3499 1713 3514 m

576 3761 766 3855 HINCMARI
789 3760 1002 3822 contrario
1024 3759 1189 3822 ALTERA.

132 3914 179 3969 Ea
191 3913 309 3982 antiquis
322 3912 438 3983 epistrlis
451 3914 634 3970 Ronmanorum
647 3913 812 3983 pontificum,
828 3913 975 3969 llutcnano
991 3913 1138 3969 Rneunnsr
1156 3914 1230 3986 apad
1251 3914 1379 3987 Gandan
1392 3915 1485 3972 uillam
1500 3915 1581 3971 masa
1593 3931 1642 3986 per

685 3984 845 4038 Wenilonem
861 3984 1094 4056 archiepiscopum.

787 4243 987 4302 PRAEFATlO.

59 4354 117 4410 lste
131 4350 275 4426 pitatiolus
288 4352 517 4426 planedepromit
527 4360 555 4408 et
568 4359 640 4424 apte,

97 4440 196 4498 &dem
209 4441 400 4516 appellandam
411 4441 497 4498 libere
509 4440 699 4514 apostolicam.

59 4528 137 4598 Quin
150 4532 335 4603 appellantem
349 4531 423 4588 haud
434 4529 534 4587 vinclis
549 4530 664 4586 artarier
677 4528 753 4596 ullis,

97 4622 270 4691 Responsum
284 4636 300 4674 a
315 4620 411 4677 vincto
424 4620 475 4675 rite
490 4634 540 4676 nec
554 4618 668 4690 exigier.

59 4709 203 4782 Archique
218 4709 341 4780 pontifici
352 4708 499 4780 distinguit
512 4707 621 4780 jusque,
638 4705 815 4777 modumque,

96 4796 168 4854 Cum
184 4797 413 4869 compraesulibus
424 4783 477 4853 ceu
494 4803 585 4852 teneat
599 4797 716 4853 sobrius.

58 4885 157 4958 Sitque
173 4885 220 4956 pio
238 4886 294 4957 regi
309 4885 407 4943 Carolc
416 4903 482 4958 pax,
496 4887 564 4954 vita,
580 4893 710 4958 potestas,

95 4974 151 5042 Qui
167 4974 270 5045 probus
284 4974 343 5032 baec
352 4989 467 5033 cernens
478 4991 533 5047 prae
549 4975 684 5046 probitate
696 4975 802 5047 probet.

58 5062 111 5119 Cui
128 5062 152 5117 si
166 5063 317 5135 surripitur
327 5063 456 5119 humanis
471 5062 578 5119 nisibus
592 5063 671 5131 ullis,

95 5150 237 5208 Cassandc
249 5151 339 5222 reicit,
355 5168 397 5210 res
413 5150 460 5207 ubi
471 5160 545 5209 certa
560 5150 641 5207 redit.

58 5377 107 5431 Ea
127 5374 237 5429 decretis
251 5374 403 5430 Alexandri
433 5391 500 5500 qpoe,
526 5374 572 5445 qai
590 5372 644 5443 snit
670 5373 778 5443 quintas
802 5377 865 5443 post

425 5463 437 5501 e
449 5462 517 5501 ram.

99 5557 202 5628 (Epist.
217 5557 257 5630 3.)
280 5557 458 5614 ‹Alexander
471 5556 614 5629 episcopus
624 5556 755 5613 omuibus
765 5555 862 5613 divine

206 5655 328 5714 Parnon.
347 5654 476 5715 cxxiv.

875 4357 900 4416 l)
915 4350 959 4406 Sic
976 4366 1025 4405 sua
1038 4364 1117 4404 mens
1130 4348 1197 4404 adeo
1212 4349 1270 4403 veri
1281 4348 1405 4404 defervet
1416 4362 1519 4413 amore

950 4442 1033 4497 Recte
1046 4438 1234 4495 frustrandum
1245 4453 1278 4492 ne
1294 4437 1367 4492 sinat
1380 4453 1438 4492 esse
1452 4445 1552 4492 ratum.

915 4530 1037 4601 Namque
1046 4528 1169 4584 animum
1184 4534 1275 4582 servat
1288 4525 1365 4580 mitis
1379 4524 1513 4597 sapientia
1527 4525 1637 4592 fortem,

950 4620 1010 4675 Prae
1024 4617 1131 4675 eunctis
1145 4615 1254 4688 proprie
1267 4630 1347 4687 quem
1364 4612 1476 4670 redimit
1489 4614 1585 4687 pietas.

915 4710 937 4766 0
952 4724 1034 4780 quam
1050 4724 1099 4763 rex
1114 4707 1193 4774 felix,
1211 4704 1346 4760 virtutum
1359 4702 1562 4772 fortisamator,

950 4798 1015 4852 Tam
1031 4797 1100 4853 bene
1114 4811 1195 4869 quem
1211 4801 1323 4867 superat
1338 4795 1396 4850 sola
1409 4792 1475 4849 boni
1490 4795 1586 4865 pietas.

916 4885 952 4943 ht
963 4894 1000 4956 te,
1014 4886 1132 4956 Christe,
1149 4888 1235 4942 Deum
1251 4899 1366 4940 noscens
1380 4882 1447 4939 dum
1462 4881 1554 4954 diligit
1574 4883 1656 4949 ultre,

950 4975 1016 5041 Quae
1031 4975 1137 5047 spernis
1153 4973 1268 5047 spernit,
1284 4989 1344 5046 quaa
1358 4971 1458 5029 statuis
1474 4969 1581 5025 statuit.

914 5063 948 5118 Se
959 5062 1011 5119 tibi
1025 5062 1202 5119 committens
1214 5063 1244 5118 in
1260 5069 1287 5118 te
1301 5068 1349 5117 tua
1363 5059 1579 5123 verberaretur,

948 5151 1027 5207 Nunc
1037 5159 1063 5206 et
1077 5151 1107 5207 in
1121 5158 1255 5207 aeternum
1271 5160 1355 5221 tuque
1370 5154 1446 5202 tuere
1461 5153 1550 5201 tuum.

917 5370 1069 5428 sacerdotio
1085 5371 1264 5442 fungentibus
1275 5386 1329 5443 pax
1340 5378 1367 5424 et
1379 5365 1569 5423 misericordia
1581 5363 1715 5438 multipli-

917 5475 1004 5535 cetur,
1015 5474 1043 5522 et
1057 5464 1201 5538 sapientia,
1217 5472 1299 5538 atque
1312 5464 1385 5521 bona
1399 5464 1528 5519 voluntas
1545 5462 1573 5519 in
1584 5460 1716 5520 omnihus

916 5563 1047 5627 augeatur
1071 5561 1098 5612 et
1121 5552 1304 5611 fructificetur
1325 5554 1353 5609 in
1382 5551 1512 5609 Domino.
1539 5551 1633 5610 Gratia
1653 5550 1715 5620 Dei,

1557 5645 1594 5705 32
