3834 6136
207 213 260 280 181

870 200 1022 267 USUARDI
1041 199 1201 269 MONACHI

1812 199 1869 274 188

246 349 367 405 Esuris.
389 342 436 399 SS.
461 333 584 396 Timoth.
600 342 628 394 et
650 333 743 421 Apoll.
760 355 766 395 :
800 363 809 389 ‹
826 340 856 395 ln
871 341 1012 396 territorio
1026 344 1051 402 Α
1065 357 1116 412 pos
1130 347 1313 408 consecratus,
1334 340 1420 397 totins
1433 334 1540 411 Angliae
1559 337 1687 394 ecclesias
1699 338 1830 410 exemplo
1840 346 1868 395 et

208 416 367 490 Lingonico
382 412 516 478 ciuitatis,
539 419 706 467 monasterio
725 410 859 483 segestro,
875 412 1011 484 depositio

208 488 296 547 sancti
311 483 417 558 Sigonii
434 482 578 556 presbiteri
591 490 619 538 et
634 482 773 538 monachi.
791 508 800 532 ι

245 558 340 617 Editio
354 554 543 612 busaeo-Coi.
557 554 585 608 in
600 554 689 610 trihus
705 553 801 626 primis
812 555 867 611 lere
881 571 949 626 pura
958 563 1008 622 est,

207 628 307 688 deinde
322 627 436 685 subdit:
462 625 623 693 «Treueris,
639 625 728 681 sancti
745 626 832 681 Mileti
846 628 967 700 episcopi
983 633 1009 682 et

207 700 382 759 confessoris.
399 697 510 764 Methis,
528 698 615 754 sancti
631 696 739 752 Goerici
762 697 882 769 episcopi
898 705 924 753 et
937 714 1009 754 con-

207 773 329 829 lessoris.
345 771 375 827 ln
393 769 535 825 territorio
551 767 708 840 Lingonicus
722 768 855 835 ciuitatis,
871 769 1009 840 depositio

207 844 296 900 sancti
305 841 423 914 Sequani
434 840 551 907 abbatis,
564 839 813 912 plurimaejustitiie
844 841 1002 913 resbytcri.»

207 917 247 972 De
267 913 417 970 Eustachio
443 911 608 979 Turonensi,
629 919 661 967 ut
680 928 712 967 su
733 928 772 967 ra.
796 857 927 968 «Eodem
951 911 1006 981 die,

207 986 295 1042 sancti
319 985 438 1040 Zenonis
458 983 599 1054 martyris.
623 984 684 1054 Ipso
709 928 764 1050 duic,
782 984 1007 1040 commemoratio

206 1057 295 1114 sancti
318 1055 435 1113 Materni
460 1054 660 1127 archiepiscopi
689 1062 716 1110 et
736 1055 911 1124 confessoris,
934 1055 1006 1128 apud

206 1129 266 1185 Tun
286 1128 389 1184 crim.»

242 1146 340 1255 Dngiim
364 1197 453 1270 prima
479 1195 575 1264 editio,
592 1195 746 1267 penultimo
770 1198 831 1253 loco
852 1196 1004 1267 interjicit:

204 1249 222 1320 ἰ
238 1269 366 1336 Turonis,
383 1266 528 1348 Eustachii
543 1266 675 1340 episcopi,
692 1283 853 1348 magnarum
868 1268 1005 1323 uirtutum

205 1341 269 1397 uiri.
287 1366 297 1390 ι
319 1342 412 1396 Altera
427 1340 512 1395 editio
523 1339 553 1394 iii
568 1338 623 1394 fine
637 1338 727 1397 adhuc
737 1339 894 1412 subiungit:
918 1341 1005 1395 «item

204 1412 326 1470 Genonis
341 1411 482 1482 martyris.
499 1435 509 1460 ι
793 1446 799 1462 i

240 1484 387 1540 Genuum:
412 1482 616 1551 «Alexandria,
632 1488 790 1539 sanctorum
804 1480 949 1548 Demetrii,
960 1480 1004 1535 Ni-

1065 412 1190 468 doctrina
1205 414 1321 484 replens,
1338 413 1436 482 plenus
1457 410 1563 466 dierum
1591 409 1698 481 quieuit
1712 408 1741 464 in
1757 425 1834 481 pace.
1852 435 1862 458 .

1065 483 1129 540 Vita
1142 493 1232 539 exstat
1246 483 1318 554 apud
1328 483 1450 538 Surium.
1470 506 1479 528 ‹
1493 480 1574 552 Turgi
1585 480 1705 554 episcopi
1716 487 1743 536 et
1752 481 1868 537 conlcs-

1065 556 1143 610 soris.
1159 554 1242 624 Eligii
1257 554 1377 625 episcopi
1389 563 1417 609 et
1430 553 1604 609 contessoris.
1622 551 1704 623 Apud
1717 552 1865 623 Tungrim,

1064 627 1290 706 commemoratio
1313 627 1399 682 sancti
1424 625 1540 681 Materni
1564 624 1685 697 episcopi
1700 631 1728 679 et
1751 623 1868 681 contes-

1064 714 1142 753 soris.
1159 721 1167 743 ι

1099 770 1198 825 Morari
1222 785 1228 822 :
1245 768 1389 836 «Turonis,
1397 767 1485 823 sancti
1499 766 1641 823 Eustachii
1652 767 1746 838 episco
1766 766 1787 833 i,
1800 783 1868 823 ms-

1064 856 1176 911 gnarum
1186 839 1320 895 uirtutum
1334 839 1397 895 uiri.
1407 838 1542 906 Treberis,
1551 838 1638 894 sancti
1648 838 1736 894 Meliti
1748 781 1866 922 illitati]

1062 911 1192 984 episcopi.
1219 912 1249 966 Iii
1275 912 1384 983 cinglio,
1401 911 1473 966 beati
1498 910 1634 965 Theodori
1658 909 1863 983 archiepiscopi

1063 982 1268 1040 Cantuariensis
1278 981 1487 1038 etconiessoris.
1497 981 1548 1036 Mic
1557 989 1637 1037 natus
1646 981 1762 1048 Tharso,
1774 1007 1784 1028 »
1798 989 1843 1038 eto
1857 1026 1864 1052 ,

1061 1055 1226 1111 uthsuiiri.
1243 1053 1297 1109 nisi
1307 1053 1380 1125 quod
1395 1053 1424 1108 iu
1437 1053 1492 1108 iiiio
1501 1053 1637 1108 addatur:
1659 1052 1782 1109 «Scribit
1791 1053 1865 1110 Reda

1061 1125 1112 1181 lib.
1128 1143 1156 1180 iu
1169 1126 1270 1181 ilistor.
1287 1125 1408 1198 Anglic,
1419 1141 1443 1181 c.
1458 1125 1470 1179 1
1486 1131 1514 1180 et
1528 1123 1554 1189 2,
1571 1132 1599 1179 et
1614 1124 1664 1181 lib.
1681 1140 1710 1190 u,
1725 1141 1751 1180 c.
1761 1124 1790 1181 8.
1802 1125 1867 1181 Me·

1061 1197 1109 1262 tis,
1122 1197 1210 1252 sancti
1221 1196 1329 1253 Goerici
1344 1196 1463 1268 episcopi
1475 1203 1501 1251 et
1511 1195 1684 1265 confessoris,
1694 1195 1743 1278 qui
1755 1212 1866 1268 cogno-

1061 1278 1154 1324 mento
1168 1269 1257 1340 Appo,
1273 1268 1338 1323 uitae
1353 1267 1497 1323 sanctitate
1510 1268 1563 1322 luit
1577 1267 1752 1324 admirabilis
1760 1277 1789 1324 et
1799 1285 1865 1323 oni-

1061 1340 1144 1395 nibus
1157 1339 1209 1394 sibi
1223 1339 1379 1395 commissis
1393 1337 1528 1395 amabilis.
1545 1363 1555 1386 ι
1577 1338 1723 1395 Editiones
1737 1339 1813 1406 aliae,
1828 1339 1864 1396 de

1059 1410 1164 1478 Mileto,
1185 1418 1216 1465 ut
1231 1427 1322 1482 supra.
1340 1411 1486 1483 Sequitur:
1512 1411 1664 1466 «Messanae
1679 1410 1709 1465 in
1728 1409 1865 1468 1111οὸ1-

1059 1483 1133 1549 culo,
1150 1489 1308 1538 sanctorum
1323 1481 1453 1538 Nicandri
1468 1481 1574 1538 abbatis
1588 1488 1616 1538 et
1630 1481 1782 1551 sodalium,
1798 1481 1863 1538 Gre-

204 1555 257 1612 ceti
267 1564 295 1612 et
304 1553 434 1612 Castoris.
449 1553 517 1610 ltem
529 1553 648 1610 Zenonis
662 1552 802 1627 martyris.
815 1552 906 1620 Metis,
917 1551 1005 1608 sancti
1060 1555 1141 1625 gorii,
1156 1553 1240 1621 Petri,
1252 1555 1384 1610 Demetrii
1399 1560 1425 1608 et
1441 1553 1592 1609 Elisabeth.
1610 1554 1663 1622 Qui
1678 1553 1731 1610 suli
1741 1552 1862 1626 quodam

204 1625 323 1693 Goerici,
351 1624 472 1698 episcopi
501 1633 529 1681 et
549 1627 724 1682 confessoris.
755 1623 891 1692 Treueris,
918 1622 1003 1679 sancti
1059 1642 1142 1697 specu
1156 1624 1274 1681 solitarii
1289 1625 1394 1691 virere,
1411 1625 1542 1691 inediam,
1557 1623 1644 1693 sitim,
1660 1635 1760 1681 asiam
1775 1632 1804 1681 et
1817 1626 1863 1682 al-

100 1721 106 1736 ¹
203 1698 290 1755 Mileti
305 1697 426 1769 episcopi
437 1704 465 1751 et
476 1697 651 1753 confessoris.
662 1696 791 1763 Turonis,
802 1695 891 1751 sancti
906 1695 1002 1750 Eusta·
1018 1705 1041 1764 Β
1057 1712 1149 1768 gorem
1176 1713 1225 1769 pro
1247 1696 1357 1754 Christo
1378 1697 1536 1762 tolerantes,
1554 1696 1601 1752 ubi
1617 1696 1721 1769 pariter
1743 1695 1776 1752 in
1798 1712 1863 1769 pace

96 2205 98 2208 ’
202 2196 276 2255 lianc
291 2212 359 2272 papa
371 2198 602 2268 Doruueruensis,
618 2213 667 2255 seu
677 2195 883 2256 Cantuariensis
897 2193 1000 2267 episco-

202 1769 259 1826 chii
280 1768 401 1840 episcopi
424 1775 452 1823 et
477 1769 663 1848 confessoris,
676 1782 837 1895 magnarum
863 1766 1000 1846 uirtutum
1059 1767 1261 1894 quieverunt·
1284 1769 1323 1823 Do
1339 1767 1500 1834 Eustachio,
1518 1774 1549 1823 ut
1567 1784 1659 1841 supra.
1677 1768 1770 1825 Tum:
1793 1767 1864 1825 «oia

202 1841 269 1898 viri.
281 1841 313 1896 11
322 1839 430 1911 Anglia,
444 1838 517 1895 beati
528 1840 664 1896 Theodori
675 1854 720 1896 aro
742 1839 874 1911 iopiscopi
884 1836 1000 1894 Cantus·
1079 1855 1167 1895 ecima
1181 1855 1264 1907 nona,
1278 1848 1435 1895 sanctorum
1450 1846 1608 1911 iiiaityrum-
1619 1838 1776 1911 Trophimi,
1788 1838 1862 1896 Sah-

204 1912 303 1968 riensis
312 1919 340 1968 et
354 1911 530 1969 contessoris.
546 1913 597 1968 Mic
608 1912 689 1982 (teste
702 1910 785 1978 Dede,
798 1909 847 1965 lib.
864 1909 904 1980 iu)
920 1915 1001 1964 natus
1058 1910 1127 1966 batii
1137 1919 1164 1966 et
1176 1910 1400 1983 Dorymedontis.
1411 1909 1530 1968 Ciuitate
1544 1910 1730 1979 Metis,sancti
1739 1910 1861 1979 Goerici,

202 1983 285 2039 Tarso
301 1982 415 2048 Ciliciae,
433 1982 529 2038 diuina
549 1991 576 2039 et
595 1982 716 2039 humana
730 1982 884 2037 litteratura
905 1979 1000 2035 Latine
1058 1981 1179 2062 episcopi
1194 1989 1221 2037 et
1235 1982 1410 2038 confessoris.
1428 1981 1480 2049 Qui
1498 1982 1562 2037 vitai
1577 1983 1722 2040 sanctitate
1736 1982 1861 2038 1111111-

202 2054 349 2127 Graeceque
364 2053 525 2122 instructus,
541 2053 634 2126 probis
648 2053 771 2110 moribus
785 2060 812 2108 et
825 2058 905 2107 atate
920 2067 1000 2107 uene·
1058 2053 1203 2121 mirabilis,
1229 2062 1256 2109 et
1282 2053 1412 2109 omnihus
1433 2051 1485 2108 sihi
1512 2054 1666 2111 commissis
1689 2052 1830 2111 amabilis.
1845 2079 1854 2102 ι

202 2126 314 2193 raudus,
331 2141 394 2182 cum
414 2133 484 2182 esset
500 2141 636 2182 annorum
655 2124 798 2197 sexaginta
811 2139 869 2192 sex,
885 2139 901 2178 a
916 2123 1000 2179 Vita·
1057 2124 1139 2205 Apud
1153 2124 1262 2184 Castell.
1286 2132 1418 2198 patronus
1432 2130 1473 2181 est
1492 2123 1694 2183 Canonicarum
1709 2124 1861 2199 Spilaneu-

1057 2212 1139 2252 sium.

326 2455 332 2467 .
1749 2404 1859 2466 neat.

200 2406 383 2570 XIllnlilaiiico,
403 2497 504 2557 natalis
523 2505 681 2555 sanctorum
696 2503 852 2570 martyrum
874 2494 981 2554 Fausta
1002 2494 1119 2569 uirginis
1134 2506 1161 2555 et
1175 2495 1303 2566 Euilasii,
1323 2494 1375 2554 suh
1396 2497 1568 2555 Maximiano
1584 2498 1762 2571 imperatore,
1776 2514 1859 2572 quiam

200 2586 273 2648 idem
292 2590 443 2658 Evilasius,
460 2606 522 2646 cum
546 2598 617 2646 esset
637 2591 743 2663 primus
760 2588 867 2661 palatii,
880 2586 964 2659 jussit
983 2588 1073 2660 primo
1088 2586 1274 2656 dehonestari,
1296 2587 1438 2659 suspendi,
1455 2588 1589 2661 torqueri,
1609 2588 1734 2662 aequasi
1752 2588 1858 2663 lignum

199 2680 285 2738 secari
300 2680 429 2748 mediam,
447 2681 494 2736 sed
510 2687 605 2753 postea
618 2680 732 2737 credens
747 2686 774 2735 et
789 2679 847 2751 ipse
862 2677 1015 2744 Christum,
1031 2676 1114 2733 simul
1128 2694 1191 2735 cuim
1202 2677 1302 2733 Fausta
1315 2675 1478 2749 agonizatus
1491 2683 1541 2733 est.
1572 2675 1693 2736 Ciuitate
1716 2677 1862 2749 Corduba,

200 2763 271 2826 beati
286 2768 395 2841 Eulogii
409 2769 577 2841 presbyteri,
592 2769 627 2825 oh
642 2766 746 2827 Christi
764 2768 928 2840 martyrium
945 2765 1085 2823 decollati.
1102 2767 1133 2822 ln
1147 2765 1269 2839 Phrigia,
1286 2773 1445 2825 sanctorum
1460 2767 1588 2842 Dionysii
1604 2777 1632 2827 et
1646 2768 1766 2827 Privati.

967 2900 1084 2961 NDTAE.

235 3002 293 3061 Soli
308 2999 370 3076 puri
386 3010 450 3059 sunt
463 3002 585 3073 Proteo,
601 3001 835 3074 airaon-iiij,
850 3002 984 3064 Morierot.
994 3009 1020 3058 et
1035 3002 1138 3063 Melon.

233 3145 244 3178 ¹·
259 3137 418 3198 Carolinum
433 3136 632 3209 autographum
646 3131 762 3209 primam
778 3134 851 3192 inter
864 3143 892 3192 et
902 3151 996 3194 seciiii-
1013 3137 1034 3197 G
1050 3136 1144 3193 chium
1156 3138 1333 3197 esuocodice
1343 3141 1511 3214 expunxerit
1523 3138 1584 3199 :sed
1595 3138 1675 3199 ualde
1686 3140 1855 3219 mirorquod

198 3211 260 3268 dam
275 3209 515 3267 annuntiationem
524 3208 583 3265 haec
593 3208 747 3264 interserit:
761 3209 827 3264 iterii
837 3209 995 3280 tenporibus
1050 3225 1170 3281 unquam
1183 3209 1329 3268 admittere
1339 3213 1469 3284 potuerit.
1485 3215 1525 3270 De
1536 3213 1652 3285 Eulogio
1668 3213 1853 3285 Cordubensi,

196 3279 315 3340 Adriani
325 3282 504 3353 imperatoris,
512 3280 604 3352 passio
614 3280 748 3335 bealorum
757 3281 896 3335 Eustachii
904 3297 994 3351 coquo·
1050 3280 1173 3352 quodie,
1190 3280 1243 3338 hoc
1257 3298 1302 3339 eu.
1319 3301 1339 3339 ii
1353 3284 1445 3340 Martii
1462 3285 1588 3357 martyrii
1621 3286 1725 3342 almam
1741 3303 1854 3344 assecu-

196 3360 280 3411 meiito
295 3354 401 3410 Placidi
415 3359 440 3409 et
464 3352 557 3408 uxoris
576 3351 633 3421 ejus
651 3349 785 3423 Theospi's,
804 3369 918 3421 quorum
932 3352 996 3408 uii'ri
1049 3360 1094 3407 tus
1108 3352 1202 3420 luerit,
1222 3370 1318 3427 magna
1328 3357 1516 3412 controuersia
1529 3365 1579 3412 est.
1600 3302 1757 3414 &suardum
1773 3360 1852 3415 Eulo-

195 3433 270 3483 octus
285 3428 416 3507 loquutur.
438 3426 493 3482 Nec
507 3423 620 3505 uerbum
636 3422 768 3505 habetde
788 3421 905 3505 Eulogio
921 3423 994 3505 Cor·
1050 3422 1251 3551 fioaequalem,
1269 3427 1396 3499 martyrii
1411 3444 1493 3500 prope
1508 3429 1646 3485 oculatum
1662 3437 1773 3499 testem,
1790 3429 1854 3486 hal-

195 3493 322 3554 dubensi.
339 3497 442 3552 Tamen
457 3496 646 3551 Heriniensem
662 3494 801 3561 Codicem‚
815 3511 862 3566 qui
879 3512 995 3567 purissi·
1061 3504 1202 3551 uciuatum
1224 3497 1309 3555 luisse
1324 3515 1379 3555 non
1394 3506 1435 3555 est
1449 3499 1591 3556 credibile.
1608 3498 1720 3556 Scllorii
1735 3509 1851 3558 senten-

195 3586 257 3625 mus
271 3577 338 3635 orat,
350 3567 456 3624 hoodie
471 3566 574 3636 respuit
589 3566 730 3621 Sollerius.
744 3567 817 3636 Rogo
828 3560 995 3637 qhacausai
1049 3567 1115 3621 tiam
1131 3571 1283 3640 amplector
1308 3578 1334 3625 et
1349 3570 1435 3643 ipsius
1450 3571 1541 3627 uerbis
1563 3570 1684 3628 declaro.
1699 3573 1770 3632 Mihi
1787 3579 1852 3628 certe

215 3647 314 3695 uatuor
327 3655 422 3693 versus
443 3637 580 3692 obliterati
597 3643 675 3691 orant
689 3637 718 3690 iii
733 3637 857 3691 Pratensi
873 3635 974 3693 Codice
986 3656 993 3705 ;
1049 3638 1158 3693 dubium
1171 3658 1224 3696 oon
1235 3648 1282 3709 est,
1298 3643 1363 3713 quin
1380 3642 1516 3698 Usuordus
1530 3641 1643 3724 quiscre
1655 3644 1850 3702 111111ωο11-

195 3656 376 3775 heriniensis¹
393 3723 459 3762 suus
473 3707 605 3773 Achilles,
622 3705 745 3761 Pratensi
761 3707 939 3777 repugnabat.
951 3708 994 3763 An
1048 3709 1174 3766 dubeosio
1188 3713 1333 3768 ceitomiuo
1347 3714 1460 3769 intuitui
1476 3721 1522 3781 est,
1538 3720 1667 3770 reticuere
1678 3731 1733 3787 pro
1748 3733 1777 3772 eo
1792 3723 1852 3772 tciri·

194 3778 344 3862 quidquam
358 3776 435 3833 aliud
449 3777 515 3832 alibi
531 3793 618 3833 causae
632 3776 696 3840 luit,
711 3793 761 3832 cur
775 3777 932 3833 Pratensem
947 3795 996 3834 re-
1046 3796 1112 3852 pore
1126 3799 1233 3853 procem
1257 3784 1377 3839 habuerit
1397 3802 1445 3840 cur
1467 3786 1610 3858 Eulopiiim
1633 3787 1680 3843 boc
1696 3787 1741 3843 die
1763 3789 1850 3860 potius

191 3849 314 3924 jiceretl
329 3849 465 3907 Ceterum
481 3864 537 3905 non
555 3847 641 3904 miror
655 3848 729 3921 qood
744 3848 883 3906 Usuardus
897 3851 994 3906 Eusta·
1048 3869 1128 3923 quem
1143 3871 1172 3909 iii
1190 3856 1285 3916 Martii
1299 3858 1449 3914 collocaret.
1468 3857 1635 3915 Deoniana.

806 3970 1008 4030 VARIANTES
1026 3973 1232 4034 LECTIONES.

231 4079 563 4145 Ciziooscribuntomnes,
575 4073 815 4157 eiiceptoMolano,
825 4076 873 4150 qui
884 4078 990 4155 *Cyzico
1047 4079 1299 4153 phrasimlimauit,
1312 4081 1409 4140 saltem
1421 4083 1550 4154 mutauit,
1563 4083 1616 4144 hoc
1626 4084 1709 4144 modo
1723 4088 1849 4161 :Eulogii

193 4153 242 4212 sed
256 4152 372 4227 pessimo
386 4152 492 4208 Antuer
514 4149 585 4204 .-Ma
600 4192 605 4204 .
624 4149 698 4205 Crito
712 4149 756 4230 vel
770 4150 858 4205 Erite.
874 4149 992 4207 Videtur
1042 4153 1184 4223 presbiteri
1196 4171 1246 4236 pro
1261 4155 1361 4211 Christi
1370 4159 1598 4229 amoreiiiortgrio
1609 4160 1735 4217 louieoti.
1745 4161 1849 4219 Deinde

193 4225 319 4284 Molanus
345 4165 645 4307 uoluisseilsuariiuin
667 4237 814 4304 corrigere,
843 4219 909 4304 dum
939 4239 989 4304 pro
1044 4238 1094 4294 pro
1104 4225 1229 4306 Diuique,
1249 4233 1281 4282 ut
1305 4227 1407 4299 passim
1423 4229 1530 4286 codices
1544 4229 1680 4300 scribunt,
1693 4233 1798 4304 posuit,
1815 4233 1848 4289 11

192 4298 298 4354 medeci
309 4302 333 4352 et
346 4312 401 4368 ipsc
414 4294 560 4361 Christum,
575 4293 639 4365 legit
647 4293 751 4375 eredens
767 4299 791 4348 et
805 4310 858 4365 igue
873 4311 900 4349 ui
914 4295 989 4350 Chri·
1042 4294 1149 4364 Africo.
1165 4295 1256 4354 Molan
1270 4306 1342 4355 recte
1358 4298 1440 4357 hahet
1454 4302 1584 4373 Pirpqio,
1599 4303 1736 4359 Munerat.
1745 4311 1773 4360 et
1786 4303 1847 4374 alii,

191 4377 271 4436 itum,
294 4368 348 4424 nisi
372 4368 411 4424 ita
432 4364 588 4421 aGreueno
603 4381 665 4422 acce
702 4371 748 4420 rit.
772 4365 907 4422 Munerat.
923 4373 988 4422 ante
1043 4366 1143 4438 Fripio.
1163 4369 1215 4426 Sed
1230 4369 1264 4426 de
1278 4369 1331 4427 hoc
1353 4370 1420 4428 alibi
1441 4371 1518 4438 satis,
1532 4372 1598 4428 dum
1613 4390 1677 4433 cum
1699 4375 1845 4434 codicibus

189 4449 349 4514 martyrum,
365 4437 460 4496 omisit
475 4436 585 4496 Chiisti.
605 4440 643 4495 At
682 4437 878 4510 niumm-Mai.
901 4446 988 4494 totam
1042 4437 1125 4495 aliam
1140 4440 1278 4500 scribendi
1291 4458 1416 4501 normam
1431 4460 1526 4503 sumus
1539 4445 1637 4504 secuti.

842 4562 1143 4625 OBSERVATIONES.

225 4665 318 4721 Prima
327 4664 479 4737 primcmm
491 4662 574 4734 hujus
586 4662 710 4721 laterculi
724 4671 877 4737 martyrum
887 4681 989 4723 memo·
1003 4668 1027 4727 D
1043 4665 1138 4722 eodem
1154 4664 1457 4739 spectantihiisuotauit
1464 4666 1608 4739 Batonius,
1623 4675 1650 4728 ct
1665 4668 1700 4727 de
1714 4665 1843 4745 diuscule,

189 4735 241 4804 ria,
265 4735 489 4815 hieronymianis
512 4736 614 4815 ignota,
629 4735 703 4808 apud
724 4735 825 4791 Dedam
841 4737 986 4809 reperitur,
1042 4738 1088 4794 Mo
1107 4740 1181 4794 horte
1194 4741 1238 4795 uel
1259 4741 1388 4809 Mauorte,
1404 4741 1533 4799 muliebri
1556 4743 1654 4814 capitis
1669 4752 1696 4800 te
1715 4754 1843 4813 umento,

189 4807 238 4864 uhi
253 4805 466 4887 exlongioribus
476 4805 553 4886 dctis
563 4807 698 4887 nonnulla
712 4806 839 4878 decerpta
851 4806 985 4889 inuenies,
1041 4755 1166 4866 Moiiinus
1186 4810 1216 4866 in
1257 4812 1327 4867 rima
1341 4812 1458 4870 Usuardi
1477 4814 1610 4871 editione.
1625 4761 1845 4874 wirinharius

189 4893 250 4954 qua
260 4876 367 4934 creditu
382 4874 507 4933 difficilia
520 4892 575 4932 non
587 4886 726 4933 immerito
736 4886 897 4949 pronuntiat
907 4879 987 4935 Tille·
1040 4880 1207 4937 solcshodio
1247 4885 1616 4942 austametEuilasiumita
1630 4896 1790 4945 memorat:

188 4950 312 5008 montius
327 4959 402 5005 torno
412 4947 447 5016 V,
464 4964 523 5021 pag.
539 4947 590 5004 160
603 4955 630 5004 et
647 4948 708 5016 161,
719 4955 899 5021 praeterquam
913 4950 988 5077 qued
1073 4952 1203 5017 virgoque
1215 4955 1355 5005 bissenum
1371 4956 1466 5006 Fausta
1478 4967 1555 5021 atque
1567 4957 1696 5008 Evilasiuu
1708 4968 1812 5011 ornauit.

186 5018 987 5173 111111111111111111111
1075 5052 1114 5108 ie
1128 5053 1253 5126 iou
1268 5054 1448 5113 ...mi
1463 5056 1846 5135 i....i....,...i,.....

188 5165 277 5222 lorum
294 5164 461 5222 sacerdotem
476 5163 552 5245 facit,
568 5179 672 5245 narrari
688 5163 913 5246 uideantunSed
928 5165 987 5223 hac
1039 5178 1171 5242 martyre,
1183 5171 1230 5244 qui
1247 5171 1363 5228 intextu
1378 5181 1473 5231 nostro
1488 5178 1632 5247 proximus
1647 5183 1699 5246 est,
1714 5178 1844 5236 solusin·

188 5251 238 5293 nos
252 5237 363 5308 proprio
386 5236 447 5292 loco
461 5235 692 5317 examinabimus.
709 5236 764 5318 llic¹
774 5252 910 5307 praectpue
929 5254 985 5294 no-
1039 5247 1081 5296 ter
1095 5243 1224 5315 antiquos
1236 5244 1521 5316 loquiturUsuardus,
1536 5264 1617 5321 quem
1628 5265 1664 5305 eit
1679 5251 1843 5308 recentiori·

186 5306 301 5362 tandum
317 5307 428 5390 Rabirio
443 5307 580 5390 ⁰‘.Ad9¹¹.¹
596 5314 635 5362 ita
649 5308 809 5390 praeluxisse
826 5309 938 5379 Bedam,
955 5318 986 5366 ut
1038 5311 1090 5368 bus
1114 5314 1186 5369 inter
1212 5315 1280 5370 alios
1303 5318 1389 5372 secuti
1413 5326 1478 5374 sunt
1500 5320 1687 5392 Maurolycus,
1708 5322 1843 5393 Eelicius,

187 5384 272 5433 totam
288 5378 370 5449 hujus
380 5379 574 5435 historiamilli
587 5387 807 5451 transcripserint
832 5381 985 5439 Romanuin
1039 5385 1213 5454 Galesinius3
1230 5385 1278 5442 sed
1293 5404 1355 5443 cum
1371 5389 1418 5445 hic
1431 5393 1568 5448 notaverit
1582 5411 1600 5449 u
1615 5393 1680 5450 idus
1693 5395 1844 5451 Mortiiee·

187 5463 303 5575 paruum
318 5451 411 5520 paucis
430 5450 514 5532 legit:
541 5452 572 5506 lii
591 5451 696 5532 Cyzico,
719 5453 824 5507 Fausto
837 5453 948 5523 cirpiiiis
962 5460 986 5508 et
1038 5457 1096 5510 curi
1104 5474 1267 5527 percussum,
1279 5458 1365 5515 illuci
1387 5477 1446 5516 sum
1459 5463 1654 5520 retrahendum
1669 5467 1781 5522 censuit
1793 5467 1844 5525 Ba·

201 5520 313 5600 Uulcati.
325 5520 430 5602 Noster,
446 5538 504 5577 siue
518 5523 652 5589 Adonem,
663 5539 721 5579 siue
736 5523 836 5579 Dodam
848 5540 902 5595 prae
917 5542 985 5581 ocu·
1038 5528 1144 5595 roiiius,
1157 5529 1266 5584 tametsi
1277 5529 1349 5586 ideiii
1361 5477 1517 5591 galesinius
1526 5544 1627 5591 asserat
1639 5555 1645 5592 :
1658 5537 1845 5594 llodieriiedie

188 5592 222 5672 lis
237 5586 373 5659 habuerit,
389 5600 427 5647 ita
437 5593 555 5666 elogium
572 5595 712 5663 iorinauit,
723 5603 754 5650 ut
769 5595 797 5650 in
813 5603 892 5651 textu
904 5605 984 5656 retu·
1038 5598 1669 5679 111111111111111111111111111111111111111111
1679 5609 1844 5665 Corduben-

187 5661 281 5744 limus,
293 5676 347 5716 non
363 5670 393 5717 ut
404 5663 623 5722 habentcodices
639 5666 735 5722 mediae
750 5676 831 5734 note,
845 5668 984 5740 inquibus
1038 5671 1074 5724 sis
1088 5688 1171 5727 usu...
1187 5673 1324 5730 celebrari.
1339 5677 1375 5731 At
1385 5675 1443 5733 haec
1458 5678 1487 5733 in
1503 5682 1578 5745 Actis
1589 5678 1692 5737 nostris
1707 5697 1737 5737 xi
1748 5680 1844 5739 Martii

186 5734 252 5790 licet
264 5731 359 5789 eadem
370 5733 533 5805 referantur,
546 5737 653 5810 phrasis
665 5746 757 5795 tamen
772 5738 918 5795 immutata
932 5748 982 5796 est.
1038 5741 1193 5799 Coniment.
1210 5745 1323 5816 praeuio,
1335 5747 1349 5817 1
1362 5749 1386 5815 1,
1397 5765 1431 5804 ex
1441 5748 1559 5808 Scholiis
1572 5752 1714 5808 Ambrosii
1727 5753 1846 5811 Moralis

185 5805 257 5875 Vide
270 5821 331 5884 que
345 5803 380 5864 de
395 5803 506 5881 cyzico,
530 5806 565 5864 de
578 5808 718 5882 uirginum
737 5809 866 5868 tonsione
881 5820 909 5869 et
920 5811 985 5869 aliis
1037 5812 1251 5888 redarguuntur.
1270 5818 1352 5877 ilecto
1365 5835 1401 5876 an
1424 5837 1512 5894 secus,
1529 5823 1614 5892 lector
1628 5831 1745 5898 suinai,
1768 5822 1845 5885 milii
