3834 6136
124 178 181 238 isa

799 173 952 231 USUARDI
968 172 1130 231 MONACHI

1738 167 1792 234 {BA

164 306 322 365 Csnruuss.
337 306 405 360 :‹ln
414 302 568 368 Britannia,
578 301 665 358 sancti
679 300 780 356 Albani
790 307 930 372 martyris.
946 301 971 359 A
1022 300 1121 355 Ennio
1136 296 1344 354 laesero-Cos.
1362 297 1390 352 in
1411 303 1491 352 textu
1514 292 1621 349 modice
1644 292 1793 348 immutata

128 378 211 452 Apud
232 378 328 434 Nolani
350 376 415 434 Cam
437 374 518 442 aniae,
538 373 627 428 sancti
642 373 751 428 Paulini
767 372 888 444 episcopi
903 379 930 426 et

129 449 304 515 confessoris,
329 447 376 520 qui
396 392 500 503 Cesisti
521 443 634 501 Domini
654 443 769 514 uestigia
787 451 929 510 executus,

129 521 307 591 semetipsum
317 516 435 599 profilia
445 516 536 572 viduas
548 515 576 570 in
586 514 748 571 servitutem
760 514 885 582 tradidit,
893 522 929 577 et,

129 591 250 649 Domino
270 588 324 645 sibi
343 596 516 660 cooperante,
537 587 571 642 ad
592 586 746 642 libertatem
767 587 869 640 multos
891 602 931 640 re·

130 661 221 719 duxit.
233 663 295 733 lpso
305 660 361 726 die,
373 659 446 715 beati
454 659 544 715 Nicen
556 658 724 715 Romatianae
735 656 857 713 civitatis
867 656 931 728 epi-

131 749 453 875 sc(Dpsuxssiisn.incipit
461 801 595 858 dedecem
605 799 740 866 millibus,
750 796 932 880 omissaldnn·

130 881 209 933 taxat
218 876 343 930 oratione
355 875 426 943 lusa,
436 882 501 940 etc,
513 890 595 945 quarn
608 871 668 926 dixi
678 886 736 926 esse
746 870 933 926 fabulositatis

131 953 237 1002 notam.
254 946 402 1018 Sequitur:
424 968 433 991 ι
453 943 644 1014 ierosolymis,
666 942 757 997 natale
773 951 931 997 sanctorum

132 1025 287 1090 martyrum
298 1033 449 1073 ccccaxxx.
465 1040 474 1060 ι
493 1016 562 1086 Lege
574 1030 746 1082 ucoocaxxx,
758 1012 857 1068 etvide
872 1029 932 1085 qnai

132 1088 166 1145 de
182 1086 217 1144 iis
238 1088 369 1144 dicuntur
389 1089 416 1142 in
433 1086 521 1142 Actis,
545 1111 553 1132 .
567 1087 629 1156 Ipso
643 1085 699 1151 die,
716 1085 810 1166 natale
823 1084 933 1165 Marty-

132 1176 194 1214 rum
206 1176 406 1217 ucccouxxxix.
418 1182 427 1204 ·
445 1158 516 1213 Vide
527 1159 610 1213 etiam
621 1157 650 1210 in
661 1156 748 1212 Actis.
767 1157 815 1211 ilii
828 1156 933 1210 Britan·

132 1230 198 1297 niis,
210 1230 300 1285 natale
311 1231 398 1286 sancti
409 1229 521 1294 Albani,
532 1235 615 1295 neto,
628 1243 689 1282 cuin
701 1228 744 1281 elo
762 1225 790 1284 io
803 1225 888 1281 ferme
898 1241 934 1280 ex

114 1294 206 1357 ‘beda
227 1300 375 1373 descripto,
399 1300 473 1373 quod
496 1299 581 1354 hahes
600 1299 628 1352 iri
648 1298 734 1353 Actis.
777 1297 932 1363 ePanlino,

133 1371 227 1428 verbis
249 1379 342 1427 textus
360 1370 473 1442 adjicit:
498 1394 507 1417 ι
522 1369 575 1424 Sed
597 1370 733 1440 praecipue
748 1384 782 1421 ex
798 1384 840 1433 eo,
879 1367 935 1422 nod

134 1441 200 1499 dum
213 1459 264 1514 pro
275 1442 383 1514 captivo
393 1443 452 1497 filio
463 1440 564 1507 vidue,
577 1456 606 1494 se
616 1439 815 1518 inaequitatem
825 1437 875 1493 har
894 1437 935 1492 ari

134 1512 261 1582 subjecit,
278 1529 374 1569 omnes
387 1511 512 1584 captivos
521 1527 577 1566 suas
587 1509 665 1564 urbis
676 1509 759 1564 libere
775 1509 887 1578 recepit.
899 1509 935 1564 Et

135 1583 273 1654 depositio
295 1583 367 1639 beati
387 1584 486 1650 Niceae,
497 1589 549 1637 ete.
567 1583 633 1637 ltein
649 1579 742 1635 Jacobi
758 1579 857 1651 Alphei
873 1595 935 1651 apo·

986 374 1078 427 estin
1094 371 1164 426 line:
1188 368 1376 425 «Monasterio
1390 367 1533 433 Cluuiam,
1549 371 1649 422 sancta
1661 363 1791 421 Consor—

984 443 1030 498 tin
1044 442 1171 513 virginis.
1182 440 1262 513 Apud
1273 438 1482 506 Alexandriam,
1499 438 1528 493 in
1544 443 1637 492 monte
1650 435 1697 491 cui
1710 451 1792 491 voca·

986 523 1031 570 tur
1041 513 1190 579 Aramth,›
1205 521 1270 579 etc,
1280 528 1343 566 cuin
1359 513 1395 566 ali
1416 528 1452 566 no
1464 511 1597 565 Actorum
1611 505 1791 578 compendio.

986 584 1057 642 Vide
1072 585 1164 656 potius
1178 584 1247 639 Acta
1261 583 1329 654 ipsa,
1346 584 1389 638 vel
1430 598 1533 637 nevas.

1021 656 1130 722 Dinnis,
1145 654 1226 710 tertio
1242 655 1320 709 loco:
1344 677 1353 700 i
1368 653 1450 722 Apud
1466 649 1675 717 Alexandriam,
1691 672 1700 694 ·
1722 656 1791 717 etc,

993 751 1002 775 ι
1017 744 1045 782 x.
1063 727 1132 781 mill.
1147 724 1354 782 crucifixorum.
1368 723 1472 779 Eodem
1483 723 1539 790 die,
1555 729 1656 777 sancte
1672 720 1794 778 Consor-

985 799 1031 853 tiae
1041 797 1189 869 virginis·
1206 796 1276 851 'lum
1287 796 1320 851 de
1338 796 1470 863 ‹Nicea›
1489 810 1570 867 quem
1586 794 1616 848 in
1632 794 1721 848 altera
1735 792 1795 848 edi-

986 870 1061 925 tione
1084 869 1230 924 «Forata»
1252 876 1341 934 vocat,
1358 883 1434 938 pure.
1451 866 1487 920 Et
1504 865 1561 921 ibi:
1586 889 1595 912 ι
1614 865 1684 920 ltem
1700 862 1793 920 sancti

986 941 1082 996 Jacobi
1097 939 1195 1010 Alphei
1212 938 1339 1010 apostoli.
1360 962 1369 984 ι

1023 1012 1148 1068 Gnsvnu.
1164 1011 1326 1080 longiorem
1343 1009 1487 1064 historiam
1497 1006 1569 1063 texit
1578 1005 1612 1063 de
1628 1005 1794 1063 Crucilixis.

994 1107 1003 1130 ι
1019 1083 1099 1154 Apud
1116 1081 1311 1137 Alexandriam
1327 1081 1356 1135 in
1371 1088 1464 1135 monte
1479 1076 1608 1144 Araratb‚
1630 1085 1795 1133 sanctorum

988 1154 1081 1210 decem
1092 1154 1212 1209 millium
1224 1159 1387 1224 martyrum.
1403 1151 1456 1218 Qui
1471 1166 1566 1205 ornnes
1577 1166 1643 1204 cnm
1654 1148 1726 1205 duce
1741 1165 1795 1204 suo

987 1224 1096 1295 Agntio,
1122 1224 1173 1280 sub
1196 1223 1318 1279 Adriano
1340 1230 1368 1278 et
1390 1222 1534 1277 Antonino
1563 1219 1793 1346 imperatoribus,

988 1296 1115 1367 exemplo
1138 1294 1240 1353 Christi
1259 1294 1335 1362 torti,
1362 1300 1443 1366 atque
1466 1292 1495 1347 in
1520 1291 1637 1362 singnis
1660 1291 1794 1348 crucibus

988 1366 1112 1438 suspensi
1127 1374 1202 1422 sunt.
1219 1366 1342 1438 Cumque
1355 1366 1507 1421 orationem
1521 1362 1660 1419 fudissent
1672 1379 1723 1434 pro
1738 1361 1795 1417 de-

989 1445 1053 1493 vote
1094 1437 1229 1492 assionem
1254 1452 1330 1491 suam
1351 1435 1564 1502 celebrantibus,
1589 1435 1696 1490 animas
1721 1433 1796 1490 cislo

989 1454 1179 1564 reddiil’emnt.
1197 1509 1390 1580 Apparucrnnt
1413 1523 1479 1563 vero
1501 1505 1540 1561 ibi
1559 1505 1638 1578 signa
1654 1505 1713 1571 illa,
1729 1521 1794 1578 quae

988 1588 1111 1651 tempore
1126 1579 1260 1650 passionis
1274 1578 1376 1635 Christi
1396 1577 1456 1634 visa
1469 1577 1587 1633 luerent.
1604 1576 1674 1632 Nam
1690 1585 1795 1632 terrae-

134 1653 199 1711 stoli
221 1660 249 1708 et
272 1654 505 1736 ierosolymorum
530 1651 660 1725 episcopi.
684 1675 693 1699 ι
716 1649 860 1717 Quomodo
884 1651 973 1713 istaB
990 1660 1082 1707 motus
1095 1650 1184 1706 lectus
1199 1659 1239 1706 est
1254 1666 1378 1721 magnus,
1394 1657 1477 1721 petre
1492 1649 1583 1704 scissas
1597 1654 1674 1715 sunt,
1689 1647 1732 1704 sol
1747 1646 1794 1702 ob

134 1725 264 1796 componi
280 1733 396 1796 possint,
412 1724 476 1781 vide
489 1742 498 1779 1
513 1722 588 1779 Maii.

170 1796 352 1852 Haesuossn.
368 1796 397 1850 in
412 1795 525 1862 Albino,
542 1793 594 1865 ipsi
614 1793 696 1848 etiam
714 1792 821 1860 Albino,
856 1809 933 1860 urus,

134 1866 278 1922 historiam
286 1864 630 1937 captiuitatisPaulinianae
637 1807 934 1936 amplificatacgeinde

135 1938 245 2009 longam
268 1937 349 1991 aliam
365 1936 509 1992 historiam
525 1936 595 1991 texit
609 1935 643 1990 de
656 1934 751 1991 decem
766 1935 890 1991 millibus
906 1934 934 1989 in

135 2016 229 2063 monte
244 2007 371 2074 Ararath,
387 2023 422 2062 ex
446 2007 522 2063 Actis
546 2006 687 2072 fabulosis,
703 2022 763 2078 qiiae
778 2005 824 2062 hic
838 2005 935 2061 relerri

134 2093 191 2134 non
207 2084 336 2134 meretur.
353 2079 435 2134 Deest
449 2085 541 2133 antem
555 2077 730 2132 annuntiatio
745 2076 852 2133 ultima.

171 2148 317 2205 Viouonni.
338 2157 366 2204 et
380 2150 448 2205 Rue.
469 2150 550 2205 Sunc.
572 2148 623 2203 sub
645 2148 934 2214 nolanum.130,in

135 2219 209 2276 line:
232 2221 333 2287 «item,
344 2227 445 2276 sanctas
455 2219 606 2277 Consentiae
616 2218 748 2291 virginis3
765 2219 832 2275 item
847 2219 934 2274 sancti

135 2290 230 2347 Jacobi
252 2292 379 2362 apostoli,
404 2290 497 2347 fratris
525 2289 646 2357 loannis,
670 2291 717 2361 qui
742 2289 792 2344 sub
820 2289 935 2346 Herodis

133 2361 214 2434 jussu
227 2361 379 2418 decollatus
392 2369 465 2418 est.»
480 2361 588 2419 Colitur
598 2378 655 2417 xxv
663 2359 741 2416 lulli.
760 2385 770 2408 ‹
784 2361 851 2416 Item
867 2377 935 2416 san-

135 2441 245 2490 ctorum
257 2441 410 2505 martyrum
421 2449 561 2501 unoocvii,
573 2433 621 2506 qni
634 2431 751 2503 depositi
766 2439 831 2486 sunt
845 2431 874 2486 in
890 2432 934 2487 ba·

136 2502 272 2576 ptisterio,
284 2520 401 2576 quorum
414 2503 527 2560 nomina
536 2505 610 2559 Dens
624 2503 705 2559 habet
716 2503 742 2557 in
755 2502 825 2557 libro
840 2503 934 2557 visen·

137 2574 220 2630 tium.
238 2597 248 2622 ι
269 2576 312 2629 Αιι
328 2575 347 2630 ii
362 2576 430 2632 socii
446 2574 533 2632 sancti
547 2575 673 2630 Albani?

173 2646 620 2702 Maiaic.-cmrus.-Urmsiscs.:
631 2644 793 2712 «walfridi,
804 2645 937 2716 martyris

137 2716 167 2771 in
182 2715 303 2771 Frisiai
321 2714 428 2771 Colitur
438 2733 468 2771 iii
485 2715 650 2772 Decembris.
669 2740 678 2762 ·
692 2715 800 2770 Paulini
809 2715 936 2770 Nolensis

137 2786 259 2858 episcopi
274 2793 301 2840 et
315 2786 488 2842 confessoris.
510 2787 609 2842 Decem
628 2785 748 2840 millium
771 2793 934 2856 martyrum,

136 2857 184 2982 qui
200 2855 271 2927 passi
285 2863 349 2911 sunt
364 2858 415 2912 snb
428 2856 551 2912 Adriano
565 2864 592 2911 et
607 2856 750 2912 Anthonio
766 2855 935 2927 imperatori·

156 2942 199 2982 us.
215 2949 225 2974 ι

173 2998 240 3053 Rae.
257 2996 351 3064 Suae,
367 3014 445 3053 num.
462 2996 529 3054 428:
553 2999 640 3069 «Ipso
653 2995 707 3064 die,
725 2996 824 3052 natalis
843 2997 936 3054 decem
951 3003 973 3064 c
988 3001 1156 3073 benignitate
1170 3001 1199 3056 iii
1214 3000 1361 3067 studiosos,
1384 3017 1480 3057 verum

135 3066 257 3122 millium
271 3076 424 3140 martyrum
437 3084 493 3124 nno
508 3069 553 3124 die
567 3077 770 3124 coronatorum.
786 3091 795 3115 ι

172 3138 341 3194 Ucusssiari.
356 3139 385 3194 in
396 3139 464 3195 fine:
484 3165 492 3188 ι
504 3141 585 3211 Apud
596 3139 792 3196 Alexandriam
803 3140 831 3195 in
843 3147 935 3196 monte

136 3208 184 3289 qui
201 3218 333 3265 vocantur
347 3210 476 3277 Ararath,
492 3211 581 3284 passio
597 3219 750 3282 martyrum
765 3210 858 3267 decem
874 3212 935 3267 mil·

136 3279 217 3335 liniri.
234 3303 244 3328 i
266 3280 337 3336 Vide
351 3298 412 3353 quae
426 3283 550 3339 diximus
564 3281 597 3337 ad
616 3283 796 3339 Haosuorsu.

172 3352 329 3432 Aurasius:
354 3353 479 3408 «Eodem
495 3353 550 3421 ilie,
566 3355 653 3410 sancti
670 3353 762 3409 Aeacii
775 3370 837 3409 cum
853 3354 935 3411 sociis

135 3437 203 3478 suis.
224 3424 326 3494 Nempe
350 3440 449 3480 novem
473 3425 598 3481 millibus
617 3425 767 3496 nongentis
788 3426 936 3498 nonaginta

135 3508 246 3549 novem.
263 3518 273 3541 ι
294 3494 393 3566 Agitur
406 3495 440 3551 de
453 3496 550 3552 iisdem
565 3496 594 3552 in
608 3505 701 3552 monte
716 3496 845 3552 Ararath.

171 3565 358 3621 Emensus:
378 3590 387 3612 ι
402 3567 483 3637 Apud
497 3567 685 3635 Antiochiam,
697 3577 854 3623 sanctorum
865 3585 935 3623 mar·

135 3642 230 3706 tyrum
248 3635 426 3702 Canthalicae,
442 3637 544 3692 Iuliani
560 3644 586 3692 et
600 3637 655 3693 Gra
675 3637 695 3693 ti
711 3639 849 3708 uiartyris.
867 3641 935 3694 Item

135 3714 293 3761 sanctorum
310 3714 462 3779 martyrum
474 3708 566 3779 Ruphi
581 3715 608 3763 et
622 3655 717 3763 Albini
731 3724 794 3763 cum
809 3709 871 3764 aliis
886 3727 935 3764 nu·

135 3791 211 3831 mero
227 3778 373 3847 nongentis
388 3779 537 3849 nonaginta
560 3793 670 3834 nouem.
691 3802 701 3825 i
723 3778 794 3834 Vide
809 3779 839 3835 in
858 3781 936 3837 Actis

135 3844 195 3902 baec
208 3847 301 3903 omnia
314 3848 482 3906 distinctius.

171 3917 335 3975 Lucnuusri.
350 3919 378 3976 S.
397 3920 547 4002 Stephani:
571 3921 626 3976 «In
641 3921 780 3976 territorio
801 3923 934 3995 Aquensi,

135 3997 235 4045 sanctae
255 3991 400 4046 consortiae
421 3991 548 4064 virginis.
570 4016 580 4041 ι
601 3991 672 4048 Vide
686 3992 747 4047 cod.
764 4001 933 4065 sequentem.

170 4059 358 4117 Caunmcsnis
398 4062 532 4118 rioratus:
561 4087 570 4110 ι
591 4064 621 4118 ln
643 4063 782 4120 territorio
801 4065 934 4137 Aquensi,

135 4132 226 4186 natale
250 4078 526 4214 sancte-Consortiae
554 4134 681 4206 virginis,
711 4135 775 4191 filiae
803 4135 934 4192 Eucherii

134 4200 175 4255 bu
194 4200 326 4257 dunensis
340 4210 462 4260 civitatis
476 4205 567 4276 episco
588 4206 606 4261 i.
623 4233 632 4255 ›
651 4206 758 4261 Pluries
772 4207 898 4263 recurrit.

212 4288 293 4328 stass.
310 4273 356 4329 SS.
372 4273 509 4330 Timothei
524 4285 551 4332 et
565 4222 677 4348 Rpolla
702 4303 711 4325 ι
726 4279 757 4333 ln
773 4295 841 4350 pago
856 4279 935 4335 Odo-

989 1729 1115 1778 sonratus
1129 1729 1179 1777 est.
1195 1722 1282 1777 Erant
1296 1729 1387 1776 autem
1402 1719 1553 1777 nobiliores
1568 1719 1703 1775 intereos
1720 1718 1793 1774 iler-

989 1794 1096 1849 molans
1109 1793 1262 1919 episcopus,
1276 1791 1442 1859 Alexander,
1457 1791 1574 1859 blarcus,
1593 1789 1713 1858 Eliadis,
1728 1789 1792 1846 Dia·

989 1866 1117 1920 conarius
1144 1873 1171 1920 et
1220 1863 1363 1920 heodolus.
1393 1864 1462 1919 item
1489 1861 1677 1929 Alexandriae,
1703 1860 1792 1916 saneti

989 1935 1083 1993 Rulini
1103 1936 1242 2007 martyris.
1262 1934 1364 1990 iuliani
1386 1941 1414 1989 et
1432 1933 1548 1990 aliorum
1570 1933 1735 1988 multorum.
1761 1931 1792 1986 ln

990 2007 1078 2063 Frisia
1093 2006 1170 2061 'uxta
1190 2006 1378 2076 Groiiinghen,
1396 2006 1539 2062 translatio
1554 2003 1698 2060 Waltfridi
1714 2018 1793 2058 mar-

989 2077 1070 2149 tyris,
1089 2024 1225 2133 Jl'herasiae
1240 2077 1336 2133 uxoris
1350 2075 1418 2147 ejus,
1437 2085 1464 2132 et
1479 2076 1531 2132 lilii
1546 2074 1614 2147 ejus.
1631 2099 1640 2122 ·
1663 2073 1793 2130 Diximus

989 2148 1042 2206 coli
1066 2165 1097 2205 iii
1111 2149 1279 2205 Decembris.
1302 2147 1442 2219 «Calgani
1456 2146 1631 2204 confessoris.
1648 2171 1657 2193 ·
1680 2144 1792 2202 Remit-

990 2220 1058 2275 titnr
1072 2220 1154 2276 etiarn
1170 2219 1204 2274 ad
1218 2220 1319 2276 dictam
1332 2218 1417 2274 diem.
1440 2244 1448 2266 ·
1463 2217 1630 2274 Monasterio
1644 2216 1790 2284 Cluuiano,

989 2299 1090 2346 sancta
1102 2291 1253 2349 Consortiae
1265 2290 1393 2416 virqlnis,
1409 2316 1417 2337 ·
1440 2289 1473 2346 de
1485 2305 1540 2362 qua
1553 2288 1693 2361 superius.

1024 2363 1132 2418 blotan.
1147 2380 1152 2417 :
1172 2388 1181 2408 ·
1196 2361 1278 2433 Apud
1291 2363 1314 2416 A
1327 2360 1521 2428 exandriam,›
1538 2368 1603 2427 etc,
1615 2368 1648 2415 nt
1657 2359 1791 2415 Bsuiiius.

989 2435 1058 2490 Item
1073 2435 1107 2489 de
1120 2433 1274 2491 Consortia.
1295 2432 1383 2489 Tum:
1407 2457 1417 2479 ‹
1436 2432 1541 2488 Sancte
1556 2430 1685 2488 Ortrudis
1700 2429 1792 2501 virgi-

990 2505 1065 2560 nis.»
1083 2504 1152 2561 Dein
1167 2505 1324 2561 charactere
1338 2503 1459 2559 minori:
1478 2528 1486 2549 ι
1502 2502 1588 2575 Cuius
1601 2517 1702 2575 eorpus
1715 2503 1793 2574 quie·

990 2575 1043 2632 scit
1056 2576 1084 2631 in
1100 2575 1265 2631 monasterio
1285 2574 1388 2643 Siiliiii,
1408 2575 1437 2630 in
1459 2574 1571 2701 oppido,
1594 2573 1684 2629 sancti
1698 2571 1792 2628 Ando-

990 2647 1095 2702 mari.=
1117 2649 1156 2703 De
1179 2645 1326 2715 Wallrido,
1352 2655 1417 2714 etc,
1443 2645 1477 2700 ha
1497 2653 1525 2701 et
1543 2644 1626 2700 verba
1649 2643 1790 2700 Gaurani.

998 2719 1088 2773 «Item
1112 2717 1197 2773 beatas
1217 2717 1355 2773 memorie
1373 2717 1487 2772 loannis
1509 2716 1643 2783 Phisceri,
1663 2715 1788 2788 episcopi

990 2788 1125 2869 Roffensis
1143 2798 1170 2869 et
1193 2788 1333 2869 martyris,
1355 2788 1410 2914 ffim·
1423 2796 1568 2914 postquam
1590 2785 1687 2843 multis
1708 2785 1792 2867 annis

990 2866 1054 2914 vitae
1069 2867 1251 2915 sanctimonia
1264 2875 1295 2914 ao
1309 2875 1361 2914 assi
1383 2866 1469 2914 nitate
1502 2857 1612 2924 ocendi,
1627 2873 1696 2914 voce
1709 2856 1793 2913 simul

990 2937 1017 2986 et
1038 2930 1157 3012 scriptis,
1180 2931 1250 2985 mira
1268 2946 1376 3012 quoque
1399 2929 1610 3011 liberalitatem
1634 2944 1746 3010 egenos,
1766 2934 1794 2982 et

1504 3017 1519 3056 e
1538 3008 1602 3056 isset
1615 3015 1788 3072 episcopum,

989 3080 1101 3144 propter
1119 3072 1248 3128 adulterii
1269 3072 1488 3139 detestationem,
1509 3018 1668 3128 dqumsimo
1685 3070 1789 3127 carceri

990 3145 1176 3214 mancipatur:
1202 3151 1228 3198 et
1252 3144 1362 3200 tandem
1386 3152 1496 3216 propter
1516 3143 1651 3199 unitatem
1672 3141 1738 3198 fidei
1764 3149 1792 3197 et

989 3214 1129 3281 Ecclesiae,
1144 3230 1225 3287 quarn
1240 3214 1376 3282 tuebatur,
1393 3214 1499 3272 cervice
1514 3214 1633 3270 securim
1648 3213 1792 3284 excipiens

989 3285 1023 3341 ad
1035 3285 1156 3342 coelestia
1172 3302 1254 3357 regna
1268 3286 1409 3356 emigrata
1424 3286 1486 3341 Kal.
1502 3285 1568 3340 Iulii
1583 3299 1715 3341 unxxxv.
1731 3284 1791 3351 Quo

990 3373 1052 3413 eum
1074 3365 1137 3412 ante
1158 3357 1264 3425 aliquot
1286 3356 1345 3412 dies
1364 3356 1482 3411 Thomas
1496 3357 1589 3412 Morus
1624 3362 1790 3422 recesserat,

990 3427 1083 3484 eadem
1105 3428 1231 3499 martyrii
1251 3443 1352 3483 corona
1373 3428 1548 3499 refulgens·
1571 3372 1717 3483 Eifitiones
1731 3425 1792 3482 aliae

990 3498 1089 3555 litteris
1103 3499 1206 3556 italicis
1223 3500 1310 3555 textui
1327 3499 1461 3565 inserunt,
1478 3497 1551 3570 qnod
1565 3498 1627 3556 Ado
1642 3497 1724 3554 Bedai
1738 3497 1793 3553 ad-

987 3569 1073 3641 jecit:
1094 3572 1174 3638 «Quo
1182 3579 1334 3643 tempore·
1351 3570 1446 3626 stela
1458 3569 1512 3625 line
1525 3588 1530 3624 :
1553 3595 1562 3617 ι
1578 3570 1609 3624 ln
1624 3585 1693 3641 pago
1708 3569 1792 3624 Hain·

990 3640 1113 3707 nocensi,
1128 3657 1210 3713 super
1221 3641 1337 3696 fluuium
1351 3641 1483 3713 Hagnam,
1494 3640 1629 3768 depositio
1639 3639 1730 3696 sancti
1739 3641 1792 3696 Do·

989 3711 1099 3767 mitiani
1114 3712 1287 3768 confessoris.
1300 3711 1353 3779 Qui
1367 3712 1447 3767 beato
1462 3713 1519 3768 Lan
1540 3712 1615 3768 elino
1630 3712 1666 3766 in·
1675 3727 1738 3782 pere
1757 3711 1792 3765 ri·

990 3782 1101 3838 natione
1115 3799 1165 3838 sua
1177 3798 1268 3839 comes
1282 3782 1445 3839 individuus
1457 3784 1588 3851 existens,
1604 3789 1632 3838 et
1644 3782 1679 3837 ab
1694 3798 1709 3837 e
1748 3797 1791 3837 em

990 3853 1019 3908 in
1045 3853 1104 3909 loco
1127 3852 1222 3909 eodem
1242 3854 1356 3910 eremita
1375 3855 1554 3921 constitutus,
1580 3853 1676 3909 multis
1698 3853 1792 3910 clariis

990 3923 1150 3991 virtutibus,
1168 3925 1296 3995 migrauit
1310 3926 1344 3982 ad
1359 3925 1511 3993 Christum,
1526 3935 1553 3983 et
1564 3925 1646 3981 modo
1661 3941 1726 3981 cuni
1741 3940 1792 3980 sno

990 3996 1132 4066 magistro,
1156 3995 1224 4051 felix
1239 4012 1269 4051 re
1289 3997 1387 4052 uiesoit
1402 3994 1550 4069 Crispinio.
1567 4020 1576 4042 ι
1597 3998 1637 4053 De
1651 4012 1683 4051 eo
1697 4002 1791 4051 actum

989 4083 1027 4122 xv
1042 4066 1127 4122 lnnii.
1141 4068 1181 4122 De
1195 4013 1352 4134 Crucilixis,
1363 4074 1396 4122 ut
1409 4083 1499 4139 snpra.
1520 4067 1642 4123 «Eodem
1658 4067 1716 4132 die,
1731 4083 1791 4122 san·

989 4146 1040 4194 ctae
1067 4138 1217 4193 Consortias
1240 4138 1368 4209 virginis,
1395 4138 1424 4194 in
1448 4139 1582 4196 Cluniaco
1601 4138 1739 4194 coenobio.
1759 4138 1792 4193 ln

990 4209 1157 4265 monasterio
1179 4207 1283 4274 Sithiu,
1309 4216 1409 4265 sanctas
1432 4210 1560 4265 Ortrudis
1587 4209 1715 4280 virginis.
1740 4207 1792 4265 Die

989 4280 1122 4351 vigesima
1135 4280 1263 4347 secunda,
1278 4281 1365 4335 sancti
1380 4279 1589 4353 hieromartyris
1597 4280 1724 4347 Eusebii,
1735 4279 1791 4351 epi·

134 4341 237 4412 mirice,
260 4361 343 4426 super
364 4344 480 4401 fluvium
503 4347 666 4416 baironam,
682 4349 745 4405 sico
759 4351 807 4431 qui
822 4360 936 4406 vocatur
949 4367 974 4425 Ι)
989 4352 1063 4432 scopi
1080 4351 1285 4418 Mesatensium
1306 4376 1314 4396 ι
1339 4352 1396 4422 lege
1418 4377 1426 4397 ι
1444 4351 1714 4408 samosatensiuin.›
1737 4350 1791 4405 Se-

133 4414 330 4494 Dnromannis‚
354 4415 494 4489 depositio
515 4427 615 4475 sanctae
638 4421 747 4476 Novicm
771 4421 927 4493 virginis.»

132 4484 210 4540 Nihil
225 4486 259 4541 de
273 4502 304 4542 ea
315 4488 344 4542 in
354 4487 682 4547 pretermissisauialibi
694 4491 799 4562 reperi;
815 4508 849 4547 an
864 4492 934 4548 male

132 4556 226 4628 aliqua
240 4573 368 4631 expressa
383 4560 449 4628 sint,
466 4561 570 4617 nescio.

989 4431 1084 4549 quitur
1098 4423 1172 4548 tppis
1191 4423 1345 4478 minoribus
1363 4424 1396 4478 de
1411 4422 1572 4490 Walllrido,
1595 4430 1626 4477 ut
1643 4438 1737 4494 supra.
1752 4423 1792 4477 De

1005 4509 1093 4549 caune
1151 4493 1247 4562 iscero,
1266 4501 1297 4549 ut
1312 4495 1369 4565 ipse
1383 4495 1489 4561 scribit,
1507 4495 1587 4566 paulo
1601 4493 1728 4565 breuius,
1743 4493 1790 4549 sed

990 4580 1070 4620 sensti
1085 4564 1191 4620 eodem.

852 4714 1062 4726 ...ῳ-...-

131 4767 170 4822 IX
186 4768 254 4824 Kal.

1676 4780 1728 4834 Die
1742 4779 1789 4835 23.

166 4855 270 4927 Vigilia
284 4858 371 4913 sancti
385 4858 499 4916 loannis
514 4861 655 4933 Baptistae.
667 4863 771 4919 Eodem
786 4863 842 4931 die,
854 4865 941 4921 sancti
951 4866 1243 4939 Joaiiiiispresbyiori,
1254 4883 1336 4940 quem
1349 4867 1453 4939 impius
1467 4867 1604 4934 Julianus,
1620 4867 1783 4923 inauditum

129 4946 175 5001 via
189 4946 294 5002 Salaria
317 4947 415 5015 veteri,
431 4957 494 5004 ante
508 4950 686 5008 simulacrum
703 4952 771 5008 solis
786 4952 916 5008 decollari
933 4957 1071 5028 praecepit.
1089 4959 1119 5013 lii
1135 4956 1233 5014 Tuscia
1248 4957 1361 5013 civitate
1378 4957 1486 5024 Utrina,
1501 4957 1589 5013 saneti
1604 4956 1707 5013 Felicis
1722 4974 1790 5028 pre-

128 5035 245 5109 sbyteri,
268 5036 348 5109 eujus
371 5055 402 5094 os
424 5040 522 5096 tandiu
538 5040 623 5113 jussit
641 5044 753 5100 Turtius
773 5046 918 5117 prefectus
940 5046 1028 5117 lapide
1050 5047 1196 5116 contundi,
1221 5048 1308 5104 donec
1331 5048 1469 5104 emitteret
1493 5047 1639 5119 Spiritum.
1666 5046 1698 5102 lii
1722 5049 1791 5103 Bri-

127 5124 232 5194 tannia,
248 5127 349 5182 natalis
370 5135 470 5184 sanctas
488 5129 646 5187 Ediltrudis
660 5132 788 5206 virginis,
808 5132 887 5206 cujus
902 5151 1002 5207 corpus
1016 5153 1078 5191 cuin
1095 5136 1225 5192 undecim
1240 5138 1320 5194 annis
1336 5145 1407 5194 esset
1426 5137 1576 5208 sepultum,
1593 5137 1788 5211 incorruptum

127 5212 271 5273 inventum
286 5226 338 5275 est.

892 5351 1010 5410 NOTAE.

162 5435 207 5491 Sic
228 5436 329 5495 habent
348 5443 468 5512 Protea,
491 5445 725 5516 Antisara-Mei,
747 5449 878 5521 Anluerp.
900 5457 927 5505 et

124 5505 326 5577 Mum-Labeo,
343 5512 492 5583 llosioegd„
502 5517 649 5586 Munerat,
661 5520 758 5588 Beliii,
773 5522 882 5576 Greoeii.
899 5530 927 5576 et

124 5576 225 5636 Melon.
233 5579 590 5650 Accediintcodicesmedias
598 5597 679 5658 notes,
691 5591 924 5663 Anisena-Mas,

984 5449 1132 5520 Ultroji’cl,
1148 5451 1274 5520 Lepidos,
1292 5451 1447 5518 hosianna,
1468 5421 1620 5522 Albergen,
1645 5453 1741 5509 Drinio.
1762 5460 1789 5508 et

980 5521 1059 5576 Eilt'l.
1078 5522 1270 5591 [illul-Bliti-
