<?xml version="1.0" encoding="UTF-8"?>
<!DOCTYPE html PUBLIC "-//W3C//DTD XHTML 1.0 Transitional//EN"
    "http://www.w3.org/TR/xhtml1/DTD/xhtml1-transitional.dtd">
<html xmlns="http://www.w3.org/1999/xhtml" xml:lang="en" lang="en">
 <head>
  <title>
</title>
<meta http-equiv="Content-Type" content="text/html;charset=utf-8" />
  <meta name='ocr-system' content='tesseract 3.04.00' />
  <meta name='ocr-capabilities' content='ocr_page ocr_carea ocr_par ocr_line ocrx_word'/>
</head>
<body>
  <div class='ocr_page' id='page_1' title='image "./patrologiaecurs76unkngoog_0060.png"; bbox 0 0 3834 6136; ppageno 0'>
   <div class='ocr_carea' id='block_1_1' title="bbox 608 232 1196 308">
    <p class='ocr_par' dir='ltr' id='par_1_1' title="bbox 608 232 1196 308">
     <span class='ocr_line' id='line_1_1' title="bbox 608 232 1196 308; baseline 0.014 -8"><span class='ocrx_word' id='word_1_1' title='bbox 608 232 925 307; x_wconf 79' lang='lat' dir='ltr'><strong>uxuuxnoioonnt.</strong></span> <span class='ocrx_word' id='word_1_2' title='bbox 945 278 979 292; x_wconf 92' lang='lat'>-</span> <span class='ocrx_word' id='word_1_3' title='bbox 999 245 1103 307; x_wconf 83' lang='lat' dir='ltr'><strong>uuus</strong></span> <span class='ocrx_word' id='word_1_4' title='bbox 1123 238 1196 308; x_wconf 82' lang='lat' dir='ltr'><strong>tort.</strong></span> 
     </span>
    </p>
   </div>
   <div class='ocr_carea' id='block_1_2' title="bbox 681 659 1134 738">
    <p class='ocr_par' dir='ltr' id='par_1_2' title="bbox 681 659 1134 738">
     <span class='ocr_line' id='line_1_2' title="bbox 681 659 1134 738; baseline -0.004 0"><span class='ocrx_word' id='word_1_5' title='bbox 681 659 890 738; x_wconf 74' lang='lat' dir='ltr'><strong>mansis</strong></span> <span class='ocrx_word' id='word_1_6' title='bbox 931 661 1134 737; x_wconf 87' lang='lat' dir='ltr'><strong>JUNlUS</strong></span> 
     </span>
    </p>
   </div>
   <div class='ocr_carea' id='block_1_3' title="bbox 747 872 1054 924">
    <p class='ocr_par' dir='ltr' id='par_1_3' title="bbox 747 872 1054 924">
     <span class='ocr_line' id='line_1_3' title="bbox 747 872 1054 924; baseline 0 0"><span class='ocrx_word' id='word_1_7' title='bbox 747 874 854 924; x_wconf 73' lang='lat' dir='ltr'><strong>HABET</strong></span> <span class='ocrx_word' id='word_1_8' title='bbox 876 873 949 923; x_wconf 80' lang='lat' dir='ltr'><strong>utus</strong></span> <span class='ocrx_word' id='word_1_9' title='bbox 972 872 1054 924; x_wconf 74' lang='lat' dir='ltr'><strong>XXX.</strong></span> 
     </span>
    </p>
   </div>
   <div class='ocr_carea' id='block_1_4' title="bbox 77 1184 1735 2246">
    <p class='ocr_par' dir='ltr' id='par_1_4' title="bbox 78 1184 1733 1246">
     <span class='ocr_line' id='line_1_4' title="bbox 78 1184 1733 1246; baseline 0.004 -6"><span class='ocrx_word' id='word_1_10' title='bbox 78 1184 209 1240; x_wconf 74' lang='lat' dir='ltr'><strong>Kalendis</strong></span> <span class='ocrx_word' id='word_1_11' title='bbox 1637 1184 1688 1244; x_wconf 84' lang='lat' dir='ltr'><strong>Die</strong></span> <span class='ocrx_word' id='word_1_12' title='bbox 1706 1187 1733 1246; x_wconf 85' lang='lat' dir='ltr'><strong>l.</strong></span> 
     </span>
    </p>

    <p class='ocr_par' dir='ltr' id='par_1_5' title="bbox 77 1268 1735 2246">
     <span class='ocr_line' id='line_1_5' title="bbox 110 1268 1734 1348; baseline 0.002 -17"><span class='ocrx_word' id='word_1_13' title='bbox 110 1274 218 1340; x_wconf 80' lang='lat' dir='ltr'><strong>Romae,</strong></span> <span class='ocrx_word' id='word_1_14' title='bbox 232 1269 375 1327; x_wconf 86' lang='lat' dir='ltr'><strong>dedicatio</strong></span> <span class='ocrx_word' id='word_1_15' title='bbox 388 1270 476 1328; x_wconf 88' lang='lat' dir='ltr'><strong>sancti</strong></span> <span class='ocrx_word' id='word_1_16' title='bbox 497 1268 655 1327; x_wconf 91' lang='lat' dir='ltr'><strong>Nicomedis</strong></span> <span class='ocrx_word' id='word_1_17' title='bbox 678 1269 823 1343; x_wconf 82' lang='lat' dir='ltr'>presbiteri</span> <span class='ocrx_word' id='word_1_18' title='bbox 846 1279 875 1327; x_wconf 88' lang='lat' dir='ltr'><strong>ct</strong></span> <span class='ocrx_word' id='word_1_19' title='bbox 887 1269 1027 1344; x_wconf 88' lang='lat' dir='ltr'><strong>martyris.</strong></span> <span class='ocrx_word' id='word_1_20' title='bbox 1054 1269 1136 1344; x_wconf 82' lang='lat' dir='ltr'>Apud</span> <span class='ocrx_word' id='word_1_21' title='bbox 1151 1272 1302 1332; x_wconf 74' lang='lat' dir='ltr'><strong>cesaream</strong></span> <span class='ocrx_word' id='word_1_22' title='bbox 1317 1273 1463 1332; x_wconf 73' lang='lat' dir='ltr'><strong>Palestinae</strong></span> <span class='ocrx_word' id='word_1_23' title='bbox 1480 1273 1531 1333; x_wconf 92' lang='lat' dir='ltr'><strong>sub</strong></span> <span class='ocrx_word' id='word_1_24' title='bbox 1543 1275 1734 1348; x_wconf 83' lang='lat' dir='ltr'><strong>persecutione</strong></span> 
     </span>
     <span class='ocr_line' id='line_1_6' title="bbox 78 1358 1735 1437; baseline -0.001 -15"><span class='ocrx_word' id='word_1_25' title='bbox 78 1360 237 1429; x_wconf 85' lang='lat' dir='ltr'><strong>biaximiui,</strong></span> <span class='ocrx_word' id='word_1_26' title='bbox 252 1358 327 1416; x_wconf 88' lang='lat' dir='ltr'><strong>beati</strong></span> <span class='ocrx_word' id='word_1_27' title='bbox 337 1359 476 1432; x_wconf 81' lang='lat' dir='ltr'><strong>Pamphili</strong></span> <span class='ocrx_word' id='word_1_28' title='bbox 487 1359 633 1433; x_wconf 82' lang='lat' dir='ltr'><strong>presbiteri</strong></span> <span class='ocrx_word' id='word_1_29' title='bbox 647 1369 673 1416; x_wconf 91' lang='lat' dir='ltr'><strong>et</strong></span> <span class='ocrx_word' id='word_1_30' title='bbox 683 1360 826 1433; x_wconf 90' lang='lat' dir='ltr'><strong>martyris,</strong></span> <span class='ocrx_word' id='word_1_31' title='bbox 846 1358 927 1432; x_wconf 85' lang='lat' dir='ltr'><strong>cujus</strong></span> <span class='ocrx_word' id='word_1_32' title='bbox 941 1360 1033 1416; x_wconf 85' lang='lat' dir='ltr'><strong>Vitam</strong></span> <span class='ocrx_word' id='word_1_33' title='bbox 1044 1361 1182 1418; x_wconf 75' lang='lat' dir='ltr'><strong>Eusebius</strong></span> <span class='ocrx_word' id='word_1_34' title='bbox 1196 1362 1373 1420; x_wconf 79' lang='lat' dir='ltr'><strong>Cassrieusis</strong></span> <span class='ocrx_word' id='word_1_35' title='bbox 1391 1362 1536 1437; x_wconf 90' lang='lat' dir='ltr'><strong>episcopus</strong></span> <span class='ocrx_word' id='word_1_36' title='bbox 1550 1363 1640 1422; x_wconf 89' lang='lat' dir='ltr'><strong>tribus</strong></span> <span class='ocrx_word' id='word_1_37' title='bbox 1654 1364 1735 1422; x_wconf 92' lang='lat' dir='ltr'><strong>libris</strong></span> 
     </span>
     <span class='ocr_line' id='line_1_7' title="bbox 77 1447 1735 1530; baseline 0.002 -21"><span class='ocrx_word' id='word_1_38' title='bbox 77 1449 300 1524; x_wconf 88' lang='lat' dir='ltr'><strong>comprehendit.</strong></span> <span class='ocrx_word' id='word_1_39' title='bbox 312 1448 368 1506; x_wconf 91' lang='lat' dir='ltr'><strong>Sed</strong></span> <span class='ocrx_word' id='word_1_40' title='bbox 382 1457 410 1506; x_wconf 92' lang='lat' dir='ltr'><strong>ct</strong></span> <span class='ocrx_word' id='word_1_41' title='bbox 423 1457 533 1505; x_wconf 89' lang='lat' dir='ltr'><strong>sanctus</strong></span> <span class='ocrx_word' id='word_1_42' title='bbox 547 1449 734 1520; x_wconf 82' lang='lat' dir='ltr'>Hieronymus</span> <span class='ocrx_word' id='word_1_43' title='bbox 748 1447 855 1515; x_wconf 82' lang='lat' dir='ltr'><strong>scribit,</strong></span> <span class='ocrx_word' id='word_1_44' title='bbox 870 1449 995 1522; x_wconf 84' lang='lat' dir='ltr'><strong>quaedam</strong></span> <span class='ocrx_word' id='word_1_45' title='bbox 1009 1451 1153 1508; x_wconf 88' lang='lat' dir='ltr'><strong>volumina</strong></span> <span class='ocrx_word' id='word_1_46' title='bbox 1168 1468 1251 1510; x_wconf 87' lang='lat' dir='ltr'><strong>mauu</strong></span> <span class='ocrx_word' id='word_1_47' title='bbox 1272 1452 1332 1525; x_wconf 87' lang='lat' dir='ltr'><strong>ejus</strong></span> <span class='ocrx_word' id='word_1_48' title='bbox 1346 1461 1458 1510; x_wconf 86' lang='lat' dir='ltr'><strong>exarata</strong></span> <span class='ocrx_word' id='word_1_49' title='bbox 1471 1470 1500 1510; x_wconf 90' lang='lat' dir='ltr'><strong>se</strong></span> <span class='ocrx_word' id='word_1_50' title='bbox 1513 1454 1657 1527; x_wconf 87' lang='lat' dir='ltr'><strong>reperisse,</strong></span> <span class='ocrx_word' id='word_1_51' title='bbox 1672 1471 1735 1530; x_wconf 84' lang='lat' dir='ltr'><strong>quis</strong></span> 
     </span>
     <span class='ocr_line' id='line_1_8' title="bbox 78 1537 1734 1613; baseline 0.001 -14"><span class='ocrx_word' id='word_1_52' title='bbox 78 1549 167 1608; x_wconf 79' lang='lat' dir='ltr'><strong>nuto,</strong></span> <span class='ocrx_word' id='word_1_53' title='bbox 183 1539 286 1612; x_wconf 90' lang='lat' dir='ltr'><strong>inquit,</strong></span> <span class='ocrx_word' id='word_1_54' title='bbox 302 1539 456 1611; x_wconf 88' lang='lat' dir='ltr'><strong>amplector</strong></span> <span class='ocrx_word' id='word_1_55' title='bbox 470 1547 497 1594; x_wconf 91' lang='lat' dir='ltr'><strong>et</strong></span> <span class='ocrx_word' id='word_1_56' title='bbox 510 1555 591 1594; x_wconf 87' lang='lat' dir='ltr'><strong>servo</strong></span> <span class='ocrx_word' id='word_1_57' title='bbox 605 1537 716 1609; x_wconf 87' lang='lat' dir='ltr'><strong>gaudio,</strong></span> <span class='ocrx_word' id='word_1_58' title='bbox 732 1545 763 1593; x_wconf 92' lang='lat' dir='ltr'><strong>ut</strong></span> <span class='ocrx_word' id='word_1_59' title='bbox 777 1538 853 1595; x_wconf 88' lang='lat' dir='ltr'><strong>Cresi</strong></span> <span class='ocrx_word' id='word_1_60' title='bbox 864 1554 931 1610; x_wconf 93' lang='lat' dir='ltr'><strong>opes</strong></span> <span class='ocrx_word' id='word_1_61' title='bbox 944 1538 1043 1595; x_wconf 86' lang='lat' dir='ltr'><strong>hahere</strong></span> <span class='ocrx_word' id='word_1_62' title='bbox 1059 1556 1102 1595; x_wconf 89' lang='lat' dir='ltr'><strong>mc</strong></span> <span class='ocrx_word' id='word_1_63' title='bbox 1116 1540 1236 1597; x_wconf 89' lang='lat' dir='ltr'><strong>credam.</strong></span> <span class='ocrx_word' id='word_1_64' title='bbox 1253 1538 1457 1613; x_wconf 76' lang='lat' dir='ltr'><strong>Augustuduni,</strong></span> <span class='ocrx_word' id='word_1_65' title='bbox 1473 1549 1632 1600; x_wconf 84' lang='lat' dir='ltr'><strong>sanctorum</strong></span> <span class='ocrx_word' id='word_1_66' title='bbox 1648 1545 1734 1602; x_wconf 84' lang='lat' dir='ltr'><strong>heve·</strong></span> 
     </span>
     <span class='ocr_line' id='line_1_9' title="bbox 80 1626 1731 1704; baseline 0.001 -18"><span class='ocrx_word' id='word_1_67' title='bbox 80 1630 153 1686; x_wconf 79' lang='lat' dir='ltr'><strong>naui</strong></span> <span class='ocrx_word' id='word_1_68' title='bbox 164 1629 285 1701; x_wconf 82' lang='lat' dir='ltr'><strong>episcopi</strong></span> <span class='ocrx_word' id='word_1_69' title='bbox 299 1635 327 1684; x_wconf 88' lang='lat' dir='ltr'><strong>et</strong></span> <span class='ocrx_word' id='word_1_70' title='bbox 342 1627 421 1683; x_wconf 92' lang='lat' dir='ltr'><strong>Pauli</strong></span> <span class='ocrx_word' id='word_1_71' title='bbox 435 1627 590 1699; x_wconf 77' lang='lat' dir='ltr'><strong>presbiteri,</strong></span> <span class='ocrx_word' id='word_1_72' title='bbox 605 1644 669 1683; x_wconf 92' lang='lat' dir='ltr'><strong>cum</strong></span> <span class='ocrx_word' id='word_1_73' title='bbox 679 1627 741 1684; x_wconf 85' lang='lat' dir='ltr'><strong>aliis</strong></span> <span class='ocrx_word' id='word_1_74' title='bbox 756 1626 861 1698; x_wconf 91' lang='lat' dir='ltr'><strong>decem,</strong></span> <span class='ocrx_word' id='word_1_75' title='bbox 872 1628 919 1702; x_wconf 93' lang='lat' dir='ltr'><strong>qui</strong></span> <span class='ocrx_word' id='word_1_76' title='bbox 933 1629 984 1685; x_wconf 91' lang='lat' dir='ltr'><strong>sub</strong></span> <span class='ocrx_word' id='word_1_77' title='bbox 1000 1629 1149 1686; x_wconf 88' lang='lat' dir='ltr'><strong>Aureliano</strong></span> <span class='ocrx_word' id='word_1_78' title='bbox 1160 1629 1285 1701; x_wconf 80' lang='lat' dir='ltr'><strong>principe</strong></span> <span class='ocrx_word' id='word_1_79' title='bbox 1294 1628 1428 1702; x_wconf 87' lang='lat' dir='ltr'><strong>martyrio</strong></span> <span class='ocrx_word' id='word_1_80' title='bbox 1441 1630 1566 1687; x_wconf 90' lang='lat' dir='ltr'><strong>coronati</strong></span> <span class='ocrx_word' id='word_1_81' title='bbox 1580 1637 1656 1688; x_wconf 83' lang='lat' dir='ltr'><strong>suut.</strong></span> <span class='ocrx_word' id='word_1_82' title='bbox 1668 1631 1731 1704; x_wconf 91' lang='lat' dir='ltr'><strong>Ipso</strong></span> 
     </span>
     <span class='ocr_line' id='line_1_10' title="bbox 80 1716 1732 1791; baseline 0 -13"><span class='ocrx_word' id='word_1_83' title='bbox 80 1720 133 1788; x_wconf 87' lang='lat' dir='ltr'><strong>die,</strong></span> <span class='ocrx_word' id='word_1_84' title='bbox 149 1717 240 1776; x_wconf 88' lang='lat' dir='ltr'><strong>sancti</strong></span> <span class='ocrx_word' id='word_1_85' title='bbox 259 1716 384 1789; x_wconf 86' lang='lat' dir='ltr'><strong>Caprasii</strong></span> <span class='ocrx_word' id='word_1_86' title='bbox 398 1716 505 1773; x_wconf 85' lang='lat' dir='ltr'><strong>abbatis</strong></span> <span class='ocrx_word' id='word_1_87' title='bbox 520 1716 679 1773; x_wconf 88' lang='lat' dir='ltr'><strong>monasterii</strong></span> <span class='ocrx_word' id='word_1_88' title='bbox 701 1716 863 1773; x_wconf 86' lang='lat' dir='ltr'><strong>Lirinensis.</strong></span> <span class='ocrx_word' id='word_1_89' title='bbox 890 1717 988 1791; x_wconf 85' lang='lat' dir='ltr'><strong>[Addit</strong></span> <span class='ocrx_word' id='word_1_90' title='bbox 1002 1717 1124 1776; x_wconf 76' lang='lat' dir='ltr'><strong>scutit:</strong></span> <span class='ocrx_word' id='word_1_91' title='bbox 1141 1730 1153 1758; x_wconf 81' lang='lat'><strong>¹</strong></span> <span class='ocrx_word' id='word_1_92' title='bbox 1171 1719 1304 1788; x_wconf 87' lang='lat' dir='ltr'><strong>Parisios,</strong></span> <span class='ocrx_word' id='word_1_93' title='bbox 1318 1720 1487 1776; x_wconf 90' lang='lat' dir='ltr'><strong>monasterio</strong></span> <span class='ocrx_word' id='word_1_94' title='bbox 1502 1719 1574 1776; x_wconf 88' lang='lat' dir='ltr'><strong>beati</strong></span> <span class='ocrx_word' id='word_1_95' title='bbox 1589 1720 1732 1788; x_wconf 77' lang='lat' dir='ltr'><strong>Germani,</strong></span> 
     </span>
     <span class='ocr_line' id='line_1_11' title="bbox 77 1805 1733 1883; baseline -0.001 -15"><span class='ocrx_word' id='word_1_96' title='bbox 77 1809 217 1868; x_wconf 85' lang='lat' dir='ltr'><strong>dedicatio</strong></span> <span class='ocrx_word' id='word_1_97' title='bbox 231 1807 386 1879; x_wconf 78' lang='lat' dir='ltr'><strong>criptarum</strong></span> <span class='ocrx_word' id='word_1_98' title='bbox 402 1806 431 1862; x_wconf 93' lang='lat' dir='ltr'><strong>in</strong></span> <span class='ocrx_word' id='word_1_99' title='bbox 446 1805 550 1862; x_wconf 92' lang='lat' dir='ltr'><strong>honore</strong></span> <span class='ocrx_word' id='word_1_100' title='bbox 565 1823 596 1863; x_wconf 87' lang='lat' dir='ltr'><strong>ac</strong></span> <span class='ocrx_word' id='word_1_101' title='bbox 610 1807 788 1863; x_wconf 84' lang='lat' dir='ltr'><strong>veneratione</strong></span> <span class='ocrx_word' id='word_1_102' title='bbox 802 1807 851 1862; x_wconf 85' lang='lat' dir='ltr'><strong>Dei</strong></span> <span class='ocrx_word' id='word_1_103' title='bbox 865 1807 1007 1881; x_wconf 75' lang='lat' dir='ltr'><strong>genitricis</strong></span> <span class='ocrx_word' id='word_1_104' title='bbox 1021 1808 1113 1865; x_wconf 83' lang='lat' dir='ltr'><strong>hieriae</strong></span> <span class='ocrx_word' id='word_1_105' title='bbox 1132 1818 1159 1865; x_wconf 90' lang='lat' dir='ltr'><strong>et</strong></span> <span class='ocrx_word' id='word_1_106' title='bbox 1182 1807 1254 1864; x_wconf 89' lang='lat' dir='ltr'><strong>beati</strong></span> <span class='ocrx_word' id='word_1_107' title='bbox 1270 1808 1344 1865; x_wconf 89' lang='lat' dir='ltr'><strong>Petri</strong></span> <span class='ocrx_word' id='word_1_108' title='bbox 1366 1807 1495 1880; x_wconf 87' lang='lat' dir='ltr'><strong>apostoli,</strong></span> <span class='ocrx_word' id='word_1_109' title='bbox 1518 1816 1733 1883; x_wconf 85' lang='lat' dir='ltr'><strong>sanctorumque</strong></span> 
     </span>
     <span class='ocr_line' id='line_1_12' title="bbox 78 1897 1733 1974; baseline 0 -17"><span class='ocrx_word' id='word_1_110' title='bbox 78 1909 234 1974; x_wconf 86' lang='lat' dir='ltr'><strong>martyrum</strong></span> <span class='ocrx_word' id='word_1_111' title='bbox 249 1897 373 1970; x_wconf 78' lang='lat' dir='ltr'><strong>Georgii,</strong></span> <span class='ocrx_word' id='word_1_112' title='bbox 388 1898 493 1954; x_wconf 81' lang='lat' dir='ltr'><strong>Aurelii</strong></span> <span class='ocrx_word' id='word_1_113' title='bbox 510 1905 593 1971; x_wconf 89' lang='lat' dir='ltr'><strong>atque</strong></span> <span class='ocrx_word' id='word_1_114' title='bbox 607 1897 751 1954; x_wconf 85' lang='lat' dir='ltr'><strong>Nathaliae.</strong></span> <span class='ocrx_word' id='word_1_115' title='bbox 768 1898 820 1955; x_wconf 91' lang='lat' dir='ltr'><strong>Ubi</strong></span> <span class='ocrx_word' id='word_1_116' title='bbox 836 1898 997 1973; x_wconf 86' lang='lat' dir='ltr'><strong>principalis</strong></span> <span class='ocrx_word' id='word_1_117' title='bbox 1011 1918 1057 1958; x_wconf 83' lang='lat' dir='ltr'><strong>ara</strong></span> <span class='ocrx_word' id='word_1_118' title='bbox 1072 1901 1180 1958; x_wconf 92' lang='lat' dir='ltr'><strong>nomini</strong></span> <span class='ocrx_word' id='word_1_119' title='bbox 1195 1899 1317 1972; x_wconf 86' lang='lat' dir='ltr'><strong>ejusdem</strong></span> <span class='ocrx_word' id='word_1_120' title='bbox 1334 1898 1450 1971; x_wconf 88' lang='lat' dir='ltr'><strong>virginis</strong></span> <span class='ocrx_word' id='word_1_121' title='bbox 1463 1907 1490 1956; x_wconf 88' lang='lat' dir='ltr'><strong>et</strong></span> <span class='ocrx_word' id='word_1_122' title='bbox 1503 1898 1577 1956; x_wconf 85' lang='lat' dir='ltr'><strong>beati</strong></span> <span class='ocrx_word' id='word_1_123' title='bbox 1588 1899 1661 1958; x_wconf 90' lang='lat' dir='ltr'><strong>Petri</strong></span> <span class='ocrx_word' id='word_1_124' title='bbox 1675 1916 1733 1958; x_wconf 91' lang='lat' dir='ltr'><strong>om·</strong></span> 
     </span>
     <span class='ocr_line' id='line_1_13' title="bbox 77 1989 1734 2066; baseline -0.002 -17"><span class='ocrx_word' id='word_1_125' title='bbox 77 1994 213 2066; x_wconf 88' lang='lat' dir='ltr'><strong>uiumque</strong></span> <span class='ocrx_word' id='word_1_126' title='bbox 228 1991 417 2064; x_wconf 88' lang='lat' dir='ltr'><strong>apostolurum</strong></span> <span class='ocrx_word' id='word_1_127' title='bbox 430 2000 588 2047; x_wconf 87' lang='lat' dir='ltr'><strong>consecrata</strong></span> <span class='ocrx_word' id='word_1_128' title='bbox 601 1999 660 2047; x_wconf 90' lang='lat' dir='ltr'><strong>est:</strong></span> <span class='ocrx_word' id='word_1_129' title='bbox 676 1991 710 2047; x_wconf 90' lang='lat' dir='ltr'><strong>ab</strong></span> <span class='ocrx_word' id='word_1_130' title='bbox 724 1999 806 2062; x_wconf 88' lang='lat' dir='ltr'><strong>caput</strong></span> <span class='ocrx_word' id='word_1_131' title='bbox 824 2001 1055 2049; x_wconf 82' lang='lat' dir='ltr'><strong>xerosauctorum</strong></span> <span class='ocrx_word' id='word_1_132' title='bbox 1070 1999 1223 2064; x_wconf 91' lang='lat' dir='ltr'><strong>martyrum</strong></span> <span class='ocrx_word' id='word_1_133' title='bbox 1241 1998 1283 2047; x_wconf 89' lang='lat' dir='ltr'><strong>est</strong></span> <span class='ocrx_word' id='word_1_134' title='bbox 1298 1991 1383 2046; x_wconf 88' lang='lat' dir='ltr'><strong>altare</strong></span> <span class='ocrx_word' id='word_1_135' title='bbox 1399 1990 1428 2045; x_wconf 93' lang='lat' dir='ltr'><strong>iu</strong></span> <span class='ocrx_word' id='word_1_136' title='bbox 1445 1990 1551 2046; x_wconf 90' lang='lat' dir='ltr'><strong>honore</strong></span> <span class='ocrx_word' id='word_1_137' title='bbox 1571 1990 1658 2048; x_wconf 87' lang='lat' dir='ltr'><strong>sancti</strong></span> <span class='ocrx_word' id='word_1_138' title='bbox 1674 1989 1734 2047; x_wconf 83' lang='lat' dir='ltr'><strong>lti-</strong></span> 
     </span>
     <span class='ocr_line' id='line_1_14' title="bbox 77 2078 1732 2154; baseline -0.002 -13"><span class='ocrx_word' id='word_1_139' title='bbox 77 2082 180 2142; x_wconf 84' lang='lat' dir='ltr'><strong>chaelis</strong></span> <span class='ocrx_word' id='word_1_140' title='bbox 193 2081 396 2154; x_wconf 88' lang='lat' dir='ltr'><strong>beatarumque</strong></span> <span class='ocrx_word' id='word_1_141' title='bbox 410 2081 534 2137; x_wconf 92' lang='lat' dir='ltr'><strong>omnium</strong></span> <span class='ocrx_word' id='word_1_142' title='bbox 550 2081 703 2138; x_wconf 85' lang='lat' dir='ltr'><strong>coelestium</strong></span> <span class='ocrx_word' id='word_1_143' title='bbox 719 2081 871 2149; x_wconf 90' lang='lat' dir='ltr'><strong>virtutum;</strong></span> <span class='ocrx_word' id='word_1_144' title='bbox 886 2081 957 2138; x_wconf 90' lang='lat' dir='ltr'><strong>etad</strong></span> <span class='ocrx_word' id='word_1_145' title='bbox 972 2081 1055 2154; x_wconf 91' lang='lat' dir='ltr'><strong>pedes</strong></span> <span class='ocrx_word' id='word_1_146' title='bbox 1070 2081 1193 2154; x_wconf 91' lang='lat' dir='ltr'><strong>ipsorum</strong></span> <span class='ocrx_word' id='word_1_147' title='bbox 1202 2080 1289 2137; x_wconf 86' lang='lat' dir='ltr'><strong>sancti</strong></span> <span class='ocrx_word' id='word_1_148' title='bbox 1302 2079 1456 2149; x_wconf 75' lang='lat' dir='ltr'><strong>vincentii,</strong></span> <span class='ocrx_word' id='word_1_149' title='bbox 1473 2078 1636 2148; x_wconf 80' lang='lat' dir='ltr'><strong>sebastiani,</strong></span> <span class='ocrx_word' id='word_1_150' title='bbox 1653 2078 1732 2138; x_wconf 88' lang='lat' dir='ltr'><strong>Chri·</strong></span> 
     </span>
     <span class='ocr_line' id='line_1_15' title="bbox 78 2169 1732 2246; baseline -0.001 -17"><span class='ocrx_word' id='word_1_151' title='bbox 78 2171 213 2246; x_wconf 85' lang='lat' dir='ltr'><strong>stophori,</strong></span> <span class='ocrx_word' id='word_1_152' title='bbox 229 2169 382 2239; x_wconf 89' lang='lat' dir='ltr'><strong>Andochii,</strong></span> <span class='ocrx_word' id='word_1_153' title='bbox 401 2169 472 2226; x_wconf 81' lang='lat' dir='ltr'><strong>Tirsi</strong></span> <span class='ocrx_word' id='word_1_154' title='bbox 486 2177 514 2226; x_wconf 92' lang='lat' dir='ltr'><strong>et</strong></span> <span class='ocrx_word' id='word_1_155' title='bbox 527 2171 637 2227; x_wconf 82' lang='lat' dir='ltr'><strong>Felicis.</strong></span> <span class='ocrx_word' id='word_1_156' title='bbox 653 2171 703 2226; x_wconf 83' lang='lat' dir='ltr'><strong>Est</strong></span> <span class='ocrx_word' id='word_1_157' title='bbox 715 2171 755 2227; x_wconf 94' lang='lat' dir='ltr'><strong>ibi</strong></span> <span class='ocrx_word' id='word_1_158' title='bbox 768 2178 795 2227; x_wconf 90' lang='lat' dir='ltr'><strong>et</strong></span> <span class='ocrx_word' id='word_1_159' title='bbox 810 2172 896 2229; x_wconf 88' lang='lat' dir='ltr'><strong>altare</strong></span> <span class='ocrx_word' id='word_1_160' title='bbox 911 2172 939 2228; x_wconf 92' lang='lat' dir='ltr'><strong>in</strong></span> <span class='ocrx_word' id='word_1_161' title='bbox 955 2173 1060 2229; x_wconf 91' lang='lat' dir='ltr'><strong>honore</strong></span> <span class='ocrx_word' id='word_1_162' title='bbox 1081 2171 1215 2229; x_wconf 81' lang='lat' dir='ltr'><strong>Macharii</strong></span> <span class='ocrx_word' id='word_1_163' title='bbox 1242 2170 1381 2244; x_wconf 79' lang='lat' dir='ltr'><strong>Dionysii,</strong></span> <span class='ocrx_word' id='word_1_164' title='bbox 1406 2172 1512 2230; x_wconf 82' lang='lat' dir='ltr'><strong>Rustici</strong></span> <span class='ocrx_word' id='word_1_165' title='bbox 1525 2180 1554 2230; x_wconf 88' lang='lat' dir='ltr'><strong>et</strong></span> <span class='ocrx_word' id='word_1_166' title='bbox 1577 2171 1732 2229; x_wconf 84' lang='lat' dir='ltr'><strong>Eleutherii</strong></span> 
     </span>
    </p>
   </div>
   <div class='ocr_carea' id='block_1_5' title="bbox 79 2260 1733 2424">
    <p class='ocr_par' dir='ltr' id='par_1_6' title="bbox 79 2260 1733 2424">
     <span class='ocr_line' id='line_1_16' title="bbox 80 2260 1733 2337; baseline 0.001 -18"><span class='ocrx_word' id='word_1_167' title='bbox 80 2263 264 2334; x_wconf 90' lang='lat' dir='ltr'><strong>omniumque</strong></span> <span class='ocrx_word' id='word_1_168' title='bbox 279 2269 437 2317; x_wconf 89' lang='lat' dir='ltr'><strong>sauctorum</strong></span> <span class='ocrx_word' id='word_1_169' title='bbox 453 2269 617 2333; x_wconf 89' lang='lat' dir='ltr'><strong>martyrum.</strong></span> <span class='ocrx_word' id='word_1_170' title='bbox 633 2260 669 2317; x_wconf 84' lang='lat' dir='ltr'><strong>Et</strong></span> <span class='ocrx_word' id='word_1_171' title='bbox 681 2260 757 2317; x_wconf 90' lang='lat' dir='ltr'><strong>aliud</strong></span> <span class='ocrx_word' id='word_1_172' title='bbox 769 2261 859 2319; x_wconf 89' lang='lat' dir='ltr'><strong>sancti</strong></span> <span class='ocrx_word' id='word_1_173' title='bbox 867 2260 1001 2332; x_wconf 79' lang='lat' dir='ltr'><strong>Marcelli,</strong></span> <span class='ocrx_word' id='word_1_174' title='bbox 1018 2263 1164 2320; x_wconf 83' lang='lat' dir='ltr'><strong>Geuoueiae</strong></span> <span class='ocrx_word' id='word_1_175' title='bbox 1179 2263 1306 2337; x_wconf 83' lang='lat' dir='ltr'><strong>virginis,</strong></span> <span class='ocrx_word' id='word_1_176' title='bbox 1321 2262 1428 2333; x_wconf 88' lang='lat' dir='ltr'><strong>Saviui,</strong></span> <span class='ocrx_word' id='word_1_177' title='bbox 1445 2263 1583 2334; x_wconf 88' lang='lat' dir='ltr'><strong>Audoeni,</strong></span> <span class='ocrx_word' id='word_1_178' title='bbox 1601 2262 1733 2321; x_wconf 86' lang='lat' dir='ltr'><strong>Ausberti</strong></span> 
     </span>
     <span class='ocr_line' id='line_1_17' title="bbox 79 2347 675 2424; baseline -0.003 -16"><span class='ocrx_word' id='word_1_179' title='bbox 79 2351 261 2424; x_wconf 89' lang='lat' dir='ltr'><strong>omniumque</strong></span> <span class='ocrx_word' id='word_1_180' title='bbox 274 2347 464 2406; x_wconf 82' lang='lat' dir='ltr'><strong>confessorum</strong></span> <span class='ocrx_word' id='word_1_181' title='bbox 479 2356 506 2406; x_wconf 91' lang='lat' dir='ltr'><strong>et</strong></span> <span class='ocrx_word' id='word_1_182' title='bbox 523 2348 675 2422; x_wconf 78' lang='lat' dir='ltr'><strong>vitginum.</strong></span> 
     </span>
    </p>
   </div>
   <div class='ocr_carea' id='block_1_6' title="bbox 110 2490 1290 2666">
    <p class='ocr_par' dir='ltr' id='par_1_7' title="bbox 110 2490 1290 2666">
     <span class='ocr_line' id='line_1_18' title="bbox 847 2490 965 2549; baseline -0.025 -1"><span class='ocrx_word' id='word_1_183' title='bbox 847 2490 965 2549; x_wconf 83' lang='lat' dir='ltr'><strong>NOTAE.</strong></span> 
     </span>
     <span class='ocr_line' id='line_1_19' title="bbox 110 2586 1290 2666; baseline 0.003 -20"><span class='ocrx_word' id='word_1_184' title='bbox 110 2589 154 2646; x_wconf 85' lang='lat' dir='ltr'><strong>lta</strong></span> <span class='ocrx_word' id='word_1_185' title='bbox 168 2587 280 2645; x_wconf 87' lang='lat' dir='ltr'><strong>codices</strong></span> <span class='ocrx_word' id='word_1_186' title='bbox 296 2586 530 2659; x_wconf 61' lang='lat' dir='ltr'><strong>Amnem-dici,</strong></span> <span class='ocrx_word' id='word_1_187' title='bbox 546 2590 693 2657; x_wconf 71' lang='lat' dir='ltr'><strong>lliincrot,</strong></span> <span class='ocrx_word' id='word_1_188' title='bbox 709 2589 818 2645; x_wconf 79' lang='lat' dir='ltr'><strong>dreani.</strong></span> <span class='ocrx_word' id='word_1_189' title='bbox 832 2599 859 2646; x_wconf 89' lang='lat' dir='ltr'><strong>et</strong></span> <span class='ocrx_word' id='word_1_190' title='bbox 873 2591 988 2661; x_wconf 81' lang='lat' dir='ltr'><strong>Metam,</strong></span> <span class='ocrx_word' id='word_1_191' title='bbox 1005 2593 1052 2666; x_wconf 91' lang='lat' dir='ltr'><strong>qui</strong></span> <span class='ocrx_word' id='word_1_192' title='bbox 1065 2592 1118 2649; x_wconf 92' lang='lat' dir='ltr'><strong>soli</strong></span> <span class='ocrx_word' id='word_1_193' title='bbox 1133 2594 1195 2665; x_wconf 91' lang='lat' dir='ltr'><strong>puri</strong></span> <span class='ocrx_word' id='word_1_194' title='bbox 1216 2601 1290 2650; x_wconf 88' lang='lat' dir='ltr'><strong>sunt.</strong></span> 
     </span>
    </p>
   </div>
   <div class='ocr_carea' id='block_1_7' title="bbox 72 2727 1731 3876">
    <p class='ocr_par' dir='ltr' id='par_1_8' title="bbox 72 2727 1731 3876">
     <span class='ocr_line' id='line_1_20' title="bbox 72 2727 1730 2811; baseline 0.005 -27"><span class='ocrx_word' id='word_1_195' title='bbox 72 2799 73 2802; x_wconf 7' lang='grc' dir='ltr'><strong>Ἴ</strong></span> <span class='ocrx_word' id='word_1_196' title='bbox 116 2729 201 2810; x_wconf 53' lang='lat' dir='ltr'><strong>{ista</strong></span> <span class='ocrx_word' id='word_1_197' title='bbox 216 2735 372 2811; x_wconf 81' lang='lat' dir='ltr'><strong>cryptarum</strong></span> <span class='ocrx_word' id='word_1_198' title='bbox 388 2727 525 2786; x_wconf 86' lang='lat' dir='ltr'><strong>dedicatio</strong></span> <span class='ocrx_word' id='word_1_199' title='bbox 535 2729 807 2790; x_wconf 83' lang='lat' dir='ltr'><strong>San-Germanensis</strong></span> <span class='ocrx_word' id='word_1_200' title='bbox 820 2734 879 2790; x_wconf 86' lang='lat' dir='ltr'><strong>Ec·</strong></span> <span class='ocrx_word' id='word_1_201' title='bbox 892 2736 917 2796; x_wconf 85' lang='lat' dir='ltr'><strong>A</strong></span> <span class='ocrx_word' id='word_1_202' title='bbox 931 2734 1020 2791; x_wconf 89' lang='lat' dir='ltr'><strong>curati</strong></span> <span class='ocrx_word' id='word_1_203' title='bbox 1034 2734 1158 2790; x_wconf 91' lang='lat' dir='ltr'><strong>editoris.</strong></span> <span class='ocrx_word' id='word_1_204' title='bbox 1174 2733 1273 2790; x_wconf 86' lang='lat' dir='ltr'><strong>Paucis</strong></span> <span class='ocrx_word' id='word_1_205' title='bbox 1287 2733 1391 2790; x_wconf 89' lang='lat' dir='ltr'><strong>nodum</strong></span> <span class='ocrx_word' id='word_1_206' title='bbox 1416 2734 1505 2791; x_wconf 88' lang='lat' dir='ltr'><strong>solvo.</strong></span> <span class='ocrx_word' id='word_1_207' title='bbox 1522 2733 1574 2792; x_wconf 91' lang='lat' dir='ltr'><strong>Ubi</strong></span> <span class='ocrx_word' id='word_1_208' title='bbox 1599 2750 1675 2794; x_wconf 84' lang='lat' dir='ltr'><strong>uuus</strong></span> <span class='ocrx_word' id='word_1_209' title='bbox 1699 2735 1730 2792; x_wconf 93' lang='lat' dir='ltr'><strong>iu</strong></span> 
     </span>
     <span class='ocr_line' id='line_1_21' title="bbox 79 2800 1730 2872; baseline 0.003 -15"><span class='ocrx_word' id='word_1_210' title='bbox 79 2800 168 2857; x_wconf 73' lang='lat' dir='ltr'><strong>elisia</strong></span> <span class='ocrx_word' id='word_1_211' title='bbox 183 2801 223 2855; x_wconf 89' lang='lat' dir='ltr'><strong>ita</strong></span> <span class='ocrx_word' id='word_1_212' title='bbox 239 2816 349 2872; x_wconf 90' lang='lat' dir='ltr'><strong>propria</strong></span> <span class='ocrx_word' id='word_1_213' title='bbox 362 2808 413 2869; x_wconf 89' lang='lat' dir='ltr'><strong>est,</strong></span> <span class='ocrx_word' id='word_1_214' title='bbox 429 2809 459 2856; x_wconf 92' lang='lat' dir='ltr'><strong>ut</strong></span> <span class='ocrx_word' id='word_1_215' title='bbox 474 2801 574 2856; x_wconf 89' lang='lat' dir='ltr'><strong>mirum</strong></span> <span class='ocrx_word' id='word_1_216' title='bbox 600 2818 654 2858; x_wconf 92' lang='lat' dir='ltr'><strong>non</strong></span> <span class='ocrx_word' id='word_1_217' title='bbox 669 2803 705 2858; x_wconf 91' lang='lat' dir='ltr'><strong>sit</strong></span> <span class='ocrx_word' id='word_1_218' title='bbox 719 2819 778 2859; x_wconf 89' lang='lat' dir='ltr'><strong>earn</strong></span> <span class='ocrx_word' id='word_1_219' title='bbox 792 2806 826 2861; x_wconf 90' lang='lat' dir='ltr'><strong>ab</strong></span> <span class='ocrx_word' id='word_1_220' title='bbox 843 2805 877 2861; x_wconf 92' lang='lat' dir='ltr'><strong>iis</strong></span> <span class='ocrx_word' id='word_1_221' title='bbox 931 2806 1098 2862; x_wconf 89' lang='lat' dir='ltr'><strong>monasterio</strong></span> <span class='ocrx_word' id='word_1_222' title='bbox 1108 2805 1353 2863; x_wconf 87' lang='lat' dir='ltr'><strong>San-Germaneusi</strong></span> <span class='ocrx_word' id='word_1_223' title='bbox 1363 2813 1554 2862; x_wconf 90' lang='lat' dir='ltr'><strong>exstrunctum</strong></span> <span class='ocrx_word' id='word_1_224' title='bbox 1566 2806 1730 2863; x_wconf 83' lang='lat' dir='ltr'><strong>visiturele·</strong></span> 
     </span>
     <span class='ocr_line' id='line_1_22' title="bbox 79 2872 1730 3005; baseline 0.004 -78"><span class='ocrx_word' id='word_1_225' title='bbox 79 2872 362 2952; x_wconf 76' lang='lat' dir='ltr'><strong>quihiartyrologium</strong></span> <span class='ocrx_word' id='word_1_226' title='bbox 373 2872 876 3002; x_wconf 79' lang='lat' dir='ltr'><strong>Usuardiexscripscrunt,iuisseprae·</strong></span> <span class='ocrx_word' id='word_1_227' title='bbox 931 2878 1121 2948; x_wconf 86' lang='lat' dir='ltr'><strong>gantissimum</strong></span> <span class='ocrx_word' id='word_1_228' title='bbox 1144 2878 1175 2932; x_wconf 90' lang='lat' dir='ltr'><strong>B.</strong></span> <span class='ocrx_word' id='word_1_229' title='bbox 1192 2877 1318 2948; x_wconf 86' lang='lat' dir='ltr'><strong>Virginis</strong></span> <span class='ocrx_word' id='word_1_230' title='bbox 1342 2877 1433 2933; x_wconf 76' lang='lat' dir='ltr'><strong>Mariae</strong></span> <span class='ocrx_word' id='word_1_231' title='bbox 1452 2877 1599 2945; x_wconf 89' lang='lat' dir='ltr'><strong>sacellum,</strong></span> <span class='ocrx_word' id='word_1_232' title='bbox 1624 2885 1730 3005; x_wconf 60' lang='lat' dir='ltr'><strong>crpptai</strong></span> 
     </span>
     <span class='ocr_line' id='line_1_23' title="bbox 80 2943 1731 3020; baseline 0.002 -21"><span class='ocrx_word' id='word_1_233' title='bbox 80 2951 246 3000; x_wconf 86' lang='lat' dir='ltr'><strong>termissam.</strong></span> <span class='ocrx_word' id='word_1_234' title='bbox 263 2943 380 2998; x_wconf 84' lang='lat' dir='ltr'><strong>Sollerio</strong></span> <span class='ocrx_word' id='word_1_235' title='bbox 394 2951 485 2999; x_wconf 87' lang='lat' dir='ltr'><strong>tamen</strong></span> <span class='ocrx_word' id='word_1_236' title='bbox 497 2953 566 3001; x_wconf 89' lang='lat' dir='ltr'><strong>satis</strong></span> <span class='ocrx_word' id='word_1_237' title='bbox 579 2953 619 3001; x_wconf 91' lang='lat' dir='ltr'><strong>cst</strong></span> <span class='ocrx_word' id='word_1_238' title='bbox 633 2948 797 3017; x_wconf 85' lang='lat' dir='ltr'><strong>argumenti,</strong></span> <span class='ocrx_word' id='word_1_239' title='bbox 822 2965 878 3003; x_wconf 90' lang='lat' dir='ltr'><strong>ou··</strong></span> <span class='ocrx_word' id='word_1_240' title='bbox 931 2947 996 3004; x_wconf 90' lang='lat' dir='ltr'><strong>olim</strong></span> <span class='ocrx_word' id='word_1_241' title='bbox 1013 2950 1134 3015; x_wconf 78' lang='lat' dir='ltr'><strong>inierunt,</strong></span> <span class='ocrx_word' id='word_1_242' title='bbox 1149 2965 1196 3005; x_wconf 89' lang='lat' dir='ltr'><strong>sen</strong></span> <span class='ocrx_word' id='word_1_243' title='bbox 1207 2947 1304 3004; x_wconf 90' lang='lat' dir='ltr'><strong>altaria</strong></span> <span class='ocrx_word' id='word_1_244' title='bbox 1318 2947 1506 3017; x_wconf 88' lang='lat' dir='ltr'><strong>subterranea,</strong></span> <span class='ocrx_word' id='word_1_245' title='bbox 1520 2964 1637 3020; x_wconf 89' lang='lat' dir='ltr'><strong>quorum</strong></span> <span class='ocrx_word' id='word_1_246' title='bbox 1672 2947 1731 3005; x_wconf 89' lang='lat' dir='ltr'><strong>edi·</strong></span> 
     </span>
     <span class='ocr_line' id='line_1_24' title="bbox 79 3015 1730 3096; baseline 0.002 -26"><span class='ocrx_word' id='word_1_247' title='bbox 79 3031 135 3087; x_wconf 82' lang='lat' dir='ltr'><strong>gam</strong></span> <span class='ocrx_word' id='word_1_248' title='bbox 153 3015 232 3096; x_wconf 81' lang='lat' dir='ltr'><strong>illam</strong></span> <span class='ocrx_word' id='word_1_249' title='bbox 249 3015 403 3096; x_wconf 81' lang='lat' dir='ltr'><strong>orationem</strong></span> <span class='ocrx_word' id='word_1_250' title='bbox 414 3015 586 3072; x_wconf 85' lang='lat' dir='ltr'><strong>tribuendam</strong></span> <span class='ocrx_word' id='word_1_251' title='bbox 603 3017 727 3073; x_wconf 86' lang='lat' dir='ltr'><strong>Usuardo</strong></span> <span class='ocrx_word' id='word_1_252' title='bbox 744 3035 874 3088; x_wconf 85' lang='lat' dir='ltr'><strong>nonesse,</strong></span> <span class='ocrx_word' id='word_1_253' title='bbox 930 3020 1048 3076; x_wconf 88' lang='lat' dir='ltr'><strong>cationis</strong></span> <span class='ocrx_word' id='word_1_254' title='bbox 1063 3021 1148 3076; x_wconf 84' lang='lat' dir='ltr'><strong>festus</strong></span> <span class='ocrx_word' id='word_1_255' title='bbox 1158 3020 1226 3088; x_wconf 88' lang='lat' dir='ltr'><strong>dias,</strong></span> <span class='ocrx_word' id='word_1_256' title='bbox 1239 3020 1354 3077; x_wconf 89' lang='lat' dir='ltr'><strong>Usuardi</strong></span> <span class='ocrx_word' id='word_1_257' title='bbox 1367 3030 1498 3093; x_wconf 89' lang='lat' dir='ltr'><strong>tempore,</strong></span> <span class='ocrx_word' id='word_1_258' title='bbox 1508 3019 1640 3076; x_wconf 82' lang='lat' dir='ltr'><strong>Kalendis</strong></span> <span class='ocrx_word' id='word_1_259' title='bbox 1654 3018 1730 3075; x_wconf 89' lang='lat' dir='ltr'><strong>Junii</strong></span> 
     </span>
     <span class='ocr_line' id='line_1_25' title="bbox 93 3085 1730 3162; baseline 0.003 -21"><span class='ocrx_word' id='word_1_260' title='bbox 93 3087 148 3142; x_wconf 89' lang='lat' dir='ltr'><strong>uod</strong></span> <span class='ocrx_word' id='word_1_261' title='bbox 162 3087 213 3142; x_wconf 87' lang='lat' dir='ltr'><strong>alii</strong></span> <span class='ocrx_word' id='word_1_262' title='bbox 224 3085 503 3143; x_wconf 85' lang='lat' dir='ltr'><strong>codicesiereomnes</strong></span> <span class='ocrx_word' id='word_1_263' title='bbox 515 3096 677 3159; x_wconf 89' lang='lat' dir='ltr'><strong>repugnant,</strong></span> <span class='ocrx_word' id='word_1_264' title='bbox 688 3097 714 3144; x_wconf 90' lang='lat' dir='ltr'><strong>et</strong></span> <span class='ocrx_word' id='word_1_265' title='bbox 726 3092 876 3162; x_wconf 75' lang='lat' dir='ltr'><strong>presertim</strong></span> <span class='ocrx_word' id='word_1_266' title='bbox 930 3107 946 3145; x_wconf 86' lang='lat' dir='ltr'><strong>a</strong></span> <span class='ocrx_word' id='word_1_267' title='bbox 965 3092 1070 3147; x_wconf 84' lang='lat' dir='ltr'><strong>ebatur.</strong></span> <span class='ocrx_word' id='word_1_268' title='bbox 1087 3091 1184 3147; x_wconf 87' lang='lat' dir='ltr'><strong>Postea</strong></span> <span class='ocrx_word' id='word_1_269' title='bbox 1197 3092 1293 3148; x_wconf 89' lang='lat' dir='ltr'><strong>eadem</strong></span> <span class='ocrx_word' id='word_1_270' title='bbox 1318 3091 1456 3148; x_wconf 90' lang='lat' dir='ltr'><strong>dedicatio</strong></span> <span class='ocrx_word' id='word_1_271' title='bbox 1475 3093 1611 3148; x_wconf 84' lang='lat' dir='ltr'><strong>celebrata</strong></span> <span class='ocrx_word' id='word_1_272' title='bbox 1636 3099 1677 3147; x_wconf 88' lang='lat' dir='ltr'><strong>est</strong></span> <span class='ocrx_word' id='word_1_273' title='bbox 1701 3108 1730 3147; x_wconf 89' lang='lat' dir='ltr'><strong>iv</strong></span> 
     </span>
     <span class='ocr_line' id='line_1_26' title="bbox 79 3102 1730 3240; baseline 0.004 -28"><span class='ocrx_word' id='word_1_274' title='bbox 79 3102 218 3214; x_wconf 62' lang='lat' dir='ltr'><strong>dratensis</strong></span> <span class='ocrx_word' id='word_1_275' title='bbox 232 3158 265 3225; x_wconf 89' lang='lat' dir='ltr'><strong>B,</strong></span> <span class='ocrx_word' id='word_1_276' title='bbox 284 3157 313 3212; x_wconf 90' lang='lat' dir='ltr'><strong>iu</strong></span> <span class='ocrx_word' id='word_1_277' title='bbox 328 3175 383 3230; x_wconf 93' lang='lat' dir='ltr'><strong>quo</strong></span> <span class='ocrx_word' id='word_1_278' title='bbox 398 3158 561 3240; x_wconf 75' lang='lat' dir='ltr'><strong>sirmondus</strong></span> <span class='ocrx_word' id='word_1_279' title='bbox 575 3177 679 3216; x_wconf 85' lang='lat' dir='ltr'><strong>erasum</strong></span> <span class='ocrx_word' id='word_1_280' title='bbox 691 3177 747 3216; x_wconf 90' lang='lat' dir='ltr'><strong>esse</strong></span> <span class='ocrx_word' id='word_1_281' title='bbox 762 3171 878 3218; x_wconf 87' lang='lat' dir='ltr'><strong>testatus</strong></span> <span class='ocrx_word' id='word_1_282' title='bbox 931 3109 1006 3230; x_wconf 73' lang='lat' dir='ltr'><strong>idos,</strong></span> <span class='ocrx_word' id='word_1_283' title='bbox 1022 3171 1053 3218; x_wconf 94' lang='lat' dir='ltr'><strong>ut</strong></span> <span class='ocrx_word' id='word_1_284' title='bbox 1071 3171 1131 3233; x_wconf 88' lang='lat' dir='ltr'><strong>pate</strong></span> <span class='ocrx_word' id='word_1_285' title='bbox 1146 3179 1180 3218; x_wconf 92' lang='lat' dir='ltr'><strong>ex</strong></span> <span class='ocrx_word' id='word_1_286' title='bbox 1192 3164 1263 3219; x_wconf 90' lang='lat' dir='ltr'><strong>Prat.</strong></span> <span class='ocrx_word' id='word_1_287' title='bbox 1280 3163 1424 3220; x_wconf 89' lang='lat' dir='ltr'><strong>codicibus</strong></span> <span class='ocrx_word' id='word_1_288' title='bbox 1437 3181 1443 3230; x_wconf 93' lang='lat'>;</span> <span class='ocrx_word' id='word_1_289' title='bbox 1460 3180 1520 3236; x_wconf 75' lang='lat' dir='ltr'><strong>quaa</strong></span> <span class='ocrx_word' id='word_1_290' title='bbox 1533 3162 1645 3218; x_wconf 87' lang='lat' dir='ltr'><strong>taudem</strong></span> <span class='ocrx_word' id='word_1_291' title='bbox 1660 3163 1730 3218; x_wconf 87' lang='lat' dir='ltr'><strong>cele·</strong></span> 
     </span>
     <span class='ocr_line' id='line_1_27' title="bbox 78 3230 1729 3307; baseline 0.002 -23"><span class='ocrx_word' id='word_1_292' title='bbox 78 3239 124 3286; x_wconf 84' lang='lat' dir='ltr'><strong>ist.</strong></span> <span class='ocrx_word' id='word_1_293' title='bbox 145 3230 213 3285; x_wconf 81' lang='lat' dir='ltr'><strong>Haec</strong></span> <span class='ocrx_word' id='word_1_294' title='bbox 224 3238 363 3301; x_wconf 88' lang='lat' dir='ltr'><strong>postrema</strong></span> <span class='ocrx_word' id='word_1_295' title='bbox 374 3239 454 3297; x_wconf 91' lang='lat' dir='ltr'><strong>ratio,</strong></span> <span class='ocrx_word' id='word_1_296' title='bbox 466 3231 563 3297; x_wconf 80' lang='lat' dir='ltr'><strong>fateor,</strong></span> <span class='ocrx_word' id='word_1_297' title='bbox 574 3231 691 3288; x_wconf 90' lang='lat' dir='ltr'><strong>Sollerio</strong></span> <span class='ocrx_word' id='word_1_298' title='bbox 705 3231 801 3289; x_wconf 89' lang='lat' dir='ltr'><strong>debuit</strong></span> <span class='ocrx_word' id='word_1_299' title='bbox 811 3250 878 3289; x_wconf 91' lang='lat' dir='ltr'><strong>non·</strong></span> <span class='ocrx_word' id='word_1_300' title='bbox 931 3234 1003 3289; x_wconf 84' lang='lat' dir='ltr'><strong>brari</strong></span> <span class='ocrx_word' id='word_1_301' title='bbox 1014 3234 1107 3299; x_wconf 89' lang='lat' dir='ltr'><strong>desiit,</strong></span> <span class='ocrx_word' id='word_1_302' title='bbox 1120 3243 1261 3307; x_wconf 88' lang='lat' dir='ltr'><strong>postquam</strong></span> <span class='ocrx_word' id='word_1_303' title='bbox 1272 3235 1303 3290; x_wconf 89' lang='lat' dir='ltr'><strong>B.</strong></span> <span class='ocrx_word' id='word_1_304' title='bbox 1315 3234 1407 3291; x_wconf 77' lang='lat' dir='ltr'><strong>Mariae</strong></span> <span class='ocrx_word' id='word_1_305' title='bbox 1425 3234 1557 3289; x_wconf 90' lang='lat' dir='ltr'><strong>sacellum</strong></span> <span class='ocrx_word' id='word_1_306' title='bbox 1568 3233 1602 3288; x_wconf 89' lang='lat' dir='ltr'><strong>ab</strong></span> <span class='ocrx_word' id='word_1_307' title='bbox 1613 3233 1729 3304; x_wconf 88' lang='lat' dir='ltr'><strong>lingone</strong></span> 
     </span>
     <span class='ocr_line' id='line_1_28' title="bbox 78 3300 1727 3384; baseline 0.002 -29"><span class='ocrx_word' id='word_1_308' title='bbox 78 3300 146 3356; x_wconf 91' lang='lat' dir='ltr'><strong>uihil</strong></span> <span class='ocrx_word' id='word_1_309' title='bbox 157 3301 264 3373; x_wconf 88' lang='lat' dir='ltr'><strong>negotii</strong></span> <span class='ocrx_word' id='word_1_310' title='bbox 280 3301 422 3357; x_wconf 86' lang='lat' dir='ltr'><strong>facessere.</strong></span> <span class='ocrx_word' id='word_1_311' title='bbox 437 3302 489 3357; x_wconf 87' lang='lat' dir='ltr'><strong>Sed</strong></span> <span class='ocrx_word' id='word_1_312' title='bbox 501 3303 527 3357; x_wconf 91' lang='lat' dir='ltr'><strong>in</strong></span> <span class='ocrx_word' id='word_1_313' title='bbox 543 3304 624 3374; x_wconf 87' lang='lat' dir='ltr'><strong>culpa</strong></span> <span class='ocrx_word' id='word_1_314' title='bbox 638 3312 678 3359; x_wconf 90' lang='lat' dir='ltr'><strong>est</strong></span> <span class='ocrx_word' id='word_1_315' title='bbox 692 3312 798 3373; x_wconf 85' lang='lat' dir='ltr'><strong>tamen,</strong></span> <span class='ocrx_word' id='word_1_316' title='bbox 814 3321 877 3360; x_wconf 87' lang='lat' dir='ltr'><strong>curu</strong></span> <span class='ocrx_word' id='word_1_317' title='bbox 931 3304 965 3361; x_wconf 89' lang='lat' dir='ltr'><strong>de</strong></span> <span class='ocrx_word' id='word_1_318' title='bbox 980 3306 1101 3371; x_wconf 87' lang='lat' dir='ltr'><strong>Yssiaco,</strong></span> <span class='ocrx_word' id='word_1_319' title='bbox 1118 3306 1278 3361; x_wconf 89' lang='lat' dir='ltr'><strong>monasterii</strong></span> <span class='ocrx_word' id='word_1_320' title='bbox 1293 3305 1430 3361; x_wconf 89' lang='lat' dir='ltr'><strong>Pratensis</strong></span> <span class='ocrx_word' id='word_1_321' title='bbox 1443 3303 1551 3368; x_wconf 88' lang='lat' dir='ltr'><strong>abbate,</strong></span> <span class='ocrx_word' id='word_1_322' title='bbox 1569 3312 1727 3384; x_wconf 81' lang='lat' dir='ltr'><strong>cryptarum</strong></span> 
     </span>
     <span class='ocr_line' id='line_1_29' title="bbox 77 3373 1729 3448; baseline 0.001 -21"><span class='ocrx_word' id='word_1_323' title='bbox 77 3387 132 3427; x_wconf 84' lang='lat' dir='ltr'><strong>eam</strong></span> <span class='ocrx_word' id='word_1_324' title='bbox 154 3373 191 3429; x_wconf 94' lang='lat' dir='ltr'><strong>ob</strong></span> <span class='ocrx_word' id='word_1_325' title='bbox 217 3389 329 3428; x_wconf 79' lang='lat' dir='ltr'><strong>causum</strong></span> <span class='ocrx_word' id='word_1_326' title='bbox 356 3383 435 3445; x_wconf 81' lang='lat' dir='ltr'><strong>negat</strong></span> <span class='ocrx_word' id='word_1_327' title='bbox 457 3376 491 3429; x_wconf 90' lang='lat' dir='ltr'><strong>ah</strong></span> <span class='ocrx_word' id='word_1_328' title='bbox 519 3375 788 3448; x_wconf 87' lang='lat' dir='ltr'><strong>Usuardoscriptum</strong></span> <span class='ocrx_word' id='word_1_329' title='bbox 808 3392 876 3445; x_wconf 89' lang='lat' dir='ltr'><strong>esse,</strong></span> <span class='ocrx_word' id='word_1_330' title='bbox 931 3375 993 3432; x_wconf 91' lang='lat' dir='ltr'><strong>loco</strong></span> <span class='ocrx_word' id='word_1_331' title='bbox 1019 3386 1139 3432; x_wconf 88' lang='lat' dir='ltr'><strong>erectum</strong></span> <span class='ocrx_word' id='word_1_332' title='bbox 1166 3376 1295 3433; x_wconf 83' lang='lat' dir='ltr'><strong>estium</strong></span> <span class='ocrx_word' id='word_1_333' title='bbox 1320 3376 1342 3430; x_wconf 89' lang='lat' dir='ltr'><strong>si</strong></span> <span class='ocrx_word' id='word_1_334' title='bbox 1361 3376 1500 3446; x_wconf 78' lang='lat' dir='ltr'><strong>quesierit</strong></span> <span class='ocrx_word' id='word_1_335' title='bbox 1525 3375 1658 3431; x_wconf 90' lang='lat' dir='ltr'><strong>Sollerius</strong></span> <span class='ocrx_word' id='word_1_336' title='bbox 1679 3390 1729 3431; x_wconf 91' lang='lat' dir='ltr'><strong>cur</strong></span> 
     </span>
     <span class='ocr_line' id='line_1_30' title="bbox 77 3444 878 3572; baseline 0.002 -73"><span class='ocrx_word' id='word_1_337' title='bbox 77 3444 148 3569; x_wconf 86' lang='lat' dir='ltr'><strong>quod</strong></span> <span class='ocrx_word' id='word_1_338' title='bbox 166 3444 290 3516; x_wconf 84' lang='lat' dir='ltr'><strong>perlecta</strong></span> <span class='ocrx_word' id='word_1_339' title='bbox 303 3445 447 3572; x_wconf 75' lang='lat' dir='ltr'><strong>scripturas</strong></span> <span class='ocrx_word' id='word_1_340' title='bbox 462 3445 617 3501; x_wconf 90' lang='lat' dir='ltr'><strong>similitudo</strong></span> <span class='ocrx_word' id='word_1_341' title='bbox 632 3447 765 3519; x_wconf 90' lang='lat' dir='ltr'><strong>scriptum</strong></span> <span class='ocrx_word' id='word_1_342' title='bbox 780 3447 814 3502; x_wconf 90' lang='lat' dir='ltr'><strong>ab</strong></span> <span class='ocrx_word' id='word_1_343' title='bbox 830 3447 878 3502; x_wconf 91' lang='lat' dir='ltr'><strong>illo</strong></span> 
     </span>
     <span class='ocr_line' id='line_1_31' title="bbox 87 3515 1728 3598; baseline 0.001 -28"><span class='ocrx_word' id='word_1_344' title='bbox 87 3515 160 3571; x_wconf 87' lang='lat' dir='ltr'><strong>uisse</strong></span> <span class='ocrx_word' id='word_1_345' title='bbox 174 3515 332 3587; x_wconf 80' lang='lat' dir='ltr'><strong>persuadet.</strong></span> <span class='ocrx_word' id='word_1_346' title='bbox 349 3544 357 3572; x_wconf 88' lang='lat' dir='ltr'><strong>l</strong></span> <span class='ocrx_word' id='word_1_347' title='bbox 372 3516 441 3572; x_wconf 88' lang='lat' dir='ltr'><strong>odus</strong></span> <span class='ocrx_word' id='word_1_348' title='bbox 455 3527 512 3572; x_wconf 90' lang='lat' dir='ltr'><strong>erat</strong></span> <span class='ocrx_word' id='word_1_349' title='bbox 522 3519 614 3573; x_wconf 91' lang='lat' dir='ltr'><strong>solutu</strong></span> <span class='ocrx_word' id='word_1_350' title='bbox 629 3518 752 3573; x_wconf 87' lang='lat' dir='ltr'><strong>difficilis</strong></span> <span class='ocrx_word' id='word_1_351' title='bbox 763 3519 777 3574; x_wconf 85' lang='lat' dir='ltr'><strong>‘l</strong></span> <span class='ocrx_word' id='word_1_352' title='bbox 788 3519 878 3589; x_wconf 85' lang='lat' dir='ltr'><strong>Exps·</strong></span> <span class='ocrx_word' id='word_1_353' title='bbox 932 3518 1022 3573; x_wconf 86' lang='lat' dir='ltr'><strong>deleta</strong></span> <span class='ocrx_word' id='word_1_354' title='bbox 1037 3519 1132 3584; x_wconf 86' lang='lat' dir='ltr'><strong>fucrit,</strong></span> <span class='ocrx_word' id='word_1_355' title='bbox 1150 3519 1177 3572; x_wconf 91' lang='lat' dir='ltr'><strong>iu</strong></span> <span class='ocrx_word' id='word_1_356' title='bbox 1198 3524 1327 3598; x_wconf 89' lang='lat' dir='ltr'><strong>promptu</strong></span> <span class='ocrx_word' id='word_1_357' title='bbox 1343 3524 1384 3573; x_wconf 89' lang='lat' dir='ltr'><strong>est</strong></span> <span class='ocrx_word' id='word_1_358' title='bbox 1399 3517 1479 3572; x_wconf 88' lang='lat' dir='ltr'><strong>ratio.</strong></span> <span class='ocrx_word' id='word_1_359' title='bbox 1496 3518 1648 3572; x_wconf 86' lang='lat' dir='ltr'><strong>Destructis</strong></span> <span class='ocrx_word' id='word_1_360' title='bbox 1663 3518 1728 3572; x_wconf 85' lang='lat' dir='ltr'><strong>alts-</strong></span> 
     </span>
     <span class='ocr_line' id='line_1_32' title="bbox 76 3586 1731 3661; baseline 0.001 -20"><span class='ocrx_word' id='word_1_361' title='bbox 76 3594 163 3642; x_wconf 89' lang='lat' dir='ltr'><strong>ctaret</strong></span> <span class='ocrx_word' id='word_1_362' title='bbox 176 3586 354 3659; x_wconf 82' lang='lat' dir='ltr'><strong>aliquandiu,</strong></span> <span class='ocrx_word' id='word_1_363' title='bbox 369 3604 451 3659; x_wconf 90' lang='lat' dir='ltr'><strong>seque</strong></span> <span class='ocrx_word' id='word_1_364' title='bbox 465 3590 632 3654; x_wconf 90' lang='lat' dir='ltr'><strong>sustineret;</strong></span> <span class='ocrx_word' id='word_1_365' title='bbox 651 3597 878 3660; x_wconf 85' lang='lat' dir='ltr'><strong>percunctaretur</strong></span> <span class='ocrx_word' id='word_1_366' title='bbox 933 3589 1018 3654; x_wconf 90' lang='lat' dir='ltr'><strong>ribus,</strong></span> <span class='ocrx_word' id='word_1_367' title='bbox 1035 3589 1108 3661; x_wconf 90' lang='lat' dir='ltr'><strong>quod</strong></span> <span class='ocrx_word' id='word_1_368' title='bbox 1122 3588 1224 3644; x_wconf 89' lang='lat' dir='ltr'><strong>accidit</strong></span> <span class='ocrx_word' id='word_1_369' title='bbox 1235 3586 1302 3643; x_wconf 90' lang='lat' dir='ltr'><strong>dnm</strong></span> <span class='ocrx_word' id='word_1_370' title='bbox 1317 3589 1345 3643; x_wconf 92' lang='lat' dir='ltr'><strong>in</strong></span> <span class='ocrx_word' id='word_1_371' title='bbox 1361 3603 1412 3642; x_wconf 90' lang='lat' dir='ltr'><strong>usn</strong></span> <span class='ocrx_word' id='word_1_372' title='bbox 1426 3596 1484 3642; x_wconf 90' lang='lat' dir='ltr'><strong>erat</strong></span> <span class='ocrx_word' id='word_1_373' title='bbox 1498 3587 1549 3643; x_wconf 87' lang='lat' dir='ltr'><strong>iste</strong></span> <span class='ocrx_word' id='word_1_374' title='bbox 1563 3588 1660 3656; x_wconf 83' lang='lat' dir='ltr'><strong>codex,</strong></span> <span class='ocrx_word' id='word_1_375' title='bbox 1677 3587 1731 3643; x_wconf 88' lang='lat' dir='ltr'><strong>de-</strong></span> 
     </span>
     <span class='ocr_line' id='line_1_33' title="bbox 76 3657 1730 3732; baseline 0.001 -20"><span class='ocrx_word' id='word_1_376' title='bbox 76 3673 123 3729; x_wconf 90' lang='lat' dir='ltr'><strong>per</strong></span> <span class='ocrx_word' id='word_1_377' title='bbox 141 3660 249 3713; x_wconf 89' lang='lat' dir='ltr'><strong>litteras</strong></span> <span class='ocrx_word' id='word_1_378' title='bbox 263 3657 331 3730; x_wconf 89' lang='lat' dir='ltr'><strong>qnid</strong></span> <span class='ocrx_word' id='word_1_379' title='bbox 352 3659 424 3731; x_wconf 88' lang='lat' dir='ltr'><strong>apud</strong></span> <span class='ocrx_word' id='word_1_380' title='bbox 440 3660 594 3716; x_wconf 89' lang='lat' dir='ltr'><strong>Usuardum</strong></span> <span class='ocrx_word' id='word_1_381' title='bbox 614 3668 718 3732; x_wconf 79' lang='lat' dir='ltr'><strong>crypta</strong></span> <span class='ocrx_word' id='word_1_382' title='bbox 737 3662 811 3723; x_wconf 89' lang='lat' dir='ltr'><strong>sint;</strong></span> <span class='ocrx_word' id='word_1_383' title='bbox 828 3676 878 3716; x_wconf 90' lang='lat' dir='ltr'><strong>cur</strong></span> <span class='ocrx_word' id='word_1_384' title='bbox 931 3661 984 3715; x_wconf 89' lang='lat' dir='ltr'><strong>sita</strong></span> <span class='ocrx_word' id='word_1_385' title='bbox 995 3669 1036 3715; x_wconf 90' lang='lat' dir='ltr'><strong>est</strong></span> <span class='ocrx_word' id='word_1_386' title='bbox 1048 3661 1207 3714; x_wconf 90' lang='lat' dir='ltr'><strong>annuntiari</strong></span> <span class='ocrx_word' id='word_1_387' title='bbox 1219 3657 1730 3731; x_wconf 83' lang='lat' dir='ltr'><strong>illorumdedicatio;hincquefactum</strong></span> 
     </span>
     <span class='ocr_line' id='line_1_34' title="bbox 76 3729 1731 3803; baseline 0.001 -19"><span class='ocrx_word' id='word_1_388' title='bbox 76 3729 163 3784; x_wconf 90' lang='lat' dir='ltr'><strong>semel</strong></span> <span class='ocrx_word' id='word_1_389' title='bbox 176 3739 205 3784; x_wconf 87' lang='lat' dir='ltr'><strong>et</strong></span> <span class='ocrx_word' id='word_1_390' title='bbox 214 3729 314 3786; x_wconf 90' lang='lat' dir='ltr'><strong>iterum</strong></span> <span class='ocrx_word' id='word_1_391' title='bbox 323 3731 504 3786; x_wconf 85' lang='lat' dir='ltr'><strong>annuntietur</strong></span> <span class='ocrx_word' id='word_1_392' title='bbox 515 3732 562 3787; x_wconf 88' lang='lat' dir='ltr'><strong>illa</strong></span> <span class='ocrx_word' id='word_1_393' title='bbox 571 3731 725 3798; x_wconf 87' lang='lat' dir='ltr'><strong>dedicatio;</strong></span> <span class='ocrx_word' id='word_1_394' title='bbox 741 3749 790 3788; x_wconf 89' lang='lat' dir='ltr'><strong>cur</strong></span> <span class='ocrx_word' id='word_1_395' title='bbox 800 3732 878 3787; x_wconf 86' lang='lat' dir='ltr'><strong>illam</strong></span> <span class='ocrx_word' id='word_1_396' title='bbox 932 3741 972 3788; x_wconf 90' lang='lat' dir='ltr'><strong>est</strong></span> <span class='ocrx_word' id='word_1_397' title='bbox 986 3739 1017 3786; x_wconf 92' lang='lat' dir='ltr'><strong>ut</strong></span> <span class='ocrx_word' id='word_1_398' title='bbox 1030 3731 1106 3786; x_wconf 91' lang='lat' dir='ltr'><strong>illain</strong></span> <span class='ocrx_word' id='word_1_399' title='bbox 1122 3730 1288 3788; x_wconf 86' lang='lat' dir='ltr'><strong>recentiores</strong></span> <span class='ocrx_word' id='word_1_400' title='bbox 1302 3731 1420 3797; x_wconf 88' lang='lat' dir='ltr'><strong>codices,</strong></span> <span class='ocrx_word' id='word_1_401' title='bbox 1436 3747 1483 3787; x_wconf 90' lang='lat' dir='ltr'><strong>seu</strong></span> <span class='ocrx_word' id='word_1_402' title='bbox 1495 3746 1510 3784; x_wconf 89' lang='lat' dir='ltr'><strong>a</strong></span> <span class='ocrx_word' id='word_1_403' title='bbox 1523 3729 1731 3803; x_wconf 86' lang='lat' dir='ltr'><strong>quadringentis</strong></span> 
     </span>
     <span class='ocr_line' id='line_1_35' title="bbox 77 3798 1640 3876; baseline 0.003 -22"><span class='ocrx_word' id='word_1_404' title='bbox 77 3798 223 3855; x_wconf 88' lang='lat' dir='ltr'><strong>Pratensis</strong></span> <span class='ocrx_word' id='word_1_405' title='bbox 235 3800 322 3857; x_wconf 83' lang='lat' dir='ltr'><strong>codex</strong></span> <span class='ocrx_word' id='word_1_406' title='bbox 333 3802 355 3857; x_wconf 91' lang='lat' dir='ltr'>B</span> <span class='ocrx_word' id='word_1_407' title='bbox 367 3803 479 3859; x_wconf 89' lang='lat' dir='ltr'><strong>silentio</strong></span> <span class='ocrx_word' id='word_1_408' title='bbox 493 3810 645 3874; x_wconf 85' lang='lat' dir='ltr'><strong>praetereat.</strong></span> <span class='ocrx_word' id='word_1_409' title='bbox 663 3804 726 3859; x_wconf 84' lang='lat' dir='ltr'><strong>liaec</strong></span> <span class='ocrx_word' id='word_1_410' title='bbox 744 3812 823 3860; x_wconf 87' lang='lat' dir='ltr'><strong>erant</strong></span> <span class='ocrx_word' id='word_1_411' title='bbox 835 3820 878 3861; x_wconf 86' lang='lat' dir='ltr'><strong>uc·</strong></span> <span class='ocrx_word' id='word_1_412' title='bbox 931 3805 1011 3859; x_wconf 91' lang='lat' dir='ltr'><strong>aunis</strong></span> <span class='ocrx_word' id='word_1_413' title='bbox 1026 3804 1142 3872; x_wconf 87' lang='lat' dir='ltr'><strong>exarati,</strong></span> <span class='ocrx_word' id='word_1_414' title='bbox 1157 3819 1269 3876; x_wconf 88' lang='lat' dir='ltr'><strong>prorsus</strong></span> <span class='ocrx_word' id='word_1_415' title='bbox 1284 3803 1453 3858; x_wconf 89' lang='lat' dir='ltr'><strong>omitterent.</strong></span> <span class='ocrx_word' id='word_1_416' title='bbox 1470 3802 1640 3858; x_wconf 83' lang='lat' dir='ltr'><strong>Bouiuuxur.</strong></span> 
     </span>
    </p>
   </div>
   <div class='ocr_carea' id='block_1_8' title="bbox 110 3926 1731 4098">
    <p class='ocr_par' dir='ltr' id='par_1_9' title="bbox 110 3926 1731 4098">
     <span class='ocr_line' id='line_1_36' title="bbox 693 3926 1098 3988; baseline -0.01 0"><span class='ocrx_word' id='word_1_417' title='bbox 693 3926 896 3988; x_wconf 65' lang='lat' dir='ltr'><strong>tautanius</strong></span> <span class='ocrx_word' id='word_1_418' title='bbox 914 3927 1098 3985; x_wconf 81' lang='lat' dir='ltr'><strong>ECTlONES.</strong></span> 
     </span>
     <span class='ocr_line' id='line_1_37' title="bbox 110 4023 1731 4098; baseline 0 -16"><span class='ocrx_word' id='word_1_419' title='bbox 110 4025 144 4082; x_wconf 90' lang='lat' dir='ltr'><strong>lu</strong></span> <span class='ocrx_word' id='word_1_420' title='bbox 169 4025 235 4098; x_wconf 92' lang='lat' dir='ltr'><strong>ipso</strong></span> <span class='ocrx_word' id='word_1_421' title='bbox 251 4023 337 4097; x_wconf 92' lang='lat' dir='ltr'><strong>priuci</strong></span> <span class='ocrx_word' id='word_1_422' title='bbox 357 4025 384 4081; x_wconf 92' lang='lat' dir='ltr'><strong>io</strong></span> <span class='ocrx_word' id='word_1_423' title='bbox 400 4024 600 4082; x_wconf 78' lang='lat' dir='ltr'><strong>offendiculum</strong></span> <span class='ocrx_word' id='word_1_424' title='bbox 622 4033 673 4081; x_wconf 89' lang='lat' dir='ltr'><strong>est.</strong></span> <span class='ocrx_word' id='word_1_425' title='bbox 694 4025 795 4082; x_wconf 89' lang='lat' dir='ltr'><strong>Scribit</strong></span> <span class='ocrx_word' id='word_1_426' title='bbox 809 4027 879 4083; x_wconf 89' lang='lat' dir='ltr'><strong>Pra-</strong></span> <span class='ocrx_word' id='word_1_427' title='bbox 896 4026 1039 4095; x_wconf 84' lang='lat' dir='ltr'><strong>Bsbpteri.</strong></span> <span class='ocrx_word' id='word_1_428' title='bbox 1056 4023 1167 4081; x_wconf 86' lang='lat' dir='ltr'><strong>Erravit</strong></span> <span class='ocrx_word' id='word_1_429' title='bbox 1181 4024 1303 4093; x_wconf 90' lang='lat' dir='ltr'><strong>Praten.,</strong></span> <span class='ocrx_word' id='word_1_430' title='bbox 1321 4023 1467 4081; x_wconf 90' lang='lat' dir='ltr'><strong>scribendo</strong></span> <span class='ocrx_word' id='word_1_431' title='bbox 1485 4024 1609 4096; x_wconf 86' lang='lat' dir='ltr'><strong>episcopi.</strong></span> <span class='ocrx_word' id='word_1_432' title='bbox 1626 4024 1731 4082; x_wconf 85' lang='lat' dir='ltr'><strong>Rursus</strong></span> 
     </span>
    </p>
   </div>
   <div class='ocr_carea' id='block_1_9' title="bbox 933 3444 1813 3502">
    <p class='ocr_par' dir='ltr' id='par_1_10' title="bbox 933 3444 1813 3502">
     <span class='ocr_line' id='line_1_38' title="bbox 933 3444 1813 3502; baseline -0.002 0"><span class='ocrx_word' id='word_1_433' title='bbox 933 3448 1009 3502; x_wconf 85' lang='lat' dir='ltr'><strong>illius</strong></span> <span class='ocrx_word' id='word_1_434' title='bbox 1024 3447 1207 3502; x_wconf 76' lang='lat' dir='ltr'><strong>dedicationis</strong></span> <span class='ocrx_word' id='word_1_435' title='bbox 1221 3446 1446 3501; x_wconf 86' lang='lat' dir='ltr'><strong>commemoratio</strong></span> <span class='ocrx_word' id='word_1_436' title='bbox 1457 3446 1487 3500; x_wconf 91' lang='lat' dir='ltr'><strong>in</strong></span> <span class='ocrx_word' id='word_1_437' title='bbox 1500 3446 1572 3501; x_wconf 88' lang='lat' dir='ltr'><strong>Prat.</strong></span> <span class='ocrx_word' id='word_1_438' title='bbox 1586 3444 1680 3502; x_wconf 88' lang='lat' dir='ltr'><strong>codice</strong></span> <span class='ocrx_word' id='word_1_439' title='bbox 1695 3446 1727 3501; x_wconf 90' lang='lat' dir='ltr'><strong>B.</strong></span> <span class='ocrx_word' id='word_1_440' title='bbox 1810 3477 1813 3482; x_wconf 94' lang='lat'>-</span> 
     </span>
    </p>
   </div>
   <div class='ocr_carea' id='block_1_10' title="bbox 78 4097 882 4957">
    <p class='ocr_par' dir='ltr' id='par_1_11' title="bbox 78 4097 882 4957">
     <span class='ocr_line' id='line_1_39' title="bbox 78 4097 877 4165; baseline 0 -11"><span class='ocrx_word' id='word_1_441' title='bbox 78 4097 174 4165; x_wconf 88' lang='lat' dir='ltr'><strong>tensis,</strong></span> <span class='ocrx_word' id='word_1_442' title='bbox 207 4098 299 4153; x_wconf 80' lang='lat' dir='ltr'><strong>Roma</strong></span> <span class='ocrx_word' id='word_1_443' title='bbox 356 4098 456 4152; x_wconf 88' lang='lat' dir='ltr'><strong>dicatio</strong></span> <span class='ocrx_word' id='word_1_444' title='bbox 480 4097 581 4152; x_wconf 81' lang='lat' dir='ltr'><strong>natalis</strong></span> <span class='ocrx_word' id='word_1_445' title='bbox 607 4098 691 4152; x_wconf 89' lang='lat' dir='ltr'><strong>sancti</strong></span> <span class='ocrx_word' id='word_1_446' title='bbox 719 4098 877 4154; x_wconf 83' lang='lat' dir='ltr'><strong>Nicomedis.</strong></span> 
     </span>
     <span class='ocr_line' id='line_1_40' title="bbox 78 4168 879 4241; baseline 0 -17"><span class='ocrx_word' id='word_1_447' title='bbox 78 4171 215 4241; x_wconf 87' lang='lat' dir='ltr'><strong>Autuerp.</strong></span> <span class='ocrx_word' id='word_1_448' title='bbox 232 4168 450 4240; x_wconf 65' lang='lat' dir='ltr'><strong>huictiorum</strong></span> <span class='ocrx_word' id='word_1_449' title='bbox 463 4170 573 4234; x_wconf 80' lang='lat' dir='ltr'><strong>‚nante</strong></span> <span class='ocrx_word' id='word_1_450' title='bbox 586 4170 631 4224; x_wconf 88' lang='lat' dir='ltr'><strong>vel</strong></span> <span class='ocrx_word' id='word_1_451' title='bbox 645 4170 745 4225; x_wconf 87' lang='lat' dir='ltr'><strong>natalis</strong></span> <span class='ocrx_word' id='word_1_452' title='bbox 758 4171 785 4226; x_wconf 83' lang='lat' dir='ltr'><strong>S.</strong></span> <span class='ocrx_word' id='word_1_453' title='bbox 802 4171 879 4226; x_wconf 89' lang='lat' dir='ltr'><strong>Nico·</strong></span> 
     </span>
     <span class='ocr_line' id='line_1_41' title="bbox 78 4240 878 4308; baseline 0.003 -13"><span class='ocrx_word' id='word_1_454' title='bbox 78 4241 169 4307; x_wconf 83' lang='lat' dir='ltr'><strong>medis,</strong></span> <span class='ocrx_word' id='word_1_455' title='bbox 187 4240 307 4297; x_wconf 87' lang='lat' dir='ltr'><strong>Greven.</strong></span> <span class='ocrx_word' id='word_1_456' title='bbox 323 4250 351 4296; x_wconf 91' lang='lat' dir='ltr'><strong>et</strong></span> <span class='ocrx_word' id='word_1_457' title='bbox 365 4241 478 4308; x_wconf 82' lang='lat' dir='ltr'><strong>biotam,</strong></span> <span class='ocrx_word' id='word_1_458' title='bbox 495 4241 624 4296; x_wconf 85' lang='lat' dir='ltr'><strong>dedicatio</strong></span> <span class='ocrx_word' id='word_1_459' title='bbox 639 4240 754 4296; x_wconf 84' lang='lat' dir='ltr'><strong>basilica</strong></span> <span class='ocrx_word' id='word_1_460' title='bbox 778 4243 805 4297; x_wconf 88' lang='lat' dir='ltr'><strong>S.</strong></span> <span class='ocrx_word' id='word_1_461' title='bbox 823 4242 878 4297; x_wconf 89' lang='lat' dir='ltr'><strong>Ni-</strong></span> 
     </span>
     <span class='ocr_line' id='line_1_42' title="bbox 80 4312 878 4380; baseline 0.006 -16"><span class='ocrx_word' id='word_1_462' title='bbox 80 4313 201 4366; x_wconf 83' lang='lat' dir='ltr'><strong>conicdis.</strong></span> <span class='ocrx_word' id='word_1_463' title='bbox 226 4312 295 4380; x_wconf 87' lang='lat' dir='ltr'><strong>Alii,</strong></span> <span class='ocrx_word' id='word_1_464' title='bbox 323 4313 453 4367; x_wconf 86' lang='lat' dir='ltr'><strong>dedicatio</strong></span> <span class='ocrx_word' id='word_1_465' title='bbox 480 4318 504 4367; x_wconf 88' lang='lat' dir='ltr'><strong>et</strong></span> <span class='ocrx_word' id='word_1_466' title='bbox 527 4313 637 4368; x_wconf 84' lang='lat' dir='ltr'><strong>natatis.</strong></span> <span class='ocrx_word' id='word_1_467' title='bbox 660 4314 716 4369; x_wconf 91' lang='lat' dir='ltr'><strong>Nos</strong></span> <span class='ocrx_word' id='word_1_468' title='bbox 738 4312 878 4369; x_wconf 90' lang='lat' dir='ltr'><strong>credimus</strong></span> 
     </span>
     <span class='ocr_line' id='line_1_43' title="bbox 81 4381 878 4455; baseline 0.003 -19"><span class='ocrx_word' id='word_1_469' title='bbox 81 4381 235 4438; x_wconf 83' lang='lat' dir='ltr'><strong>Usuardum</strong></span> <span class='ocrx_word' id='word_1_470' title='bbox 248 4399 372 4439; x_wconf 86' lang='lat' dir='ltr'><strong>servasse</strong></span> <span class='ocrx_word' id='word_1_471' title='bbox 396 4384 541 4440; x_wconf 89' lang='lat' dir='ltr'><strong>lectionem</strong></span> <span class='ocrx_word' id='word_1_472' title='bbox 556 4383 674 4451; x_wconf 89' lang='lat' dir='ltr'><strong>Adonis,</strong></span> <span class='ocrx_word' id='word_1_473' title='bbox 691 4384 781 4455; x_wconf 89' lang='lat' dir='ltr'><strong>qualis</strong></span> <span class='ocrx_word' id='word_1_474' title='bbox 794 4384 878 4439; x_wconf 89' lang='lat' dir='ltr'><strong>estin</strong></span> 
     </span>
     <span class='ocr_line' id='line_1_44' title="bbox 79 4453 879 4527; baseline 0.003 -20"><span class='ocrx_word' id='word_1_475' title='bbox 79 4453 232 4521; x_wconf 82' lang='lat' dir='ltr'><strong>liuuerato,</strong></span> <span class='ocrx_word' id='word_1_476' title='bbox 250 4455 421 4521; x_wconf 86' lang='lat' dir='ltr'><strong>ileriniensi,</strong></span> <span class='ocrx_word' id='word_1_477' title='bbox 436 4455 562 4527; x_wconf 90' lang='lat' dir='ltr'><strong>aliisque,</strong></span> <span class='ocrx_word' id='word_1_478' title='bbox 578 4471 610 4511; x_wconf 88' lang='lat' dir='ltr'><strong>ac</strong></span> <span class='ocrx_word' id='word_1_479' title='bbox 626 4454 740 4526; x_wconf 87' lang='lat' dir='ltr'><strong>proinde</strong></span> <span class='ocrx_word' id='word_1_480' title='bbox 755 4455 783 4509; x_wconf 92' lang='lat' dir='ltr'><strong>in</strong></span> <span class='ocrx_word' id='word_1_481' title='bbox 799 4462 879 4510; x_wconf 90' lang='lat' dir='ltr'><strong>textu</strong></span> 
     </span>
     <span class='ocr_line' id='line_1_45' title="bbox 80 4525 879 4591; baseline 0.001 -12"><span class='ocrx_word' id='word_1_482' title='bbox 80 4533 184 4581; x_wconf 87' lang='lat' dir='ltr'><strong>nostro.</strong></span> <span class='ocrx_word' id='word_1_483' title='bbox 198 4527 234 4580; x_wconf 88' lang='lat' dir='ltr'><strong>Et</strong></span> <span class='ocrx_word' id='word_1_484' title='bbox 249 4526 302 4583; x_wconf 93' lang='lat' dir='ltr'><strong>hoc</strong></span> <span class='ocrx_word' id='word_1_485' title='bbox 321 4526 447 4583; x_wconf 87' lang='lat' dir='ltr'><strong>hlolauus</strong></span> <span class='ocrx_word' id='word_1_486' title='bbox 467 4543 483 4581; x_wconf 91' lang='lat' dir='ltr'><strong>a</strong></span> <span class='ocrx_word' id='word_1_487' title='bbox 502 4527 611 4582; x_wconf 87' lang='lat' dir='ltr'><strong>novisse</strong></span> <span class='ocrx_word' id='word_1_488' title='bbox 627 4526 751 4591; x_wconf 89' lang='lat' dir='ltr'><strong>videtur,</strong></span> <span class='ocrx_word' id='word_1_489' title='bbox 767 4526 833 4581; x_wconf 92' lang='lat' dir='ltr'><strong>dum</strong></span> <span class='ocrx_word' id='word_1_490' title='bbox 850 4525 879 4580; x_wconf 93' lang='lat' dir='ltr'><strong>in</strong></span> 
     </span>
     <span class='ocr_line' id='line_1_46' title="bbox 79 4544 879 4686; baseline -0.003 -34"><span class='ocrx_word' id='word_1_491' title='bbox 79 4597 357 4678; x_wconf 57' lang='lat' dir='ltr'><strong>pmterioribussuis</strong></span> <span class='ocrx_word' id='word_1_492' title='bbox 372 4544 541 4654; x_wconf 66' lang='lat' dir='ltr'><strong>editionibus</strong></span> <span class='ocrx_word' id='word_1_493' title='bbox 554 4598 680 4653; x_wconf 81' lang='lat' dir='ltr'><strong>Basilica</strong></span> <span class='ocrx_word' id='word_1_494' title='bbox 694 4597 804 4686; x_wconf 82' lang='lat' dir='ltr'><strong>scripsit</strong></span> <span class='ocrx_word' id='word_1_495' title='bbox 819 4612 879 4677; x_wconf 84' lang='lat' dir='ltr'><strong>cur·</strong></span> 
     </span>
     <span class='ocr_line' id='line_1_47' title="bbox 80 4669 878 4738; baseline 0 -16"><span class='ocrx_word' id='word_1_496' title='bbox 80 4683 146 4725; x_wconf 83' lang='lat' dir='ltr'><strong>sium</strong></span> <span class='ocrx_word' id='word_1_497' title='bbox 161 4669 222 4724; x_wconf 85' lang='lat' dir='ltr'><strong>siue</strong></span> <span class='ocrx_word' id='word_1_498' title='bbox 231 4669 453 4738; x_wconf 89' lang='lat' dir='ltr'><strong>ltabcrslitteris‚</strong></span> <span class='ocrx_word' id='word_1_499' title='bbox 467 4686 483 4724; x_wconf 89' lang='lat' dir='ltr'><strong>a</strong></span> <span class='ocrx_word' id='word_1_500' title='bbox 496 4677 572 4725; x_wconf 90' lang='lat' dir='ltr'><strong>textu</strong></span> <span class='ocrx_word' id='word_1_501' title='bbox 583 4669 732 4726; x_wconf 91' lang='lat' dir='ltr'><strong>distinctis.</strong></span> <span class='ocrx_word' id='word_1_502' title='bbox 743 4670 784 4724; x_wconf 77' lang='lat' dir='ltr'><strong>hit</strong></span> <span class='ocrx_word' id='word_1_503' title='bbox 796 4676 878 4723; x_wconf 88' lang='lat' dir='ltr'><strong>etiam</strong></span> 
     </span>
     <span class='ocr_line' id='line_1_48' title="bbox 80 4740 880 4813; baseline 0.001 -20"><span class='ocrx_word' id='word_1_504' title='bbox 80 4745 105 4793; x_wconf 88' lang='lat' dir='ltr'><strong>et</strong></span> <span class='ocrx_word' id='word_1_505' title='bbox 117 4748 192 4796; x_wconf 88' lang='lat' dir='ltr'><strong>recte</strong></span> <span class='ocrx_word' id='word_1_506' title='bbox 207 4742 355 4797; x_wconf 77' lang='lat' dir='ltr'><strong>Maximini</strong></span> <span class='ocrx_word' id='word_1_507' title='bbox 378 4740 493 4813; x_wconf 89' lang='lat' dir='ltr'><strong>legimus</strong></span> <span class='ocrx_word' id='word_1_508' title='bbox 513 4758 576 4797; x_wconf 91' lang='lat' dir='ltr'><strong>cum</strong></span> <span class='ocrx_word' id='word_1_509' title='bbox 594 4742 715 4810; x_wconf 79' lang='lat' dir='ltr'><strong>Pratum,</strong></span> <span class='ocrx_word' id='word_1_510' title='bbox 732 4743 880 4811; x_wconf 88' lang='lat' dir='ltr'><strong>Antuerp.·</strong></span> 
     </span>
     <span class='ocr_line' id='line_1_49' title="bbox 81 4808 881 4881; baseline 0.001 -16"><span class='ocrx_word' id='word_1_511' title='bbox 81 4808 141 4881; x_wconf 78' lang='lat' dir='ltr'><strong>idai.</strong></span> <span class='ocrx_word' id='word_1_512' title='bbox 165 4819 194 4867; x_wconf 88' lang='lat' dir='ltr'><strong>et</strong></span> <span class='ocrx_word' id='word_1_513' title='bbox 216 4813 371 4880; x_wconf 78' lang='lat' dir='ltr'><strong>dinocrate,</strong></span> <span class='ocrx_word' id='word_1_514' title='bbox 397 4829 453 4868; x_wconf 92' lang='lat' dir='ltr'><strong>non</strong></span> <span class='ocrx_word' id='word_1_515' title='bbox 475 4813 647 4880; x_wconf 75' lang='lat' dir='ltr'><strong>Maximiani,</strong></span> <span class='ocrx_word' id='word_1_516' title='bbox 671 4820 705 4868; x_wconf 87' lang='lat' dir='ltr'><strong>ut</strong></span> <span class='ocrx_word' id='word_1_517' title='bbox 720 4813 839 4868; x_wconf 87' lang='lat' dir='ltr'><strong>Greven.</strong></span> <span class='ocrx_word' id='word_1_518' title='bbox 854 4817 881 4866; x_wconf 90' lang='lat' dir='ltr'><strong>et</strong></span> 
     </span>
     <span class='ocr_line' id='line_1_50' title="bbox 82 4879 882 4957; baseline 0.003 -21"><span class='ocrx_word' id='word_1_519' title='bbox 82 4879 180 4940; x_wconf 74' lang='lat' dir='ltr'><strong>lotan.</strong></span> <span class='ocrx_word' id='word_1_520' title='bbox 196 4884 230 4940; x_wconf 95' lang='lat' dir='ltr'><strong>lu</strong></span> <span class='ocrx_word' id='word_1_521' title='bbox 244 4884 390 4943; x_wconf 86' lang='lat' dir='ltr'><strong>codicibus</strong></span> <span class='ocrx_word' id='word_1_522' title='bbox 404 4891 445 4940; x_wconf 90' lang='lat' dir='ltr'><strong>est</strong></span> <span class='ocrx_word' id='word_1_523' title='bbox 459 4892 487 4942; x_wconf 91' lang='lat' dir='ltr'><strong>et</strong></span> <span class='ocrx_word' id='word_1_524' title='bbox 499 4900 558 4942; x_wconf 86' lang='lat' dir='ltr'><strong>esse</strong></span> <span class='ocrx_word' id='word_1_525' title='bbox 571 4884 652 4941; x_wconf 90' lang='lat' dir='ltr'><strong>debet</strong></span> <span class='ocrx_word' id='word_1_526' title='bbox 665 4885 801 4957; x_wconf 73' lang='lat' dir='ltr'><strong>Pamphili</strong></span> <span class='ocrx_word' id='word_1_527' title='bbox 815 4899 882 4955; x_wconf 84' lang='lat' dir='ltr'><strong>pre-</strong></span> 
     </span>
    </p>
   </div>
   <div class='ocr_carea' id='block_1_11' title="bbox 932 4094 1734 4954">
    <p class='ocr_par' dir='ltr' id='par_1_12' title="bbox 932 4094 1734 4954">
     <span class='ocr_line' id='line_1_51' title="bbox 934 4094 1731 4177; baseline -0.001 -24"><span class='ocrx_word' id='word_1_528' title='bbox 934 4097 1036 4154; x_wconf 88' lang='lat' dir='ltr'><strong>habeut</strong></span> <span class='ocrx_word' id='word_1_529' title='bbox 1049 4112 1182 4152; x_wconf 80' lang='lat' dir='ltr'><strong>omnesne</strong></span> <span class='ocrx_word' id='word_1_530' title='bbox 1196 4097 1332 4167; x_wconf 88' lang='lat' dir='ltr'><strong>reperisse,</strong></span> <span class='ocrx_word' id='word_1_531' title='bbox 1349 4097 1425 4151; x_wconf 84' lang='lat' dir='ltr'><strong>velut</strong></span> <span class='ocrx_word' id='word_1_532' title='bbox 1439 4094 1557 4152; x_wconf 87' lang='lat' dir='ltr'><strong>Greven.</strong></span> <span class='ocrx_word' id='word_1_533' title='bbox 1574 4097 1731 4177; x_wconf 83' lang='lat' dir='ltr'><strong>repperisse,</strong></span> 
     </span>
     <span class='ocr_line' id='line_1_52' title="bbox 932 4167 1733 4240; baseline -0.001 -15"><span class='ocrx_word' id='word_1_534' title='bbox 932 4170 1026 4225; x_wconf 87' lang='lat' dir='ltr'><strong>nescio</strong></span> <span class='ocrx_word' id='word_1_535' title='bbox 1042 4169 1110 4240; x_wconf 91' lang='lat' dir='ltr'><strong>quid</strong></span> <span class='ocrx_word' id='word_1_536' title='bbox 1123 4169 1270 4236; x_wconf 76' lang='lat' dir='ltr'><strong>Munerat,</strong></span> <span class='ocrx_word' id='word_1_537' title='bbox 1286 4167 1368 4223; x_wconf 90' lang='lat' dir='ltr'><strong>solito</strong></span> <span class='ocrx_word' id='word_1_538' title='bbox 1384 4177 1474 4223; x_wconf 88' lang='lat' dir='ltr'><strong>tamen</strong></span> <span class='ocrx_word' id='word_1_539' title='bbox 1486 4169 1655 4240; x_wconf 87' lang='lat' dir='ltr'><strong>castigatior,</strong></span> <span class='ocrx_word' id='word_1_540' title='bbox 1664 4168 1733 4224; x_wconf 86' lang='lat' dir='ltr'><strong>velit</strong></span> 
     </span>
     <span class='ocr_line' id='line_1_53' title="bbox 932 4238 1732 4319; baseline -0.005 -23"><span class='ocrx_word' id='word_1_541' title='bbox 932 4257 980 4314; x_wconf 90' lang='lat' dir='ltr'><strong>per</strong></span> <span class='ocrx_word' id='word_1_542' title='bbox 995 4241 1127 4312; x_wconf 83' lang='lat' dir='ltr'><strong>recepisse.</strong></span> <span class='ocrx_word' id='word_1_543' title='bbox 1144 4240 1226 4295; x_wconf 89' lang='lat' dir='ltr'><strong>Plura</strong></span> <span class='ocrx_word' id='word_1_544' title='bbox 1236 4246 1385 4295; x_wconf 89' lang='lat' dir='ltr'><strong>occurrunt</strong></span> <span class='ocrx_word' id='word_1_545' title='bbox 1402 4239 1547 4310; x_wconf 88' lang='lat' dir='ltr'><strong>scriptoria</strong></span> <span class='ocrx_word' id='word_1_546' title='bbox 1568 4238 1732 4319; x_wconf 85' lang='lat' dir='ltr'><strong>sphalmata,</strong></span> 
     </span>
     <span class='ocr_line' id='line_1_54' title="bbox 932 4310 1733 4383; baseline -0.006 -16"><span class='ocrx_word' id='word_1_547' title='bbox 932 4321 962 4367; x_wconf 92' lang='lat' dir='ltr'><strong>ut</strong></span> <span class='ocrx_word' id='word_1_548' title='bbox 975 4312 1124 4378; x_wconf 82' lang='lat' dir='ltr'><strong>Nicomedis,</strong></span> <span class='ocrx_word' id='word_1_549' title='bbox 1136 4312 1287 4383; x_wconf 86' lang='lat' dir='ltr'><strong>presbiteri,</strong></span> <span class='ocrx_word' id='word_1_550' title='bbox 1311 4311 1462 4375; x_wconf 81' lang='lat' dir='ltr'><strong>Palestinae,</strong></span> <span class='ocrx_word' id='word_1_551' title='bbox 1488 4311 1669 4375; x_wconf 74' lang='lat' dir='ltr'><strong>Caesariensis,</strong></span> <span class='ocrx_word' id='word_1_552' title='bbox 1684 4310 1733 4363; x_wconf 80' lang='lat' dir='ltr'><strong>Je-</strong></span> 
     </span>
     <span class='ocr_line' id='line_1_55' title="bbox 932 4378 1732 4457; baseline -0.009 -19"><span class='ocrx_word' id='word_1_553' title='bbox 932 4385 1063 4450; x_wconf 84' lang='lat' dir='ltr'><strong>ronimiis,</strong></span> <span class='ocrx_word' id='word_1_554' title='bbox 1080 4384 1261 4447; x_wconf 85' lang='lat' dir='ltr'><strong>Hieronimas,</strong></span> <span class='ocrx_word' id='word_1_555' title='bbox 1285 4381 1390 4451; x_wconf 84' lang='lat' dir='ltr'><strong>inquid,</strong></span> <span class='ocrx_word' id='word_1_556' title='bbox 1415 4381 1489 4436; x_wconf 81' lang='lat' dir='ltr'><strong>Cresi‘</strong></span> <span class='ocrx_word' id='word_1_557' title='bbox 1512 4388 1538 4435; x_wconf 91' lang='lat' dir='ltr'><strong>et</strong></span> <span class='ocrx_word' id='word_1_558' title='bbox 1563 4378 1732 4457; x_wconf 59' lang='lat' dir='ltr'><strong>Lirinensisg</strong></span> 
     </span>
     <span class='ocr_line' id='line_1_56' title="bbox 933 4450 1731 4526; baseline -0.009 -19"><span class='ocrx_word' id='word_1_559' title='bbox 933 4471 1051 4526; x_wconf 88' lang='lat' dir='ltr'><strong>quorum</strong></span> <span class='ocrx_word' id='word_1_560' title='bbox 1063 4470 1093 4507; x_wconf 89' lang='lat' dir='ltr'><strong>ea</strong></span> <span class='ocrx_word' id='word_1_561' title='bbox 1109 4453 1243 4507; x_wconf 82' lang='lat' dir='ltr'><strong>seruanda</strong></span> <span class='ocrx_word' id='word_1_562' title='bbox 1255 4452 1422 4523; x_wconf 86' lang='lat' dir='ltr'><strong>putavimus,</strong></span> <span class='ocrx_word' id='word_1_563' title='bbox 1439 4452 1468 4504; x_wconf 92' lang='lat' dir='ltr'><strong>in</strong></span> <span class='ocrx_word' id='word_1_564' title='bbox 1484 4450 1584 4522; x_wconf 92' lang='lat' dir='ltr'><strong>quibus</strong></span> <span class='ocrx_word' id='word_1_565' title='bbox 1600 4462 1731 4519; x_wconf 74' lang='lat' dir='ltr'><strong>precipui</strong></span> 
     </span>
     <span class='ocr_line' id='line_1_57' title="bbox 934 4517 1732 4581; baseline -0.014 0"><span class='ocrx_word' id='word_1_566' title='bbox 934 4524 1042 4581; x_wconf 90' lang='lat' dir='ltr'><strong>codices</strong></span> <span class='ocrx_word' id='word_1_567' title='bbox 1052 4530 1079 4578; x_wconf 88' lang='lat' dir='ltr'><strong>et</strong></span> <span class='ocrx_word' id='word_1_568' title='bbox 1089 4524 1136 4576; x_wconf 87' lang='lat' dir='ltr'><strong>alii</strong></span> <span class='ocrx_word' id='word_1_569' title='bbox 1151 4522 1233 4577; x_wconf 90' lang='lat' dir='ltr'><strong>hodie</strong></span> <span class='ocrx_word' id='word_1_570' title='bbox 1243 4522 1423 4576; x_wconf 90' lang='lat' dir='ltr'><strong>conveniunt.</strong></span> <span class='ocrx_word' id='word_1_571' title='bbox 1436 4519 1548 4574; x_wconf 82' lang='lat' dir='ltr'><strong>Erraiit</strong></span> <span class='ocrx_word' id='word_1_572' title='bbox 1566 4519 1656 4571; x_wconf 90' lang='lat' dir='ltr'><strong>denuo</strong></span> <span class='ocrx_word' id='word_1_573' title='bbox 1670 4517 1732 4571; x_wconf 89' lang='lat' dir='ltr'><strong>Pra-</strong></span> 
     </span>
     <span class='ocr_line' id='line_1_58' title="bbox 932 4587 1733 4661; baseline -0.01 -10"><span class='ocrx_word' id='word_1_574' title='bbox 932 4596 1019 4651; x_wconf 90' lang='lat' dir='ltr'><strong>tensis</strong></span> <span class='ocrx_word' id='word_1_575' title='bbox 1030 4592 1217 4649; x_wconf 90' lang='lat' dir='ltr'><strong>subtrahendo</strong></span> <span class='ocrx_word' id='word_1_576' title='bbox 1229 4592 1340 4646; x_wconf 90' lang='lat' dir='ltr'><strong>titulum</strong></span> <span class='ocrx_word' id='word_1_577' title='bbox 1351 4591 1464 4661; x_wconf 87' lang='lat' dir='ltr'><strong>episcopi</strong></span> <span class='ocrx_word' id='word_1_578' title='bbox 1475 4587 1638 4656; x_wconf 81' lang='lat' dir='ltr'><strong>liereriano,</strong></span> <span class='ocrx_word' id='word_1_579' title='bbox 1650 4603 1733 4661; x_wconf 90' lang='lat' dir='ltr'><strong>quem</strong></span> 
     </span>
     <span class='ocr_line' id='line_1_59' title="bbox 934 4660 1734 4737; baseline -0.006 -16"><span class='ocrx_word' id='word_1_580' title='bbox 934 4668 1005 4722; x_wconf 86' lang='lat' dir='ltr'><strong>niale</strong></span> <span class='ocrx_word' id='word_1_581' title='bbox 1020 4681 1103 4737; x_wconf 92' lang='lat' dir='ltr'><strong>supro</strong></span> <span class='ocrx_word' id='word_1_582' title='bbox 1116 4665 1179 4720; x_wconf 88' lang='lat' dir='ltr'><strong>Pam</strong></span> <span class='ocrx_word' id='word_1_583' title='bbox 1203 4662 1260 4718; x_wconf 90' lang='lat' dir='ltr'><strong>hilo</strong></span> <span class='ocrx_word' id='word_1_584' title='bbox 1271 4662 1414 4718; x_wconf 88' lang='lat' dir='ltr'><strong>tribuerat.</strong></span> <span class='ocrx_word' id='word_1_585' title='bbox 1431 4662 1492 4718; x_wconf 91' lang='lat' dir='ltr'><strong>Nou</strong></span> <span class='ocrx_word' id='word_1_586' title='bbox 1510 4660 1602 4715; x_wconf 88' lang='lat' dir='ltr'><strong>minus</strong></span> <span class='ocrx_word' id='word_1_587' title='bbox 1615 4660 1734 4732; x_wconf 90' lang='lat' dir='ltr'><strong>turpiter</strong></span> 
     </span>
     <span class='ocr_line' id='line_1_60' title="bbox 935 4681 1732 4809; baseline -0.006 -16"><span class='ocrx_word' id='word_1_588' title='bbox 935 4738 1037 4794; x_wconf 89' lang='lat' dir='ltr'><strong>labitur</strong></span> <span class='ocrx_word' id='word_1_589' title='bbox 1053 4681 1277 4809; x_wconf 64' lang='lat' dir='ltr'><strong>discip-dayes,</strong></span> <span class='ocrx_word' id='word_1_590' title='bbox 1295 4735 1343 4808; x_wconf 90' lang='lat' dir='ltr'><strong>qui</strong></span> <span class='ocrx_word' id='word_1_591' title='bbox 1359 4752 1408 4807; x_wconf 94' lang='lat' dir='ltr'><strong>pro</strong></span> <span class='ocrx_word' id='word_1_592' title='bbox 1422 4732 1562 4791; x_wconf 84' lang='lat' dir='ltr'><strong>Reaeriani</strong></span> <span class='ocrx_word' id='word_1_593' title='bbox 1584 4732 1732 4805; x_wconf 86' lang='lat' dir='ltr'><strong>episcopi...</strong></span> 
     </span>
     <span class='ocr_line' id='line_1_61' title="bbox 935 4804 1734 4891; baseline -0.01 -26"><span class='ocrx_word' id='word_1_594' title='bbox 935 4827 993 4865; x_wconf 89' lang='lat' dir='ltr'><strong>cam</strong></span> <span class='ocrx_word' id='word_1_595' title='bbox 1004 4811 1102 4866; x_wconf 86' lang='lat' dir='ltr'><strong>aliis...</strong></span> <span class='ocrx_word' id='word_1_596' title='bbox 1120 4809 1252 4891; x_wconf 70' lang='lat' dir='ltr'><strong>martyrio</strong></span> <span class='ocrx_word' id='word_1_597' title='bbox 1267 4807 1397 4873; x_wconf 84' lang='lat' dir='ltr'><strong>coronati,</strong></span> <span class='ocrx_word' id='word_1_598' title='bbox 1419 4806 1511 4879; x_wconf 90' lang='lat' dir='ltr'><strong>posuit</strong></span> <span class='ocrx_word' id='word_1_599' title='bbox 1525 4805 1661 4862; x_wconf 83' lang='lat' dir='ltr'><strong>Severioni</strong></span> <span class='ocrx_word' id='word_1_600' title='bbox 1674 4804 1734 4874; x_wconf 89' lang='lat' dir='ltr'><strong>cpi-</strong></span> 
     </span>
     <span class='ocr_line' id='line_1_62' title="bbox 934 4881 1225 4954; baseline 0 -18"><span class='ocrx_word' id='word_1_601' title='bbox 934 4884 1007 4954; x_wconf 85' lang='lat' dir='ltr'><strong>scopi</strong></span> <span class='ocrx_word' id='word_1_602' title='bbox 1019 4889 1043 4938; x_wconf 92' lang='lat' dir='ltr'><strong>et</strong></span> <span class='ocrx_word' id='word_1_603' title='bbox 1057 4881 1225 4952; x_wconf 74' lang='lat' dir='ltr'><strong>confessoris.</strong></span> 
     </span>
    </p>
   </div>
   <div class='ocr_carea' id='block_1_12' title="bbox 115 5008 1733 5187">
    <p class='ocr_par' dir='ltr' id='par_1_13' title="bbox 115 5008 1733 5187">
     <span class='ocr_line' id='line_1_63' title="bbox 760 5008 1063 5067; baseline -0.007 -1"><span class='ocrx_word' id='word_1_604' title='bbox 760 5008 1063 5067; x_wconf 83' lang='lat' dir='ltr'><strong>OBSERVATIONES.</strong></span> 
     </span>
     <span class='ocr_line' id='line_1_64' title="bbox 115 5099 1733 5187; baseline -0.006 -20"><span class='ocrx_word' id='word_1_605' title='bbox 115 5112 173 5168; x_wconf 83' lang='lat' dir='ltr'><strong>iam</strong></span> <span class='ocrx_word' id='word_1_606' title='bbox 194 5113 306 5170; x_wconf 90' lang='lat' dir='ltr'><strong>abunde</strong></span> <span class='ocrx_word' id='word_1_607' title='bbox 331 5115 490 5171; x_wconf 85' lang='lat' dir='ltr'><strong>notavimus</strong></span> <span class='ocrx_word' id='word_1_608' title='bbox 515 5113 674 5186; x_wconf 89' lang='lat' dir='ltr'><strong>ambiguum</strong></span> <span class='ocrx_word' id='word_1_609' title='bbox 697 5130 755 5170; x_wconf 91' lang='lat' dir='ltr'><strong>esse</strong></span> <span class='ocrx_word' id='word_1_610' title='bbox 768 5113 835 5187; x_wconf 91' lang='lat' dir='ltr'><strong>quid</strong></span> <span class='ocrx_word' id='word_1_611' title='bbox 848 5113 918 5179; x_wconf 78' lang='lat' dir='ltr'><strong>dec</strong></span> <span class='ocrx_word' id='word_1_612' title='bbox 935 5114 984 5181; x_wconf 86' lang='lat' dir='ltr'><strong>ris,</strong></span> <span class='ocrx_word' id='word_1_613' title='bbox 998 5119 1025 5168; x_wconf 91' lang='lat' dir='ltr'><strong>et</strong></span> <span class='ocrx_word' id='word_1_614' title='bbox 1039 5120 1100 5184; x_wconf 87' lang='lat' dir='ltr'><strong>post</strong></span> <span class='ocrx_word' id='word_1_615' title='bbox 1113 5128 1176 5167; x_wconf 93' lang='lat' dir='ltr'><strong>eum</strong></span> <span class='ocrx_word' id='word_1_616' title='bbox 1190 5109 1337 5184; x_wconf 90' lang='lat' dir='ltr'><strong>subjunxit</strong></span> <span class='ocrx_word' id='word_1_617' title='bbox 1353 5109 1490 5175; x_wconf 79' lang='lat' dir='ltr'><strong>habimus,</strong></span> <span class='ocrx_word' id='word_1_618' title='bbox 1515 5100 1625 5159; x_wconf 84' lang='lat' dir='ltr'><strong>ecclesia</strong></span> <span class='ocrx_word' id='word_1_619' title='bbox 1647 5099 1733 5158; x_wconf 83' lang='lat' dir='ltr'><strong>Dedi-</strong></span> 
     </span>
    </p>
   </div>
   <div class='ocr_carea' id='block_1_13' title="bbox 83 5182 882 5906">
    <p class='ocr_par' dir='ltr' id='par_1_14' title="bbox 83 5182 882 5906">
     <span class='ocr_line' id='line_1_65' title="bbox 83 5182 881 5259; baseline 0.003 -21"><span class='ocrx_word' id='word_1_620' title='bbox 83 5182 217 5240; x_wconf 65' lang='lat' dir='ltr'><strong>Neomede</strong></span> <span class='ocrx_word' id='word_1_621' title='bbox 227 5187 307 5257; x_wconf 85' lang='lat' dir='ltr'><strong>presb</strong></span> <span class='ocrx_word' id='word_1_622' title='bbox 329 5193 388 5241; x_wconf 89' lang='lat' dir='ltr'><strong>tero</strong></span> <span class='ocrx_word' id='word_1_623' title='bbox 405 5194 432 5241; x_wconf 91' lang='lat' dir='ltr'><strong>et</strong></span> <span class='ocrx_word' id='word_1_624' title='bbox 447 5195 577 5259; x_wconf 87' lang='lat' dir='ltr'><strong>martyre,</strong></span> <span class='ocrx_word' id='word_1_625' title='bbox 602 5186 684 5257; x_wconf 91' lang='lat' dir='ltr'><strong>primi</strong></span> <span class='ocrx_word' id='word_1_626' title='bbox 704 5186 766 5242; x_wconf 87' lang='lat' dir='ltr'><strong>enin</strong></span> <span class='ocrx_word' id='word_1_627' title='bbox 788 5185 881 5258; x_wconf 87' lang='lat' dir='ltr'><strong>phrasi</strong></span> 
     </span>
     <span class='ocr_line' id='line_1_66' title="bbox 84 5203 880 5338; baseline 0.003 -28"><span class='ocrx_word' id='word_1_628' title='bbox 84 5256 222 5338; x_wconf 82' lang='lat' dir='ltr'><strong>scripserit</strong></span> <span class='ocrx_word' id='word_1_629' title='bbox 236 5257 288 5313; x_wconf 86' lang='lat' dir='ltr'><strong>hac</strong></span> <span class='ocrx_word' id='word_1_630' title='bbox 302 5203 348 5313; x_wconf 64' lang='lat' dir='ltr'><strong>die</strong></span> <span class='ocrx_word' id='word_1_631' title='bbox 363 5258 512 5328; x_wconf 89' lang='lat' dir='ltr'><strong>Usuardus,</strong></span> <span class='ocrx_word' id='word_1_632' title='bbox 531 5258 611 5330; x_wconf 87' lang='lat' dir='ltr'><strong>cujus</strong></span> <span class='ocrx_word' id='word_1_633' title='bbox 625 5203 742 5314; x_wconf 50' lang='lat' dir='ltr'><strong>natabam</strong></span> <span class='ocrx_word' id='word_1_634' title='bbox 758 5274 806 5338; x_wconf 83' lang='lat' dir='ltr'><strong>seq</strong></span> <span class='ocrx_word' id='word_1_635' title='bbox 820 5273 880 5313; x_wconf 89' lang='lat' dir='ltr'><strong>cer·</strong></span> 
     </span>
     <span class='ocr_line' id='line_1_67' title="bbox 83 5328 881 5410; baseline 0.005 -30"><span class='ocrx_word' id='word_1_636' title='bbox 83 5333 192 5384; x_wconf 85' lang='lat' dir='ltr'><strong>taminis</strong></span> <span class='ocrx_word' id='word_1_637' title='bbox 206 5328 294 5396; x_wconf 90' lang='lat' dir='ltr'><strong>diem,</strong></span> <span class='ocrx_word' id='word_1_638' title='bbox 311 5331 368 5410; x_wconf 87' lang='lat' dir='ltr'><strong>ipse</strong></span> <span class='ocrx_word' id='word_1_639' title='bbox 382 5338 442 5401; x_wconf 90' lang='lat' dir='ltr'><strong>post</strong></span> <span class='ocrx_word' id='word_1_640' title='bbox 455 5331 533 5397; x_wconf 87' lang='lat' dir='ltr'><strong>alios,</strong></span> <span class='ocrx_word' id='word_1_641' title='bbox 547 5347 606 5385; x_wconf 89' lang='lat' dir='ltr'><strong>xvii</strong></span> <span class='ocrx_word' id='word_1_642' title='bbox 618 5330 678 5385; x_wconf 87' lang='lat' dir='ltr'><strong>Kal.</strong></span> <span class='ocrx_word' id='word_1_643' title='bbox 690 5330 818 5385; x_wconf 81' lang='lat' dir='ltr'><strong>Octobris</strong></span> <span class='ocrx_word' id='word_1_644' title='bbox 833 5344 881 5384; x_wconf 88' lang='lat' dir='ltr'><strong>seu</strong></span> 
     </span>
     <span class='ocr_line' id='line_1_68' title="bbox 84 5400 881 5485; baseline 0.004 -34"><span class='ocrx_word' id='word_1_645' title='bbox 84 5413 116 5451; x_wconf 87' lang='lat' dir='ltr'><strong>xv</strong></span> <span class='ocrx_word' id='word_1_646' title='bbox 130 5400 303 5472; x_wconf 87' lang='lat' dir='ltr'><strong>Septembris</strong></span> <span class='ocrx_word' id='word_1_647' title='bbox 317 5403 456 5457; x_wconf 83' lang='lat' dir='ltr'><strong>innexuit.</strong></span> <span class='ocrx_word' id='word_1_648' title='bbox 474 5402 523 5485; x_wconf 81' lang='lat' dir='ltr'><strong>Agi</strong></span> <span class='ocrx_word' id='word_1_649' title='bbox 539 5402 573 5457; x_wconf 92' lang='lat' dir='ltr'><strong>de</strong></span> <span class='ocrx_word' id='word_1_650' title='bbox 588 5402 680 5473; x_wconf 85' lang='lat' dir='ltr'><strong>aliqua</strong></span> <span class='ocrx_word' id='word_1_651' title='bbox 695 5401 836 5467; x_wconf 85' lang='lat' dir='ltr'><strong>Ecclesiae,</strong></span> <span class='ocrx_word' id='word_1_652' title='bbox 852 5402 881 5455; x_wconf 90' lang='lat' dir='ltr'><strong>in</strong></span> 
     </span>
     <span class='ocr_line' id='line_1_69' title="bbox 85 5471 880 5544; baseline 0.004 -21"><span class='ocrx_word' id='word_1_653' title='bbox 85 5474 211 5544; x_wconf 88' lang='lat' dir='ltr'><strong>martyris</strong></span> <span class='ocrx_word' id='word_1_654' title='bbox 228 5472 374 5538; x_wconf 91' lang='lat' dir='ltr'><strong>honorem,</strong></span> <span class='ocrx_word' id='word_1_655' title='bbox 389 5472 573 5541; x_wconf 88' lang='lat' dir='ltr'><strong>dedicatione,</strong></span> <span class='ocrx_word' id='word_1_656' title='bbox 590 5472 766 5527; x_wconf 81' lang='lat' dir='ltr'><strong>manifestum</strong></span> <span class='ocrx_word' id='word_1_657' title='bbox 779 5479 828 5534; x_wconf 88' lang='lat' dir='ltr'><strong>est,</strong></span> <span class='ocrx_word' id='word_1_658' title='bbox 842 5471 880 5526; x_wconf 92' lang='lat' dir='ltr'><strong>id·</strong></span> 
     </span>
     <span class='ocr_line' id='line_1_70' title="bbox 84 5541 879 5616; baseline 0.003 -19"><span class='ocrx_word' id='word_1_659' title='bbox 84 5557 131 5612; x_wconf 89' lang='lat' dir='ltr'><strong>que</strong></span> <span class='ocrx_word' id='word_1_660' title='bbox 146 5547 256 5616; x_wconf 90' lang='lat' dir='ltr'><strong>primus</strong></span> <span class='ocrx_word' id='word_1_661' title='bbox 275 5545 397 5616; x_wconf 81' lang='lat' dir='ltr'><strong>signasse</strong></span> <span class='ocrx_word' id='word_1_662' title='bbox 412 5545 523 5601; x_wconf 89' lang='lat' dir='ltr'><strong>videtur</strong></span> <span class='ocrx_word' id='word_1_663' title='bbox 545 5554 642 5601; x_wconf 91' lang='lat' dir='ltr'><strong>auctor</strong></span> <span class='ocrx_word' id='word_1_664' title='bbox 658 5544 771 5601; x_wconf 84' lang='lat' dir='ltr'><strong>Romani</strong></span> <span class='ocrx_word' id='word_1_665' title='bbox 791 5541 879 5615; x_wconf 83' lang='lat' dir='ltr'><strong>parvi,</strong></span> 
     </span>
     <span class='ocr_line' id='line_1_71' title="bbox 84 5610 881 5685; baseline 0 -16"><span class='ocrx_word' id='word_1_666' title='bbox 84 5610 123 5670; x_wconf 88' lang='lat' dir='ltr'><strong>his</strong></span> <span class='ocrx_word' id='word_1_667' title='bbox 135 5616 249 5672; x_wconf 80' lang='lat' dir='ltr'><strong>uerbis:</strong></span> <span class='ocrx_word' id='word_1_668' title='bbox 266 5616 405 5672; x_wconf 87' lang='lat' dir='ltr'><strong>Dedicatio</strong></span> <span class='ocrx_word' id='word_1_669' title='bbox 420 5617 447 5674; x_wconf 87' lang='lat' dir='ltr'><strong>S.</strong></span> <span class='ocrx_word' id='word_1_670' title='bbox 464 5617 612 5673; x_wconf 84' lang='lat' dir='ltr'><strong>Nicomedia</strong></span> <span class='ocrx_word' id='word_1_671' title='bbox 627 5615 755 5685; x_wconf 73' lang='lat' dir='ltr'><strong>martyris</strong></span> <span class='ocrx_word' id='word_1_672' title='bbox 763 5633 774 5680; x_wconf 90' lang='lat'><strong>,·</strong></span> <span class='ocrx_word' id='word_1_673' title='bbox 797 5613 881 5671; x_wconf 87' lang='lat' dir='ltr'><strong>addi-</strong></span> 
     </span>
     <span class='ocr_line' id='line_1_72' title="bbox 83 5684 881 5761; baseline 0.001 -20"><span class='ocrx_word' id='word_1_674' title='bbox 83 5684 120 5742; x_wconf 89' lang='lat' dir='ltr'><strong>dit</strong></span> <span class='ocrx_word' id='word_1_675' title='bbox 133 5688 208 5756; x_wconf 85' lang='lat' dir='ltr'><strong>Ado,</strong></span> <span class='ocrx_word' id='word_1_676' title='bbox 222 5689 371 5761; x_wconf 76' lang='lat' dir='ltr'><strong>presbytcri</strong></span> <span class='ocrx_word' id='word_1_677' title='bbox 384 5689 457 5759; x_wconf 88' lang='lat' dir='ltr'><strong>opud</strong></span> <span class='ocrx_word' id='word_1_678' title='bbox 470 5691 561 5746; x_wconf 86' lang='lat' dir='ltr'><strong>arhein</strong></span> <span class='ocrx_word' id='word_1_679' title='bbox 574 5691 696 5756; x_wconf 84' lang='lat' dir='ltr'><strong>Romam,</strong></span> <span class='ocrx_word' id='word_1_680' title='bbox 712 5687 794 5744; x_wconf 89' lang='lat' dir='ltr'><strong>simul</strong></span> <span class='ocrx_word' id='word_1_681' title='bbox 811 5686 881 5743; x_wconf 92' lang='lat' dir='ltr'><strong>indi·</strong></span> 
     </span>
     <span class='ocr_line' id='line_1_73' title="bbox 84 5759 881 5836; baseline -0.001 -21"><span class='ocrx_word' id='word_1_682' title='bbox 84 5772 143 5816; x_wconf 83' lang='lat' dir='ltr'><strong>raris</strong></span> <span class='ocrx_word' id='word_1_683' title='bbox 159 5761 236 5816; x_wconf 88' lang='lat' dir='ltr'><strong>diem</strong></span> <span class='ocrx_word' id='word_1_684' title='bbox 249 5762 371 5818; x_wconf 70' lang='lat' dir='ltr'><strong>naulum</strong></span> <span class='ocrx_word' id='word_1_685' title='bbox 387 5764 435 5834; x_wconf 89' lang='lat' dir='ltr'><strong>qui</strong></span> <span class='ocrx_word' id='word_1_686' title='bbox 451 5778 543 5836; x_wconf 90' lang='lat' dir='ltr'><strong>supra.</strong></span> <span class='ocrx_word' id='word_1_687' title='bbox 559 5761 643 5829; x_wconf 81' lang='lat' dir='ltr'><strong>Reda,</strong></span> <span class='ocrx_word' id='word_1_688' title='bbox 671 5759 742 5817; x_wconf 85' lang='lat' dir='ltr'><strong>iortc</strong></span> <span class='ocrx_word' id='word_1_689' title='bbox 763 5767 881 5832; x_wconf 90' lang='lat' dir='ltr'><strong>utroque</strong></span> 
     </span>
     <span class='ocr_line' id='line_1_74' title="bbox 83 5831 882 5906; baseline -0.001 -19"><span class='ocrx_word' id='word_1_690' title='bbox 83 5831 233 5905; x_wconf 83' lang='lat' dir='ltr'><strong>moquior,</strong></span> <span class='ocrx_word' id='word_1_691' title='bbox 248 5831 352 5890; x_wconf 87' lang='lat' dir='ltr'><strong>diserte</strong></span> <span class='ocrx_word' id='word_1_692' title='bbox 365 5831 459 5906; x_wconf 85' lang='lat' dir='ltr'><strong>posuit</strong></span> <span class='ocrx_word' id='word_1_693' title='bbox 471 5849 479 5890; x_wconf 77' lang='grc' dir='ltr'><strong><em>ε</em></strong></span> <span class='ocrx_word' id='word_1_694' title='bbox 493 5833 600 5895; x_wconf 72' lang='lat' dir='ltr'><strong>Nouia</strong></span> <span class='ocrx_word' id='word_1_695' title='bbox 612 5831 761 5892; x_wconf 82' lang='lat' dir='ltr'><strong>Nicomedis</strong></span> <span class='ocrx_word' id='word_1_696' title='bbox 773 5836 882 5901; x_wconf 88' lang='lat' dir='ltr'><strong>marty-</strong></span> 
     </span>
    </p>
   </div>
   <div class='ocr_carea' id='block_1_14' title="bbox 933 5172 1739 5898">
    <p class='ocr_par' dir='ltr' id='par_1_15' title="bbox 933 5172 1733 5824">
     <span class='ocr_line' id='line_1_75' title="bbox 935 5172 1732 5250; baseline -0.013 -10"><span class='ocrx_word' id='word_1_697' title='bbox 935 5186 1012 5241; x_wconf 88' lang='lat' dir='ltr'><strong>cctio.</strong></span> <span class='ocrx_word' id='word_1_698' title='bbox 1027 5184 1123 5240; x_wconf 89' lang='lat' dir='ltr'><strong>Utrum</strong></span> <span class='ocrx_word' id='word_1_699' title='bbox 1139 5199 1174 5239; x_wconf 88' lang='lat' dir='ltr'><strong>ex</strong></span> <span class='ocrx_word' id='word_1_700' title='bbox 1184 5182 1238 5250; x_wconf 88' lang='lat' dir='ltr'><strong>his,</strong></span> <span class='ocrx_word' id='word_1_701' title='bbox 1253 5182 1385 5238; x_wconf 89' lang='lat' dir='ltr'><strong>nonsatis</strong></span> <span class='ocrx_word' id='word_1_702' title='bbox 1399 5177 1481 5235; x_wconf 88' lang='lat' dir='ltr'><strong>claris</strong></span> <span class='ocrx_word' id='word_1_703' title='bbox 1496 5172 1732 5245; x_wconf 79' lang='lat' dir='ltr'><strong>expressionibus,</strong></span> 
     </span>
     <span class='ocr_line' id='line_1_76' title="bbox 935 5245 1733 5327; baseline -0.013 -16"><span class='ocrx_word' id='word_1_704' title='bbox 935 5256 1121 5311; x_wconf 86' lang='lat' dir='ltr'><strong>obscuriorem</strong></span> <span class='ocrx_word' id='word_1_705' title='bbox 1137 5256 1218 5310; x_wconf 88' lang='lat' dir='ltr'><strong>aliam</strong></span> <span class='ocrx_word' id='word_1_706' title='bbox 1234 5253 1396 5311; x_wconf 82' lang='lat' dir='ltr'><strong>conflaverit</strong></span> <span class='ocrx_word' id='word_1_707' title='bbox 1410 5245 1550 5327; x_wconf 77' lang='lat' dir='ltr'><strong>Usuardus</strong></span> <span class='ocrx_word' id='word_1_708' title='bbox 1574 5261 1634 5326; x_wconf 76' lang='lat' dir='ltr'><strong>per,</strong></span> <span class='ocrx_word' id='word_1_709' title='bbox 1653 5245 1733 5302; x_wconf 88' lang='lat' dir='ltr'><strong>dedi-</strong></span> 
     </span>
     <span class='ocr_line' id='line_1_77' title="bbox 935 5317 1732 5398; baseline -0.01 -16"><span class='ocrx_word' id='word_1_710' title='bbox 935 5328 1002 5382; x_wconf 89' lang='lat' dir='ltr'><strong>catio</strong></span> <span class='ocrx_word' id='word_1_711' title='bbox 1018 5327 1127 5388; x_wconf 77' lang='lat' dir='ltr'><strong>intotis,</strong></span> <span class='ocrx_word' id='word_1_712' title='bbox 1153 5326 1249 5381; x_wconf 89' lang='lat' dir='ltr'><strong>haruin</strong></span> <span class='ocrx_word' id='word_1_713' title='bbox 1277 5338 1368 5378; x_wconf 86' lang='lat' dir='ltr'><strong>rorum</strong></span> <span class='ocrx_word' id='word_1_714' title='bbox 1391 5325 1473 5398; x_wconf 72' lang='lat' dir='ltr'><strong>periti</strong></span> <span class='ocrx_word' id='word_1_715' title='bbox 1497 5319 1608 5398; x_wconf 83' lang='lat' dir='ltr'><strong>lectoris</strong></span> <span class='ocrx_word' id='word_1_716' title='bbox 1623 5317 1732 5389; x_wconf 85' lang='lat' dir='ltr'><strong>Judicio</strong></span> 
     </span>
     <span class='ocr_line' id='line_1_78' title="bbox 936 5389 1733 5470; baseline -0.014 -15"><span class='ocrx_word' id='word_1_717' title='bbox 936 5399 1118 5470; x_wconf 88' lang='lat' dir='ltr'><strong>relinquimus</strong></span> <span class='ocrx_word' id='word_1_718' title='bbox 1133 5398 1280 5453; x_wconf 86' lang='lat' dir='ltr'><strong>maluimus</strong></span> <span class='ocrx_word' id='word_1_719' title='bbox 1295 5409 1344 5448; x_wconf 92' lang='lat' dir='ltr'><strong>nos</strong></span> <span class='ocrx_word' id='word_1_720' title='bbox 1360 5392 1474 5446; x_wconf 82' lang='lat' dir='ltr'><strong>Romani</strong></span> <span class='ocrx_word' id='word_1_721' title='bbox 1489 5404 1567 5462; x_wconf 90' lang='lat' dir='ltr'><strong>parvi</strong></span> <span class='ocrx_word' id='word_1_722' title='bbox 1584 5397 1611 5445; x_wconf 92' lang='lat' dir='ltr'><strong>et</strong></span> <span class='ocrx_word' id='word_1_723' title='bbox 1624 5389 1733 5445; x_wconf 89' lang='lat' dir='ltr'><strong>Adonis</strong></span> 
     </span>
     <span class='ocr_line' id='line_1_79' title="bbox 935 5459 1732 5545; baseline -0.015 -18"><span class='ocrx_word' id='word_1_724' title='bbox 935 5470 1086 5545; x_wconf 79' lang='lat' dir='ltr'><strong>syntaxim,</strong></span> <span class='ocrx_word' id='word_1_725' title='bbox 1100 5469 1211 5526; x_wconf 84' lang='lat' dir='ltr'><strong>solitam</strong></span> <span class='ocrx_word' id='word_1_726' title='bbox 1227 5461 1342 5524; x_wconf 85' lang='lat' dir='ltr'><strong>Usuardi</strong></span> <span class='ocrx_word' id='word_1_727' title='bbox 1358 5460 1479 5533; x_wconf 87' lang='lat' dir='ltr'><strong>regulam</strong></span> <span class='ocrx_word' id='word_1_728' title='bbox 1496 5460 1633 5534; x_wconf 77' lang='lat' dir='ltr'><strong>praeferre.</strong></span> <span class='ocrx_word' id='word_1_729' title='bbox 1644 5459 1732 5516; x_wconf 91' lang='lat' dir='ltr'><strong>Pluri-</strong></span> 
     </span>
     <span class='ocr_line' id='line_1_80' title="bbox 934 5529 1732 5605; baseline -0.016 -6"><span class='ocrx_word' id='word_1_730' title='bbox 934 5543 986 5601; x_wconf 91' lang='lat' dir='ltr'><strong>bus</strong></span> <span class='ocrx_word' id='word_1_731' title='bbox 1017 5541 1063 5599; x_wconf 91' lang='lat' dir='ltr'><strong>hic</strong></span> <span class='ocrx_word' id='word_1_732' title='bbox 1095 5557 1151 5597; x_wconf 90' lang='lat' dir='ltr'><strong>non</strong></span> <span class='ocrx_word' id='word_1_733' title='bbox 1175 5541 1316 5600; x_wconf 88' lang='lat' dir='ltr'><strong>immoror,</strong></span> <span class='ocrx_word' id='word_1_734' title='bbox 1344 5548 1408 5588; x_wconf 91' lang='lat' dir='ltr'><strong>cum</strong></span> <span class='ocrx_word' id='word_1_735' title='bbox 1434 5548 1476 5589; x_wconf 90' lang='lat' dir='ltr'><strong>ros</strong></span> <span class='ocrx_word' id='word_1_736' title='bbox 1499 5540 1558 5590; x_wconf 89' lang='lat' dir='ltr'><strong>tota</strong></span> <span class='ocrx_word' id='word_1_737' title='bbox 1580 5529 1732 5605; x_wconf 88' lang='lat' dir='ltr'><strong>operosiori</strong></span> 
     </span>
     <span class='ocr_line' id='line_1_81' title="bbox 934 5603 1733 5733; baseline -0.016 -62"><span class='ocrx_word' id='word_1_738' title='bbox 934 5614 1129 5687; x_wconf 87' lang='lat' dir='ltr'><strong>disquisitione</strong></span> <span class='ocrx_word' id='word_1_739' title='bbox 1152 5624 1221 5733; x_wconf 86' lang='lat' dir='ltr'><strong>opus</strong></span> <span class='ocrx_word' id='word_1_740' title='bbox 1243 5605 1354 5674; x_wconf 88' lang='lat' dir='ltr'><strong>habeat,</strong></span> <span class='ocrx_word' id='word_1_741' title='bbox 1373 5604 1463 5662; x_wconf 87' lang='lat' dir='ltr'><strong>danda</strong></span> <span class='ocrx_word' id='word_1_742' title='bbox 1477 5604 1506 5662; x_wconf 94' lang='lat' dir='ltr'><strong>iu</strong></span> <span class='ocrx_word' id='word_1_743' title='bbox 1520 5604 1598 5662; x_wconf 90' lang='lat' dir='ltr'><strong>Actis</strong></span> <span class='ocrx_word' id='word_1_744' title='bbox 1613 5603 1658 5660; x_wconf 89' lang='lat' dir='ltr'><strong>die</strong></span> <span class='ocrx_word' id='word_1_745' title='bbox 1673 5603 1680 5659; x_wconf 93' lang='lat' dir='ltr'><strong>i</strong></span> <span class='ocrx_word' id='word_1_746' title='bbox 1716 5617 1733 5658; x_wconf 92' lang='lat' dir='ltr'><strong>o</strong></span> 
     </span>
     <span class='ocr_line' id='line_1_82' title="bbox 933 5677 1731 5752; baseline -0.019 -10"><span class='ocrx_word' id='word_1_747' title='bbox 933 5685 1091 5744; x_wconf 90' lang='lat' dir='ltr'><strong>Nicomedis</strong></span> <span class='ocrx_word' id='word_1_748' title='bbox 1108 5689 1171 5738; x_wconf 90' lang='lat' dir='ltr'><strong>nata</strong></span> <span class='ocrx_word' id='word_1_749' title='bbox 1184 5680 1192 5732; x_wconf 90' lang='lat' dir='ltr'><strong>i</strong></span> <span class='ocrx_word' id='word_1_750' title='bbox 1209 5677 1252 5749; x_wconf 86' lang='lat' dir='ltr'><strong>(ut</strong></span> <span class='ocrx_word' id='word_1_751' title='bbox 1265 5677 1462 5752; x_wconf 84' lang='lat' dir='ltr'><strong>Martyrologia</strong></span> <span class='ocrx_word' id='word_1_752' title='bbox 1476 5677 1616 5748; x_wconf 89' lang='lat' dir='ltr'><strong>statuunt)</strong></span> <span class='ocrx_word' id='word_1_753' title='bbox 1631 5691 1668 5730; x_wconf 83' lang='lat' dir='ltr'><strong>xv</strong></span> <span class='ocrx_word' id='word_1_754' title='bbox 1721 5700 1731 5714; x_wconf 93' lang='lat'><strong>·</strong></span> 
     </span>
     <span class='ocr_line' id='line_1_83' title="bbox 952 5747 1733 5824; baseline -0.019 -11"><span class='ocrx_word' id='word_1_755' title='bbox 952 5754 1075 5813; x_wconf 88' lang='lat' dir='ltr'><strong>tembris.</strong></span> <span class='ocrx_word' id='word_1_756' title='bbox 1101 5748 1279 5809; x_wconf 71' lang='lat' dir='ltr'><strong>celeberrimi</strong></span> <span class='ocrx_word' id='word_1_757' title='bbox 1303 5749 1433 5822; x_wconf 89' lang='lat' dir='ltr'><strong>martyris</strong></span> <span class='ocrx_word' id='word_1_758' title='bbox 1461 5747 1596 5821; x_wconf 85' lang='lat' dir='ltr'><strong>Pamphili</strong></span> <span class='ocrx_word' id='word_1_759' title='bbox 1617 5757 1733 5824; x_wconf 82' lang='lat' dir='ltr'><strong>agnuam</strong></span> 
     </span>
    </p>

    <p class='ocr_par' dir='ltr' id='par_1_16' title="bbox 999 5813 1739 5898">
     <span class='ocr_line' id='line_1_84' title="bbox 999 5813 1739 5898; baseline -0.024 -14"><span class='ocrx_word' id='word_1_760' title='bbox 999 5826 1044 5884; x_wconf 88' lang='lat' dir='ltr'><strong>die</strong></span> <span class='ocrx_word' id='word_1_761' title='bbox 1057 5836 1198 5898; x_wconf 82' lang='lat' dir='ltr'><strong>perperam</strong></span> <span class='ocrx_word' id='word_1_762' title='bbox 1213 5822 1320 5894; x_wconf 84' lang='lat' dir='ltr'><strong>referri,</strong></span> <span class='ocrx_word' id='word_1_763' title='bbox 1336 5832 1364 5881; x_wconf 91' lang='lat' dir='ltr'><strong>et</strong></span> <span class='ocrx_word' id='word_1_764' title='bbox 1377 5837 1434 5879; x_wconf 94' lang='lat' dir='ltr'><strong>uou</strong></span> <span class='ocrx_word' id='word_1_765' title='bbox 1449 5819 1535 5892; x_wconf 87' lang='lat' dir='ltr'><strong>magis</strong></span> <span class='ocrx_word' id='word_1_766' title='bbox 1558 5823 1632 5874; x_wconf 84' lang='lat' dir='ltr'><strong>recte</strong></span> <span class='ocrx_word' id='word_1_767' title='bbox 1653 5813 1739 5868; x_wconf 79' lang='lat' dir='ltr'><strong>binos</strong></span> 
     </span>
    </p>
   </div>
   <div class='ocr_carea' id='block_1_15' title="bbox 0 0 1930 6132">
    <p class='ocr_par' dir='ltr' id='par_1_17' title="bbox 0 0 1930 6132">
     <span class='ocr_line' id='line_1_85' title="bbox 0 0 1930 6132; baseline 0 0"><span class='ocrx_word' id='word_1_768' title='bbox 0 0 1930 6132; x_wconf 95' lang='lat' dir='ltr'><strong> </strong></span> 
     </span>
    </p>
   </div>
  </div>
 </body>
</html>
