3834 6136
74 249 112 306 61
559 253 561 256 ’
597 246 914 308 MARTYROLOGIUM.
934 280 969 292 -
988 249 1092 307 MENS.
1113 247 1210 306 SEPF.

1666 253 1719 312 tut

53 390 117 430 rum
134 370 236 428 Felicis
250 379 276 425 et
292 371 402 442 {togula
417 372 519 427 sciuris
530 371 599 443 ejus,
616 389 651 428 ex
665 390 739 429 sacra
755 375 861 442 legione
879 379 904 438 Α
919 376 1052 445 sepultus,
1069 374 1209 431 miraculis
1219 373 1318 431 claruit
1330 375 1566 446 teiiiporellttoiiis
1577 377 1622 432 lll.
1635 379 1716 451 Apud

53 443 257 510 Thebaeorum,
281 458 351 515 quos
374 443 472 499 Decius
494 444 646 515 praelectae,
668 443 746 514 jussu
770 445 863 502 Marii-

52 515 142 573 miani
157 514 334 586 imperatoris
348 513 466 570 diversis
480 532 511 571 su
533 515 624 588 pliciis
636 516 755 582 allectos,
771 517 861 587 gladio

52 586 240 645 animadverti
270 586 424 643 mandavit.
449 532 587 656 Lugtiuui,
612 588 699 643 sancti
727 587 862 645 Patientis

53 658 177 733 episcopi
204 665 232 715 et
249 657 426 714 confessoris.
447 656 581 715 Bodonie
604 659 704 732 iscopis
722 661 862 717 Tullensis

52 742 81 787 et
96 730 272 788 confessoris.
288 730 342 798 Qui
357 731 505 786 translatus
519 676 695 802 Lugriunum,
711 732 780 787 mira
794 731 859 787 side-

52 805 122 860 lium
139 803 290 859 deuotione
305 810 460 857 ueneratur.
477 803 546 857 ltein
561 804 786 858 commemoratio
800 820 860 858 san·

52 884 161 932 ctorem
179 874 290 940 Leonis,
304 873 414 929 Basillae
429 880 457 928 et
471 873 609 946 Eugeniae.
622 875 653 929 ln
663 874 768 942 Sicilia,
778 874 859 946 Eiipli

52 956 82 1004 et
95 946 255 1018 Serapionis
269 945 470 1003 confessurum.
489 947 555 1000 ltem
564 945 649 1001 beatae
658 946 767 1001 Maurae.
779 944 859 1072 Apud

54 1019 175 1074 insulam
192 1017 370 1085 Palmarianr,
386 1016 522 1088 depositio
541 1019 628 1074 sancti
648 1018 757 1074 l'eiierii
772 1017 805 1072 ab
825 1035 860 1072 a-

54 1093 99 1147 tis.
115 1090 169 1157 Qui
187 1098 310 1172 ternpore
326 1090 403 1145 Focae
413 1089 584 1160 imperatoris
597 1089 669 1162 apud
684 1088 807 1145 eamdem
819 1089 859 1143 in·

52 1164 153 1230 sulam,
167 1162 340 1218 eremiticam
361 1160 448 1216 uitam
471 1159 584 1228 ducens,
609 1159 749 1216 miraculis
765 1161 860 1216 multis

53 1236 156 1302 clarus,
167 1233 276 1307 quieuit
290 1232 320 1288 iu
336 1248 412 1304 pace,
425 1230 527 1288 ibidem
543 1233 666 1304 sepultus
677 1232 803 1287 niaiiihus
813 1249 860 1287 aii·

53 1306 161 1379 gelicis.
177 1306 240 1373 Quo
253 1305 283 1360 in
294 1305 355 1360 loco
370 1304 452 1359 etiarn
467 1303 560 1359 oleum
579 1303 689 1359 ellluere
703 1303 791 1358 risum
807 1311 857 1371 est,

52 1379 152 1434 ualens
175 1377 205 1433 iii
226 1377 314 1434 salute
337 1376 498 1431 multorum.
522 1376 591 1431 ltem
610 1374 721 1432 Venerii
745 1374 858 1431 alterius

54 1448 188 1506 monachi
208 1457 234 1505 et
245 1447 418 1504 confessoris.
430 1446 482 1513 Qui
497 1463 590 1503 ainore
608 1445 672 1502 itia
685 1445 814 1502 solitariae
825 1446 859 1503 de

54 1519 189 1578 coeuobio
201 1536 332 1593 egressus,
348 1535 446 1574 saxum
461 1518 598 1589 quoddam
611 1517 771 1574 hominibus
785 1517 859 1574 inac-

56 1592 191 1648 cessibile
205 1589 370 1658 conscendit,
386 1590 479 1662 ibique
494 1592 554 1646 sine
569 1589 691 1645 humano
705 1589 768 1646 cibo
779 1589 858 1661 (pne-

60 1671 104 1719 ter
114 1671 320 1737 quatuorpaues
331 1677 399 1734 quos
409 1678 502 1719 secum
516 1662 680 1733 sumpserat)
692 1661 772 1717 aneis
786 1677 860 1788 ‹pua-

57 1743 127 1791 tuor
140 1734 298 1808 permansit.
308 1733 587 1804 Defunctustandem,
599 1749 631 1791 ac
642 1732 673 1789 iu
687 1732 782 1789 eodem
808 1747 860 1790 oco

919 447 1067 518 llgyptum,
1085 447 1172 502 sancti
1187 447 1271 502 {lette
1281 446 1387 502 abbatis
1402 454 1428 502 et
1443 446 1617 502 coitiossoris.
1634 450 1712 519 lteiii,

917 518 994 573 bonae
1008 519 1157 585 iocinoris,
1173 517 1301 574 Wilberti
1310 518 1430 590 episcopi
1446 518 1655 590 Agrippinensis
1665 522 1714 579 Co·

918 589 998 644 lenire
1009 599 1036 645 ct
1050 590 1225 645 contessoris.
1242 615 1251 637 ι

951 661 1059 715 Maias.
1074 680 1079 716 :
1098 660 1261 733 ‹Liigdiin0,
1273 660 1408 733 depositio
1418 663 1505 719 sancti
1517 663 1650 722 Patientis
1660 664 1715 738 epi·

915 733 1000 803 scopi.
1026 731 1110 803 Cujus
1135 733 1244 788 hortatu
1267 735 1444 791 Constantius
1471 736 1613 809 presbyter
1628 736 1713 794 uitam

915 802 986 858 beati
998 802 1125 859 Germani
1136 804 1268 877 episcopi,
1278 805 1428 862 virtutibus
1440 809 1546 878 plenarii
1558 807 1714 881 descripsit.

916 875 1058 943 Vercellis,
1083 877 1168 931 sancti
1190 877 1332 931 .··l‹]iiiiliani
1351 878 1469 1004 episcopi
1491 886 1518 934 et
1538 880 1713 938 confessoris

915 946 950 1001 Et
964 955 1121 1002 sanctorum
1136 948 1235 1004 Felicis
1248 957 1276 1004 et
1292 950 1364 1020 liegii
1379 968 1409 1004 re.
1427 976 1436 998 ι
1458 950 1562 1007 Deinde
1576 952 1650 1024 typis
1665 952 1716 1008 iiii·

914 1018 1028 1073 rioribus
1040 1036 1045 1073 ε
1064 1042 1073 1064 ι
1092 1019 1211 1074 llodoiiis
1221 1020 1340 1092 episcopi
1352 1021 1489 1077 l'ulleusis
1501 1031 1528 1079 et
1538 1024 1714 1092 confessoris,

914 1089 961 1160 qui
982 1090 1129 1146 translatus
1146 1091 1320 1162 Lugdunum,
1337 1092 1407 1148 mira
1422 1092 1545 1150 lidelium
1566 1095 1715 1152 devotione

915 1170 1069 1217 teneratur.
1088 1162 1228 1217 Viiiciuiias
1245 1163 1393 1233 uirginis.»
1415 1165 1559 1220 Editiones
1574 1167 1715 1238 posterio-

914 1248 956 1287 res
977 1232 1010 1288 de
1038 1232 1161 1287 Patieiito
1185 1241 1212 1289 et
1236 1234 1388 1289 rEiniliane
1405 1235 1498 1290 eadem
1528 1236 1629 1292 liabent
1654 1254 1714 1320 qius

914 1304 997 1374 prior.
1014 1305 1160 1376 Sequitur:
1184 1328 1193 1351 ι
1210 1305 1321 1376 Furig0,
1336 1307 1425 1361 natale
1443 1315 1599 1363 sanctoruni
1615 1309 1714 1365 Felicis
1730 1340 1743 1362 .

913 1384 940 1432 et
954 1375 1071 1455 Regula.
1088 1376 1118 1430 ln
1136 1385 1214 1456 portu
1228 1376 1332 1444 Gauda,
1350 1386 1450 1433 sanctae
1465 1378 1608 1434 Vinciunas
1623 1379 1715 1452 virgi-

914 1446 965 1501 nis.
982 1448 1032 1502 llie
1047 1446 1203 1514 undecima,
1214 1455 1314 1503 sanctur
1330 1449 1584 1505 inatrisTheodorru
1595 1451 1714 1507 Alexan·

913 1518 1009 1573 drinae.
1026 1542 1035 1564 ι
1058 1517 1157 1572 Minori
1172 1518 1342 1575 charactere:
1364 1543 1372 1566 ι
1388 1520 1454 1576 ltein
1470 1519 1591 1576 llodoiiis
1607 1521 1715 1577 conlus-

913 1589 991 1656 soris,
1008 1588 1128 1661 episcopi
1144 1590 1291 1655 Tulleiisis,
1310 1591 1356 1662 qui
1373 1589 1537 1663 Lugdunum
1554 1595 1711 1662 translatus,

914 1660 1021 1726 mira,·
1052 1670 1105 1716 etc.
1131 1661 1255 1732 liitellige
1282 1662 1439 1733 Liipdeiiinn
1463 1665 1604 1733 cleoetiiin,
1630 1665 1713 1737 vulgo

912 1733 1008 1804 Leon;
1029 1731 1092 1787 urbi
1106 1748 1205 1804 corpus
1218 1733 1380 1790 bonoratur.

780 1849 991 1867 ψ

55 1899 149 1957 Pridie
163 1900 241 1958 Idus.

1600 1898 1649 1954 Die
1666 1899 1709 1956 li.

91 1988 175 2063 Apud
188 1989 287 2046 urbem
307 1988 446 2058 Ticinum,
462 1997 620 2045 sanctorum
642 1987 829 2046 confessorum
846 1986 909 2060 Syri
924 1995 950 2042 et
965 1987 1075 2058 iventii,
1092 1986 1139 2064 qui
1155 2007 1169 2045 a
1183 1988 1263 2046 beato
1278 1988 1443 2063 Hermagora
1457 1989 1490 2046 ad
1507 1990 1647 2063 praelatam
1663 2007 1715 2045 ui·-

57 2079 118 2136 bem
137 2078 250 2149 directi,
268 2079 359 2152 primo
379 2080 438 2137 illic
453 2078 558 2136 Christi
579 2077 1011 2153 Evangeliumpi·aed1cantes,et
1030 2080 1136 2152 magnis
1151 2079 1302 2137 uirtutibus
1318 2098 1349 2139 ac
1370 2081 1510 2140 miraculis
1526 2089 1712 2151 coruscantes,

58 2171 142 2228 etiarn
158 2170 268 2229 uicinas
282 2170 363 2228 urbes
375 2169 480 2227 divinis
495 2169 624 2242 operibus
638 2170 826 2238 illustrarunt,
842 2169 936 2242 sicque
958 2169 987 2224 in
1003 2168 1154 2241 pontificali
1170 2169 1284 2239 honore,
1300 2171 1419 2243 glorioso
1435 2172 1488 2228 line
1503 2171 1671 2246 quieveruut
1686 2170 1714 2227 iii

62 2277 136 2335 paee.

830 2367 947 2428 ΝΟΜ.

94 2466 197 2526 lterum
211 2466 332 2524 sumitur
348 2482 382 2523 eir
402 2465 498 2524 iisdem
513 2467 634 2534 ereren,
649 2466 799 2537 ltertntei,
814 2466 1073 2540 dictatore-Meiere,
1088 2469 1243 2540 Pulsaneu.,
1256 2469 1399 2540 illinierat,
1411 2471 1521 2530 drocen.
1539 2471 1676 2532 etMoliiit.

673 2593 876 2651 valtramus
896 2593 1101 2651 LECTIONES.

63 2691 223 2821 hiim
238 2707 254 2747 a
274 2688 393 2747 Gieven.
414 2690 529 2765 aliisque
543 2693 684 2762 scribitur,
709 2692 756 2749 sed
781 2693 860 2748 inale.
876 2693 900 2752 B
915 2693 1016 2749 emissa
1029 2692 1223 2765 conjunctione
1236 2700 1269 2751 et.
1286 2693 1329 2751 Sic
1346 2710 1361 2751 a
1376 2694 1493 2752 Grevea.
1506 2703 1533 2752 et
1548 2694 1648 2753 Melan.
1665 2715 1716 2755 ea-

126 2764 206 2819 ecntii'
225 2763 346 2818 masline
361 2762 518 2819 discordant
533 2766 651 2833 codices,
668 2765 740 2821 unde
755 2775 782 2821 et
797 2780 860 2821 cum

65 2835 124 2904 alio,
135 2843 184 2891 aut
199 2835 262 2890 aliis
278 2835 334 2890 lere
346 2837 510 2908 synonymis
525 2839 636 2906 sanctis,
652 2838 777 2893 conlusio
793 2837 860 2890 oriri

64 2916 161 2979 posset.
180 2908 232 2962 llic
247 2906 281 2961 de
296 2924 350 3034 uno
364 2908 470 2978 agimus
489 2917 603 2964 iocatur
616 2911 644 2964 in
660 2909 735 2965 Actis
749 2908 860 2976 uostris,

66 2997 110 3034 riu
125 2979 281 3045 Februarii,
319 2980 448 3034 uuenliris.
465 2981 573 3036 Prateii.
592 2981 673 3037 hodic
688 2981 784 3036 scribit
797 2996 860 3037 cum

64 3050 213 3106 Pulsaneu.
231 3051 347 3117 Proelii,
363 3051 492 3118 Grereu,
512 3053 635 3117 l'uencii;
657 3053 803 3118 Munerat,
814 3053 861 3106 lii-

63 3122 164 3188 ueritii3
183 3128 279 3178 auctor
291 3121 422 3177 Breviorii
438 3123 591 3179 l'icinensis
604 3124 637 3179 dc
652 3125 779 3196 Gasparis
794 3141 861 3179 coii-

64 3201 167 3250 stanter
178 3199 260 3250 vocat
269 3194 390 3250 Inueatii.
408 3194 462 3250 Nos
473 3194 589 3252 interitu
600 3196 740 3252 llerinicn.
757 3204 784 3251 et
799 3195 862 3250 Mo-

64 3265 115 3324 lau.
131 3264 287 3341 sequimur.
312 3266 555 3339 Antuerp.-Major.
572 3268 639 3340 legit
660 3268 722 3339 Syri
745 3267 861 3338 Leontii,

915 2765 977 2820 deni
1003 2766 1136 2837 particula
1160 2766 1327 2837 expungitur
1346 2775 1408 2822 ante
1433 2769 1535 2836 nicpiiis
1559 2769 1713 2839 virtutibus,

915 2853 996 2964 {suam
1012 2845 1103 2894 tamen
1118 2838 1165 2893 alii
1179 2855 1274 2893 cinnes
1289 2840 1397 2896 codices
1413 2839 1582 2895 unanimiter
1594 2851 1715 2898 seruant.

939 2911 1109 2963 benemeritos
1129 2911 1156 2965 in
1173 2911 1417 2982 atiriaco-Major.
1438 2920 1465 2966 et
1485 2911 1618 2968 Miiiierat.
1642 2929 1716 2968 inan·

916 2980 982 3035 dum
997 2988 1046 3035 cst.
1065 2981 1217 3051 lleriiiieii.,
1235 2982 1455 3055 muncip-Mai.
1473 2991 1498 3037 et
1519 2984 1651 3041 Munerat.
1669 3002 1718 3056 po·

916 3059 987 3105 nunt
1003 3053 1214 3120 illustriroeiunl,
1231 3054 1300 3108 uiliil
1318 3056 1428 3110 interest
1441 3072 1447 3119 ;
1460 3054 1506 3108 soil
1519 3055 1637 3124 reliqniis
1652 3074 1717 3128 pian-

916 3123 985 3178 iero.
1016 3124 1045 3177 lii
1074 3125 1218 3180 Pulsaneu.
1240 3125 1315 3179 deest
1342 3127 1456 3196 glorioso
1480 3126 1540 3196 litte,
1567 3124 1714 3195 Miscuerat,

916 3194 987 3250 forte
1008 3196 1158 3266 typothetae
1173 3196 1252 3264 vitio,
1269 3195 1350 3252 habet
1363 3198 1484 3268 gloriose.

736 3385 1037 3444 cessaverimus,

96 3486 195 3560 Syrum
226 3485 350 3559 aliquem
378 3483 518 3540 Fuentiuni
542 3483 619 3552 item,
646 3485 792 3541 Boeotium
822 3485 873 3541 vel.

66 3561 191 3616 luentium
204 3558 336 3631 aliquem,
353 3556 424 3629 apud
442 3557 672 3630 Hieronyinianos
688 3556 799 3613 hoodie
815 3574 863 3612 no·

67 3633 112 3688 tari
132 3631 261 3699 observo,
278 3628 326 3686 sed
348 3630 415 3684 tales
436 3628 541 3697 ambos,
558 3628 604 3701 qui
620 3628 746 3685 Ticinum
765 3627 867 3685 retrahi

67 3719 236 3778 nequaquam
259 3700 374 3774 possint.
400 3701 460 3757 Non
487 3701 573 3772 magis
597 3700 693 3771 Ticino
717 3699 866 3773 propinqui

66 3785 140 3843 suut,
151 3791 222 3848 quos
235 3773 364 3830 Rabanus
380 3779 520 3839 memorat,
536 3789 569 3828 ex
580 3772 803 3845 llieronyniianis
818 3789 867 3828 sua

68 3846 153 3904 lerme
167 3846 322 3903 desumens.
339 3845 388 3900 Est
403 3852 429 3900 et
448 3844 520 3918 apud
536 3844 777 3913 wandalbertum,

127 3955 229 4017 Martyr
240 3969 296 4004 mox
308 3952 391 4017 pridie
404 3953 490 4001 celsus
509 3952 571 4015 petit
588 3951 684 4000 aethera
698 3950 788 4014 Syrus.

98 4065 150 4121 Ast
176 4061 224 4120 bic
241 4061 370 4190 martgrii
391 4062 484 4118 laurea
508 4059 636 4128 donatus,
667 4059 760 4116 miuus
783 4058 866 4114 etiam

68 4133 260 4193 ticinensibus
273 4135 310 4191 tri
332 4133 437 4190 uendus
451 4140 501 4189 est.
519 4133 672 4188 lauanti-um
685 4131 714 4186 in
731 4131 807 4188 Actis
825 4145 864 4184 re-

922 3483 1051 3540 Ecclesia
1075 3481 1245 3547 Ficinensis;
1270 3498 1385 3556 qiioriiin
1406 3483 1482 3556 prior
1496 3483 1524 3541 in
1548 3486 1721 3563 apertissima

922 3555 1148 3622 contradictione,
1172 3555 1285 3622 inscius,
1306 3554 1353 3610 sed
1374 3556 1487 3613 fortasse
1510 3573 1573 3615 uere
1593 3563 1719 3631 asseruit,

921 3627 1082 3683 luventiuin
1103 3627 1248 3684 Mediolani
1271 3634 1362 3682 coatre
1383 3628 1500 3684 Arbium
1521 3635 1626 3685 strenuo
1640 3639 1721 3690 rorte·

921 3701 1008 3764 iiisse;
1029 3715 1123 3754 rerum
1140 3698 1192 3754 boc
1206 3705 1284 3769 pacto
1298 3706 1355 3754 tota
1369 3699 1442 3771 Syri,
1458 3700 1570 3772 Pompei
1585 3703 1720 3760 etluron·

923 3771 953 3826 tii
975 3770 1089 3826 liistoria
1104 3778 1282 3838 everteretur,
1299 3769 1332 3825 de
1354 3787 1407 3843 qua
1422 3770 1485 3826 vide
1502 3772 1586 3828 citato
1607 3774 1651 3831 die
1670 3792 1721 3834 viii

921 3842 1074 3909 Februarii,
1089 3842 1213 3897 llollandi
1225 3842 1458 3898 Commentarium
1475 3851 1502 3899 et
1512 3844 1720 3904 Tilleinontinm

921 3921 996 3969 toiuo
1025 3915 1059 3981 ll,
1089 3931 1150 3986 pag.
1176 3913 1237 3970 sot.
1262 3915 1396 3970 Caeterum
1424 3931 1473 3972 nec
1498 3915 1525 3970 in
1555 3918 1719 3990 apographis

921 3985 1155 4056 llieronymianis,
1168 4002 1217 4041 nec
1228 3985 1382 4056 ingenuino
1394 3986 1474 4054 Meda,
1483 3987 1574 4055 Floro,
1589 3997 1636 4045 aut
1648 3989 1721 4061 aliis,

920 4057 975 4112 duo
987 4056 1190 4112 illiTicineiises
1200 4057 1313 4127 episcopi
1331 4057 1491 4126 consessores
1505 4059 1722 4133 coniunguntur.

922 4130 996 4184 Urius
1011 4127 1215 4199 conjunctionis
1226 4128 1254 4181 iii
1273 4127 1347 4184 huuc
1357 4128 1429 4183 diem
1441 4131 1503 4184 lons
1513 4141 1554 4187 est
1563 4141 1659 4188 auctor
1672 4135 1722 4190 llo·

69 4208 146 4279 periri
161 4206 291 4264 diximus
304 4224 356 4262 riu
379 4204 533 4272 Februarii,
548 4204 596 4260 uhi
619 4222 674 4260 nou
695 4219 780 4276 pauca
800 4203 870 4256 illu·
885 4206 906 4265 c
923 4200 997 4254 inani
1012 4199 1089 4270 parvi
1102 4217 1108 4265 ;
1123 4214 1157 4253 ex
1173 4214 1227 4269 quo
1238 4197 1266 4252 iii
1280 4197 1414 4265 ildonein,
1432 4199 1498 4255 liiiic
1513 4202 1540 4255 in
1554 4203 1683 4258 Nostrum
1695 4213 1721 4261 et

68 4288 197 4347 arantur,
222 4294 283 4351 quae
311 4277 401 4350 ipsum
429 4286 456 4333 et
478 4278 575 4348 Spreta
620 4276 712 4348 ropius
738 4274 867 4340 attinent,

100 4352 193 4408 amuis
207 4349 292 4422 hujus
313 4357 388 4422 gesta
406 4348 440 4404 ad
456 4366 485 4404 ix
501 4294 659 4404 Decemiris
680 4346 865 4401 remittantur.

67 4367 147 4480 Visite
162 4423 193 4478 iu
208 4420 447 4494 utriusquehctis
461 4420 636 4492 reperiuntur
649 4435 708 4545 appa
724 4415 867 4488 scmpules

67 4493 205 4567 injiciunt,
221 4493 373 4566 praesertim
386 4493 460 4548 circa
475 4499 597 4572 tempora
607 4492 653 4564 qui
676 4506 708 4544 us
723 4488 804 4543 ambo
820 4486 867 4542 sso-

68 4567 150 4623 misae
163 4565 312 4632 dicuntur,
328 4573 355 4620 et
377 4565 451 4619 circa
466 4564 625 4619 missionem
640 4561 674 4617 ab
689 4560 866 4630 Hermagora,

68 4639 149 4695 uncti
166 4637 254 4694 Marci
272 4636 411 4709 discipulo
432 4643 595 4707 susceptam,
620 4633 667 4691 sed
691 4647 868 4714 quaeopero-

68 4710 128 4766 ucri
141 4708 342 4783 disquisitione
353 4707 527 4764 discutienda
541 4716 616 4764 sunt.
628 4704 740 4764 Consuli
754 4711 866 4786 iuterim

69 4792 178 4852 possum
201 4781 352 4852 scriptores
366 4780 536 4848 Ticinences,
553 4778 657 4835 strenui
670 4777 867 4848 antiquitatum

69 4870 175 4910 suarum
192 4870 243 4925 pro
265 4859 412 4924 ugnatores
424 4852 522 4907 Gualla
533 4859 560 4906 et
575 4850 608 4906 de
623 4849 760 4922 Gasparis,
776 4847 822 4902 ille
837 4847 866 4902 in

69 4924 227 4984 Mutuum
241 4870 344 4998 Papiae,
359 4922 406 4981 bic
421 4924 451 4979 in
465 4923 606 4979 Breviario
618 4922 665 4978 SS.
676 4921 866 4995 episcoporum

921 4271 1071 4326 Notlrerum
1085 4275 1256 4324 emanarunt.
1272 4269 1317 4323 Sic
1336 4268 1458 4340 loquitur
1473 4270 1596 4340 primus:
1623 4273 1718 4342 Ticini,

922 4341 1079 4412 coiisessoris
1094 4341 1157 4410 Syri
1177 4345 1200 4394 el
1215 4340 1321 4395 Foenlii'
1336 4339 1526 4410 iliacipiilorum
1544 4342 1721 4410 Hermagorae,

921 4413 1097 4483 Aquileiensis
1108 4412 1191 4482 premi
1211 4410 1332 4481 episcopi.
1349 4411 1435 4466 Multa
1453 4410 1487 4466 de
1503 4428 1577 4466 inore
1592 4411 1722 4483 adjunxit

921 4482 992 4551 Ado,
1017 4500 1052 4538 ex
1075 4483 1175 4565 quibus
1196 4488 1367 4538 contractum
1388 4482 1421 4537 ab
1447 4483 1569 4538 Usuardo
1587 4483 1719 4553 elogium,

922 4557 1000 4627 quale
1016 4555 1061 4610 hic
1082 4571 1110 4609 in
1134 4561 1211 4609 textu
1230 4553 1419 4624 exposuimus,
1442 4561 1472 4608 ut
1497 4553 1530 4609 de
1544 4553 1721 4626 simplicitate

922 4625 1074 4685 Usuardina
1088 4625 1208 4682 dubitari
1226 4625 1340 4681 omuino
1356 4641 1411 4680 non
1427 4624 1521 4698 possit.
1539 4626 1634 4683 Utrum
1652 4642 1718 4683 noti·

921 4701 997 4755 nulla
1010 4698 1103 4756 studio
1119 4699 1223 4755 caverit
1239 4697 1386 4763 Usuardus,
1403 4701 1505 4766 nescio,
1518 4708 1590 4756 corto
1608 4716 1669 4773 qum
1690 4699 1719 4756 in

922 4781 1015 4828 nostro
1036 4780 1114 4828 textu
1136 4770 1302 4838 dictasunt,
1322 4769 1432 4827 facilins
1447 4771 1481 4828 ad
1504 4770 1662 4829 historicum
1680 4770 1719 4827 li-

921 4845 982 4900 dein
998 4843 1072 4917 exigi
1096 4860 1172 4916 posse
1196 4843 1325 4899 ridentur
1349 4859 1432 4971 oppam
1446 4845 1501 4901 alia
1515 4860 1574 4918 qua:
1588 4861 1622 4901 ex
1642 4842 1719 4900 dctis

922 4914 983 4972 Ado
996 4917 1155 4974 admiscuit.
1177 4915 1305 4972 Pluribus
1317 4914 1355 4971 ali
1379 4916 1386 4971 i

796 5012 987 5109 incisura,

99 5157 262 5223 amnui..
279 5155 307 5213 in
320 5164 491 5228 textupurus
503 5151 615 5227 subjicit
627 5173 633 5208 ι
651 5150 806 5234 gTrcieris,
818 5168 864 5206 na·

68 5231 216 5287 utesaucii
232 5231 378 5285 Maximini
393 5228 524 5300 episcopi.
541 5253 550 5272 ι
570 5227 638 5282 Vide
653 5225 734 5280 inira.
768 5295 772 5304 Ι
837 5293 842 5304 .

98 5305 244 5359 Asamus.
267 5301 468 5357 Mau-Leues.
492 5308 519 5355 et
537 5300 720 5364 Ucuaiiass,
737 5305 822 5374 etiam
836 5310 864 5374 in

67 5381 140 5430 testu
165 5376 240 5447 puri,
266 5373 392 5429 addunt:
423 5371 577 5445 ‹Lugduno
601 5369 706 5435 Gallim,
730 5367 763 5422 de
783 5373 865 5420 esitio

66 5444 134 5501 beati
145 5446 304 5503 Sacerdotis
314 5444 445 5526 episcopi.
458 5469 466 5490 ·
481 5444 585 5498 Gallice
594 5442 696 5506 Serdot,
705 5440 748 5520 uel
757 5383 864 5517 Mardot,

100 5536 144 5574 em
161 5519 276 5573 Parisiis
289 5517 391 5574 obiisse
406 5522 481 5570 notat
496 5515 524 5569 iu
539 5513 726 5585 Martyrologii
745 5523 865 5580 margine

115 5592 246 5646 tellanas.

98 5654 866 5733 hmueallsfflcraaiecr.etLurnas.,Lornsius.,

64 5734 189 5791 Auseae.
205 5743 234 5789 et
253 5736 353 5790 Dasio.
368 5731 457 5788 textui
473 5730 613 5786 subdunt:
638 5728 691 5782 «ln
708 5729 854 5805 rlqiiptania

63 5808 155 5864 namle
176 5806 268 5862 sanai
289 5803 437 5861 Maximini
456 5802 636 5858 Treuerorum
655 5797 864 5869 archiepiscopi,

918 5167 990 5205 recu.
1006 5152 1028 5201 ot
1039 5149 1200 5202 Auriences.
1214 5149 1341 5200 couniri
1354 5141 1469 5201 lialcnd.
1479 5140 1571 5216 iulii.)
1584 5138 1717 5215 Lugdiino

919 5221 1025 5281 dultia,
1040 5217 1176 5289 depositio
1191 5218 1260 5272 beati
1277 5216 1424 5272 sacerdotis
1439 5216 1568 5287 episcopi.
1585 5239 1594 5261 »

954 5292 1129 5348 Casurum:
1154 5288 1257 5360 «Apud
1273 5287 1365 5343 iirliein
1381 5289 1401 5342 Τ
1404 5289 1526 5358 yciniiin,
1542 5304 1602 5360 que
1620 5296 1646 5344 et
1662 5288 1717 5346 Pa-

919 5363 963 5435 pia
980 5362 1092 5426 dicitur,
1117 5361 1216 5415 natalis
1237 5366 1391 5414 sanctoruni
1411 5358 1597 5414 coriliisiornin
1616 5362 1716 5432 pariter

919 5444 945 5489 et
961 5432 1120 5506 pontificum
1132 5431 1195 5501 Syri
1208 5439 1235 5486 et
1250 5430 1382 5493 llireutii,
1394 5430 1562 5502 qiioslioatns
1574 5431 1717 5490 llerinaco·

920 5524 962 5561 ras
990 5503 1201 5577 Aqiiilegiensis,
1226 5501 1366 5556 oriliiietcs
1394 5502 1426 5556 nd
1455 5501 1593 5574 praelatam
1621 5503 1717 5562 iirlicm

919 5577 1091 5641 transtinet,
1107 5575 1153 5648 qni
1171 5592 1224 5629 non
1236 5575 1323 5629 selein
1340 5571 1415 5628 illain
1431 5575 1580 5644 regionem,
1592 5575 1636 5631 aad
1650 5575 1717 5634 vici·

920 5668 969 5706 nas
981 5651 1106 5706 ctittates
1124 5646 1305 5702 Veronensum
1317 5653 1344 5700 et
1355 5644 1533 5704 Brixenaiiiet
1550 5645 1717 5704 {laudensem

922 5723 1006 5778 i‘erbo
1030 5719 1091 5775 hilei
1115 5720 1299 5787 illustrarunt,
1320 5723 1347 5774 et
1361 5718 1466 5791 optiino
1482 5718 1559 5794 [line
1576 5721 1604 5775 ni
1619 5719 1718 5794 (itllorl

922 5803 986 5850 sunt
1001 5791 1147 5865 perfuncti.
1164 5815 1172 5839 ·

62 5878 111 5953 qui
124 5896 154 5936 rr
168 5877 289 5936 [ahud.
303 5876 382 5934 lunii
400 5874 542 5931 Treuerim
556 5874 657 5930 relatus
671 5878 721 5926 est.
738 5869 864 5942 (Ucrua-
880 5858 905 5918 D
958 5865 1136 5922 linuxcians.
1150 5882 1155 5922 :
1178 5888 1187 5913 ‹
1204 5861 1286 5942 Apud
1292 5863 1555 5936 urleiu'l'iciuuin,
1565 5879 1632 5940 ipra.
1643 5860 1740 5918 culs·
