3834 6136
122 177 178 237 ²49

663 174 980 234 MARTYROLOGIUM.
1000 206 1036 218 -
1055 177 1159 234 MENS.
1180 176 1252 234 JUL.

1726 177 1781 237 atta

123 299 191 354 item
208 295 318 360 Roma,
332 291 423 364 passio
446 299 604 348 sanctoruni
620 291 751 362 Stephani
766 302 794 351 et
804 295 922 352 Leontii.
939 296 1058 370 Aderat]
1077 297 1243 365 pictavensi,
1264 296 1351 352 sancti
1376 297 1472 353 Albini
1495 299 1670 358 contessoris.
1686 301 1724 358 Et
1746 300 1777 357 in

123 371 153 425 ln
167 364 338 423 Mauritania
351 362 522 431 caesariensi,
538 370 639 420 sancte
652 365 797 421 Marcianas
807 366 924 438 virginis

122 448 150 496 et
169 437 339 510 martyris·
371 434 481 490 Oblitus
506 440 593 490 estse
614 435 738 491 eamdem
753 437 873 508 signasse
894 456 924 494 nt

123 509 258 568 ianuarii.
280 509 311 564 ln
335 505 476 587 Sidronio,
493 510 578 577 purus'
601 513 650 562 est.
667 508 755 562 Tum:
780 511 834 565 ·ln
854 526 923 591 pago

124 579 292 646 Pictavensi,
301 587 390 634 sancti
403 576 497 633 Albini
512 577 708 634 contessoris.»
726 579 824 636 Voluit
833 581 923 638 dicere

125 653 227 778 Satiresi,
244 650 301 707 nisi
311 659 373 721 agat
383 648 418 704 de
431 648 540 716 Albino,
552 650 596 704 vel
605 649 712 706 Aliana
722 651 796 708 socio
806 653 923 722 Chiam,

124 725 195 782 utin
208 739 249 780 ra.

157 797 344 852 llaasnoren.
363 811 369 848 :
394 793 510 849 «Roma
525 791 554 847 in
564 791 699 847 Vaticano
708 791 742 848 ad
757 792 784 848 S.
800 795 923 860 Petrum,

125 865 260 939 depositio
268 863 358 921 sancti
368 863 411 919 Pii
420 880 495 936 papae
506 871 533 919 et
542 863 680 935 martyris.
693 864 753 930 llic,
765 875 923 937 nonuspost

124 939 232 996 beatum
242 937 368 1004 Petrum,
385 934 512 991 undecim
527 934 607 989 annis
618 944 646 992 et
657 935 796 990 mensihns
806 945 924 1009 quatuor

125 1019 150 1066 et
159 1009 257 1066 diebus
273 1007 374 1079 uiginti
390 1022 477 1062 unum
497 1006 569 1061 rexit
584 1006 746 1062 Ecclesiam.
764 1007 815 1063 llic
830 1025 923 1080 passus

125 1080 245 1137 Antonio
255 1076 612 1203 [Antoninoinmperatore.
625 1079 676 1133 lstc
687 1078 831 1133 constituit
841 1080 923 1135 Pasca

124 1151 164 1207 die
189 1151 341 1207 Dominico
364 1149 421 1205 cele
443 1148 507 1215 rari,
522 1164 557 1203 ne
578 1164 641 1203 oum
663 1148 764 1204 ludaeis
780 1149 923 1206 rideamur

127 1223 272 1278 'iudaizare
298 1220 350 1276 ilic
370 1221 515 1277 constitnit
537 1219 696 1276 haereticum
720 1220 875 1276 venientem
888 1223 921 1278 de

123 1241 218 1350 haeresi
244 1291 403 1348 ludaeorum
429 1291 527 1347 dehere
542 1291 627 1362 recipi
651 1301 678 1346 et
695 1290 836 1363 baptizari.
853 1294 921 1348 ltem

125 1364 272 1421 constituit
293 1361 460 1419 sententiam
483 1362 780 1419 excommunicationis
802 1363 867 1419 ferri
892 1365 921 1418 in

125 1437 274 1492 violatores
294 1443 322 1490 et
338 1442 489 1489 vastatores
508 1433 755 1489 ecclesiasticarum
781 1450 871 1489 rerum
895 1443 921 1490 et

125 1506 313 1563 coelesiarum.
338 1506 406 1560 ltem
434 1504 507 1577 quod
536 1504 663 1573 clericus,
680 1505 727 1577 qui
751 1507 921 1586 paravitsuo

127 1578 258 1650 episcopo
272 1575 394 1645 insidias,
412 1575 486 1649 quod
495 1575 649 1646 deponatur
663 1583 782 1631 etcunaa
796 1579 920 1633 saeculari

977 368 1117 423 territorio
1134 368 1339 439 Burdegalensi,
1355 370 1443 425 sancti
1459 369 1565 426 Sahini.
1584 397 1592 418 ·

1014 440 1167 495 haxovrns.
1183 457 1188 494 ε
1213 439 1466 513 ‹Depositiosanctr
1482 441 1615 513 ilidulphi
1626 440 1774 513 archiprae-

977 511 1056 591 sulis,
1072 511 1198 568 llediano
1210 511 1377 568 monasterio
1391 512 1567 586 quiescentis,
1580 513 1705 584 gloriosa
1715 528 1775 569 san·

977 583 1082 639 ctrtatis
1100 583 1164 639 viri.
1182 608 1190 629 ·

1014 654 1112 710 Burrio
1127 654 1326 711 Lenaeo-Coa.
1341 673 1346 709 :
1371 656 1522 711 ‹Rornaein
1534 654 1777 723 Vaticano‚natale

978 727 1064 781 sancti
1079 726 1120 782 Pii
1136 742 1210 798 papae
1221 734 1247 781 et
1264 727 1402 799 martyris.
1419 727 1471 794 Qui
1487 727 1557 783 sedit
1573 727 1600 781 in
1616 727 1775 798 episcopatu

977 798 1057 852 annis
1071 814 1111 864 xr,
1129 797 1269 853 mensibus
1285 814 1326 864 111,
1342 797 1439 853 diebus
1460 814 1519 854 xxi.
1547 797 1619 853 lluio
1632 797 1666 853 ab
1679 799 1776 869 angelo

978 868 1135 924 nuntiatum
1155 877 1196 924 est
1217 868 1319 924 Pascha
1334 869 1379 925 die
1397 870 1542 925 Dominico
1563 867 1769 925 celebrandurn.

977 940 1013 994 Et
1040 940 1183 996 constituit
1198 940 1358 996 hereticum
1383 940 1539 995 venientem
1562 939 1770 996 attudeorum

977 1010 1073 1066 heresi
1088 1012 1159 1066 susci
1183 1012 1189 1065 i
1205 1019 1232 1067 et
1247 1011 1388 1083 baptizari.
1409 1012 1477 1066 Item
1492 1013 1596 1075 Romae,
1613 1021 1771 1067 sanctorum

977 1081 1109 1153 Stephani
1123 1091 1149 1137 et
1164 1028 1270 1139 {contii
1290 1091 1474 1163 martyrum.»
1503 1085 1533 1139 ln
1548 1082 1687 1150 Arrianis,
1708 1082 1775 1138 satis

977 1169 1045 1224 pura
1060 1161 1109 1209 est.
1126 1154 1212 1208 Tum:
1235 1154 1393 1220 «Treveris,
1411 1154 1484 1210 beati
1501 1154 1634 1224 Hidulphi
1650 1153 1773 1226 episcopi

976 1232 1003 1279 et
1016 1225 1190 1281 contessoris.
1208 1223 1312 1281 Eodem
1328 1225 1382 1293 die,
1399 1225 1542 1281 beatorum
1559 1235 1710 1296 martyrum
1726 1225 1772 1280 Sa·

977 1295 1035 1350 vini
1051 1305 1079 1351 et
1105 1296 1236 1369 Cypriani
1252 1297 1380 1351 fratrum.
1397 1297 1427 1350 ln
1449 1297 1588 1352 territorio
1607 1295 1774 1351 Pictaviensi

976 1375 1133 1421 sanctorum
1150 1367 1256 1433 Albini,
1272 1368 1385 1422 Luciani
1405 1375 1432 1422 et
1444 1368 1555 1422 Seviani
1571 1368 1769 1423 confessorum.

976 1438 1006 1491 ln
1016 1436 1140 1492 Floriaco
1150 1437 1314 1493 monasterio
1327 1437 1457 1493 territorii
1471 1439 1775 1504 Aurelianensistrans·

976 1508 1042 1563 latio
1054 1517 1212 1563 sanctorum
1231 1524 1376 1579 corporum
1394 1509 1535 1564 Benedicti
1550 1507 1690 1563 abhatiset
1700 1524 1774 1563 soro·

976 1579 1013 1633 ris
1028 1594 1087 1649 ejus
1101 1579 1278 1635 Scholastica
1291 1579 1418 1650 virginis,
1430 1579 1463 1633 de
1474 1579 1553 1635 ltalia
1568 1580 1597 1634 in
1612 1578 1741 1635 Galliam.
1756 1602 1766 1624 ι

127 1650 289 1705 radatur.»
313 1649 342 1703 ln
356 1649 486 1704 Armenia
509 1662 594 1718 purus
613 1655 662 1702 est.
679 1646 764 1702 Dein:
788 1670 797 1695 ‹
816 1649 918 1717 horna,
934 1653 957 1711 Β
1007 1650 1222 1721 Beuuincipit:
1240 1650 1484 1715 ‹BornaeheatiPii
1495 1658 1603 1722 papaet
1615 1649 1767 1721 martyris.»

154 1720 215 1775 ssio
239 1727 396 1775 sanctorum
418 1727 571 1790 martyram
587 1717 717 1789 Stephani
738 1719 911 1775 reticendi.»

180 1790 316 1846 Sidronio
339 1798 421 1846 recte.
439 1791 527 1845 Turn:
552 1789 679 1844 «Eodem
703 1788 757 1857 die,
774 1791 918 1846 translatio

125 1862 208 1919 ancti
226 1861 371 1918 Benedicti
386 1861 493 1917 abbatis
510 1867 538 1916 et
559 1859 715 1916 Scolasticae
730 1862 831 1917 sororis
848 1862 916 1934 ejus.

125 1934 170 2002 Qui
202 1940 268 2004 post
293 1933 511 1990 devastationem
533 1932 692 1987 monasterii
716 1931 758 1987 sui
784 1933 884 1988 iactam
904 1952 919 1989 a

185 2005 243 2072 nis,
268 2020 369 2075 corpus
392 2020 451 2076 epus
467 2001 533 2076 [aaa
559 2008 596 2057 est
618 2002 751 2076 syntaxis]
773 2004 802 2059 in
818 2004 919 2061 Gallias

124 2022 297 2148 ffirtatum
324 2083 375 2145 est,
394 2092 458 2131 cum
472 2090 587 2147 corpore
609 2082 710 2131 sancta
725 2075 913 2133 Scolasticee.›

126 2148 148 2204 ln
161 2146 271 2204 Sabino
286 2163 373 2218 purus
383 2154 433 2202 est.

153 2219 322 2281 Aourcmcr.
339 2218 373 2273 de
386 2218 530 2284 Martiana,
548 2216 654 2273 dictum
668 2226 718 2273 est.
736 2216 801 2274 Post
816 2219 918 2286 Sabini,

126 2289 248 2362 adjungit
263 2307 270 2345 :
293 2314 303 2336 ι
318 2289 354 2345 Et
366 2290 454 2345 sancti
471 2289 571 2344 Alhani
585 2288 749 2344 contessoris
764 2298 790 2344 et
804 2289 918 2345 Lisiani.

127 2361 199 2426 item,
220 2368 383 2416 sanctorum
396 2359 493 2416 Savini
506 2369 533 2416 et
547 2359 689 2432 Cypriani.
712 2361 814 2428 Romae,
832 2362 919 2417 sancti

127 2431 160 2487 Pii
172 2449 262 2504 papae.
276 2431 497 2503 llrrjustempore
507 2431 620 2486 Hermes
629 2430 730 2486 lihrum
742 2432 861 2503 scripsit,
873 2434 920 2504 qni

127 2505 276 2576 appellatur
286 2505 395 2571 Pastor,
415 2502 481 2575 quia
498 2501 527 2556 in
542 2501 638 2558 habitu
648 2502 798 2573 pastorisei
809 2506 922 2573 angelus

131 2575 264 2648 apparuit.
279 2600 289 2623 »
311 2575 375 2631 llaec
389 2581 528 2646 postrema
538 2573 700 2642 dePastore,
711 2589 746 2628 ex
760 2573 858 2629 Adone
871 2591 921 2630 ac-

127 2661 150 2702 te
168 2655 196 2701 la
209 2653 288 2702 sunt.

195 2735 222 2773 e.
240 2717 326 2774 Suae.
342 2717 390 2789 qui
401 2715 553 2772 luitUrsini
564 2715 768 2786 allosemherg:
792 2717 840 2771 «ln
855 2716 921 2772 civi·

129 2786 914 2859 tutellantuae,sanctaeSpeciosaevirginis.Dupllclass·

155 2861 344 2916 Danaorum
355 2877 362 2915 z
380 2884 389 2906 ·
400 2861 431 2916 ln
439 2859 579 2915 territorio
587 2859 733 2925 Senonic0,
744 2858 815 2914 heati
827 2859 922 2914 Sedro·

129 2930 163 2985 nii
179 2931 327 3002 martyris.
351 2931 429 2998 ltem,
444 2931 473 2985 in
488 2930 629 2986 territorio
655 2929 820 2997 Pictavensi,
836 2930 922 2987 sancti

127 3001 219 3057 Albini
236 3001 405 3056 contessoris
417 3009 443 3056 et
454 3001 568 3057 Lisiani.
586 3025 595 3048 ι

155 3070 615 3129 unsara..-casrrs.-Usrnnaar.:
640 3096 649 3119 ‹
666 3071 819 3127 Translatio
831 3073 918 3128 sancti

129 3141 274 3199 Benedicti
298 3142 413 3199 abbatis.
428 3143 549 3200 Sidronii
573 3143 704 3214 martyris
723 3142 750 3197 in
772 3144 917 3199 Senoniae.

127 3213 217 3269 Sabini
239 3213 415 3270 mutassetis.
430 3215 553 3270 ianuarii
573 3223 599 3270 et
623 3215 737 3284 Pelagiae
753 3223 916 3288 martyrum.

127 3282 175 3361 loci
187 3293 215 3341 et
234 3285 334 3340 Esdrae
349 3286 555 3357 prophetarum.
572 3310 581 3333 ›
604 3287 643 3341 Ile
659 3284 759 3356 quihus
770 3301 820 3340 xnr
838 3288 920 3358 hujus

127 3364 242 3412 intexta
259 3356 416 3412 Usnardino
425 3357 525 3427 agitur.

155 3427 302 3483 Bucoruu.
324 3428 397 3500 sign.
415 3429 443 3484 P.
459 3429 495 3484 5:
526 3429 649 3494 1Bomae,
659 3426 749 3498 passio
759 3437 918 3484 sanctorum

128 3496 250 3569 Stephani
267 3499 434 3555 etLentioii.
451 3522 460 3545 ι
486 3499 573 3571 Supra
587 3499 698 3553 bentii.

156 3569 221 3627 Bao.
237 3569 323 3628 Sura.
334 3570 386 3627 sub
401 3577 466 3626 nota
480 3586 557 3625 num.
573 3568 643 3626 tat:
667 3595 675 3617 ·
693 3568 814 3624 Parisios
823 3568 919 3624 Albini

130 3641 325 3697 contessoris.»

159 3710 253 3768 tom
272 3714 306 3769 B.
322 3713 366 3768 Bu
381 3711 520 3779 Cassan,
535 3712 606 3783 sign.
619 3711 649 3769 C.
669 3729 674 3766 :
697 3734 706 3758 ι
723 3712 754 3766 ln
780 3711 919 3767 territorio

132 3777 290 3852 Pictavensi,
311 3784 398 3840 sancti
415 3783 510 3839 Albini
525 3782 690 3839 contessoris
703 3791 730 3838 et
752 3782 866 3838 Lisiani.
883 3783 919 3839 Et

134 3853 213 3907 macti
222 3852 317 3909 Savim
330 3862 356 3909 et
371 3854 503 3925 Cypriani
520 3863 682 3925 martyrum.
697 3879 706 3902 ι

165 3923 194 3978 ln
202 3923 336 3980 Vincas.
343 3925 421 3982 deest
430 3926 555 3981 translat.
567 3924 720 3980 Benedicti.
733 3926 771 3979 De
790 3924 918 3980 Sidronio

135 3997 156 4045 tt
168 3992 357 4052 Sabinouihil.
371 3995 525 4067 Adjicitur:
543 3998 665 4062 «Romae,
681 3996 769 4050 sancti
779 3996 819 4050 Pii
831 4013 916 4068 papae,

89 4116 92 4122 Δ
136 4063 248 4131 tuisedit
262 4067 292 4122 in
302 4067 462 4139 episcopatu
473 4067 600 4123 annisxr.
617 4068 684 4122 item
699 4068 801 4134 Romae,
813 4077 917 4123 sancto-

138 4147 184 4190 rum
197 4137 319 4207 Leontii,
335 4139 382 4194 Ste
404 4139 479 4206 hani,
497 4138 634 4194 Mauricii.
651 4161 660 4185 ι

164 4209 315 4265 lamas:
352 4234 361 4256 ι
384 4155 414 4265 fn
433 4209 598 4266 Mauritania
626 4208 798 4274 Caesariensi,
817 4218 917 4266 sanctas

140 4271 264 4336 larciana
290 4280 411 4352 virginis
428 4288 456 4336 et
471 4281 610 4353 martyris.
622 4280 688 4336 Itoni
705 4280 807 4348 Lisani,
823 4282 916 4336 Savini

141 4348 277 4422 ttCyprini
293 4360 461 4423 martyrum.
477 4375 486 4400 2

165 4418 328 4479 lmanrrrn.
342 4440 348 4478 :
368 4423 491 4491 «Romae,
503 4421 591 4494 passio
602 4429 758 4479 sanctorum
768 4430 920 4494 martyrum

145 4484 253 4570 Stephani
269 4501 299 4549 et
313 4493 434 4550 Leontii.
455 4494 486 4551 ln
502 4494 641 4551 territorio
655 4493 820 4561 Pictavensi,
834 4495 921 4549 sancti

143 4556 215 4619 Albini
231 4564 439 4621 confessoris.»

166 4630 381 4694 Buansoanera.:
405 4637 460 4692 ‹ln
475 4636 618 4693 territorio
641 4634 778 4693 &norico
805 4634 922 4709 [etiamad

973 1721 1003 1777 ln
1018 1720 1071 1775 line
1086 1719 1218 1776 Sabinum
1242 1721 1371 1776 Sidronio
1386 1723 1538 1791 anteponit.
1552 1722 1586 1778 Et
1609 1721 1638 1775 in
1652 1719 1773 1777 secunda

973 1792 1094 1873 editione
1109 1791 1222 1863 adjicit:
1239 1793 1326 1848 ‹ltem
1341 1791 1486 1848 translatio
1500 1802 1601 1849 sanctae
1616 1792 1771 1849 Scolasticar

973 1880 1017 1919 vir
1038 1880 1127 1919 inis.»
1266 1918 1272 1930 ,

1009 1881 1135 1990 grauns
1154 1951 1160 1988 :
1183 1958 1192 1981 ι
1208 1937 1300 1992 Romae
1311 1934 1340 1989 in
1354 1935 1577 2004 Vaticanottesta
1592 1934 1700 2005 Adone)
1711 1950 1772 1989 san·

974 2005 1011 2062 cti
1037 2005 1076 2061 Pii
1101 2022 1178 2078 papae
1194 2018 1220 2062 et
1245 2007 1384 2077 martyris,
1403 2009 1450 2079 qui
1470 2007 1542 2063 sedit
1567 2007 1595 2061 in
1611 2007 1772 2131 episcopatu

974 2093 1061 2132 annos
1079 2094 1129 2132 xrx
1153 2076 1227 2151 [Ado
1251 2077 1344 2151 xvr11].
1363 2077 1421 2134 Sub
1446 2078 1528 2150 hujus
1552 2087 1674 2149 tempore
1723 2091 1773 2131 er-

976 2164 1033 2203 mes
1048 2148 1149 2203 lihrum
1169 2150 1289 2221 scripsit,
1313 2149 1359 2222 qui
1375 2151 1473 2205 Pastor
1487 2151 1648 2221 appellatur.
1665 2147 1730 2220 quia
1744 2147 1774 2201 in

975 2218 1071 2274 habitu
1094 2220 1210 2290 pastoris
1238 2221 1262 2275 ei
1291 2220 1403 2291 angelus
1425 2222 1561 2292 apparuit.
1591 2219 1695 2275 Eodem
1715 2218 1771 2284 die,

975 2290 1116 2346 beatorum
1128 2299 1281 2363 martyrum
1295 2290 1389 2346 Savini
1404 2301 1431 2347 et
1443 2292 1566 2364 Cipriani
1580 2292 1706 2346 fratrum.
1722 2291 1772 2346 llo·

975 2379 1037 2427 ma,
1053 2362 1194 2434 Stephani,
1211 2362 1332 2429 heoncii,
1343 2363 1467 2418 Mauricii
1479 2371 1506 2418 et
1516 2358 1772 2418 MilitonisBertini

977 2433 1115 2503 martyris.
1132 2434 1163 2488 ln
1179 2434 1259 2500 Siria,
1274 2434 1361 2488 sancti
1377 2435 1522 2490 Marcialis.
1533 2432 1612 2514 Apud
1621 2433 1771 2489 Caesaream

976 2503 1157 2571 Mauritaniae,
1176 2505 1265 2575 passio
1279 2511 1379 2559 sanctae
1393 2504 1484 2560 Mariae
1500 2504 1625 2574 virginis,
1646 2519 1706 2574 quae
1720 2501 1772 2556 suh

977 2575 1077 2630 Budari
1095 2591 1171 2645 passa
1182 2585 1232 2631 est.
1255 2575 1387 2645 llidulphi
1403 2574 1601 2646 archiepiscopi
1616 2574 1772 2629 'treveren-
1826 2598 1832 2605 »

976 2646 1014 2701 sis
1038 2654 1065 2700 et
1085 2647 1260 2714 confessoris,
1284 2646 1377 2702 fratris
1397 2648 1484 2702 sancti
1511 2644 1629 2700 Erltardi
1651 2643 1771 2715 episcopi

976 2717 1193 2788 llatisponensis.
1223 2718 1274 2773 llic
1293 2717 1400 2788 pondus
1427 2733 1499 2771 curae
1518 2715 1671 2787 pastoralis,
1698 2712 1772 2787 quod

977 2788 1118 2860 aegerrime
1132 2788 1246 2856 ferebat,
1261 2788 1412 2860 deponens,
1428 2787 1456 2841 in
1471 2790 1544 2844 saltu
1554 2787 1660 2856 Vosago
1676 2785 1771 2841 erenri-

978 2861 1060 2916 ticam
1082 2859 1165 2914 sitam
1185 2859 1277 2927 duxit,
1293 2859 1499 2915 conversatione
1517 2860 1619 2929 pariter
1642 2865 1669 2912 et
1685 2857 1773 2911 mira-

977 2931 1047 2986 culis
1062 2932 1219 3001 praeclarus,
1243 2932 1344 2986 multos
1361 2947 1389 2985 m
1404 2928 1500 2984 eodem
1517 2928 1656 3000 proposito
1669 2942 1772 2996 inagna

938 3004 960 3063 G
974 3003 1129 3057 sanctitatis
1143 3003 1218 3057 viros
1233 3002 1384 3057 imitatores
1400 3001 1499 3055 hahere
1515 2999 1626 3056 meruit.
1644 3001 1673 3054 ln
1687 2998 1773 3053 terri-

973 3074 1045 3128 torio
1056 3073 1221 3140 Pictavensi,
1238 3072 1352 3127 lruciani
1368 3080 1395 3128 et
1411 3072 1505 3126 Savini
1523 3072 1723 3127 confessorum.
1740 3069 1771 3123 ln

974 3145 1127 3208 Britannia,
1138 3145 1281 3200 translatio
1292 3145 1380 3199 sancti
1397 3142 1525 3198 ltlaclovii
1536 3142 1657 3212 episcopi
1672 3148 1699 3195 et
1708 3155 1772 3194 con·

974 3216 1095 3270 sessoris.
1112 3217 1142 3269 lu
1153 3216 1247 3279 Dacia,
1256 3214 1400 3269 trarrslatio
1412 3215 1499 3269 sanati
1511 3213 1608 3268 Ketilli
1620 3209 1773 3335 preshpteri

974 3286 1185 3341 etconiessoris.
1212 3286 1353 3339 'iratistata
1368 3293 1408 3339 est
1430 3301 1492 3339 curn
1507 3292 1601 3338 sancto
1624 3285 1702 3338 Bener
1717 3281 1772 3334 icto

973 3357 1056 3412 etiam
1071 3364 1165 3411 sancta
1179 3357 1327 3411 Scolastica
1341 3371 1419 3410 soror
1434 3354 1493 3423 ejus
1506 3361 1587 3425 atque
1603 3354 1630 3409 in
1648 3353 1773 3425 partibus

974 3426 1232 3493 Cenomanensium,
1262 3425 1455 3497 religiosorum
1480 3425 1628 3480 devotione
1648 3423 1771 3479 condita.

974 3499 1041 3554 ltcrn
1058 3500 1146 3553 sancti
1161 3497 1281 3567 Eulogii.
1298 3520 1307 3544 ι
1765 3563 1771 3574 ι

1009 3570 1129 3635 lionam,
1147 3575 1216 3694 post,
1228 3567 1362 3623 Benedicti
1371 3566 1552 3634 addatis,aliis
1567 3565 1667 3622 litteris
1682 3571 1772 3622 textui

974 3640 1088 3695 inserit:
1122 3664 1130 3686 ι
1171 3646 1297 3712 astquarn
1312 3638 1397 3704 enim,
1422 3639 1495 3694 sicut
1510 3638 1567 3709 ipse
1582 3638 1679 3692 vivens
1696 3651 1772 3708 prta-

973 3711 1056 3776 dixit,
1074 3711 1270 3765 monasterinm
1299 3709 1358 3780 ejus
1375 3725 1391 3763 a
1416 3709 1544 3780 gentibus
1563 3715 1700 3764 vastatum
1716 3713 1769 3786 est,

973 3781 1092 3837 Domino
1108 3784 1256 3846 revelante,
1276 3789 1413 3852 repertum
1436 3789 1476 3835 est
1491 3797 1591 3851 corpus
1614 3779 1683 3850 ejus,
1704 3785 1731 3832 et
1744 3793 1773 3831 rn

973 3853 1076 3908 Gallias
1091 3854 1265 3919 translatum,
1277 3863 1357 3922 atque
1373 3851 1401 3905 in
1414 3852 1589 3917 monasterio,
1601 3850 1675 3922 quod
1691 3864 1771 3904 voca-

973 3933 1019 3980 tur
1033 3924 1200 3990 Blariacum,
1222 3923 1358 3994 condigna
1373 3922 1522 3993 sepultum.
1540 3922 1715 3976 Translatum
1730 3927 1773 3996 est

973 3996 1075 4066 pariter
1109 3995 1192 4051 etiam
1220 3994 1417 4065 corpusheatae
1445 3992 1632 4060 Scholastica,
1666 4006 1769 4046 sororis

972 4065 1041 4137 ejus,
1057 4074 1138 4137 atque
1154 4067 1182 4121 in
1204 4065 1325 4137 partibus
1341 4064 1601 4130 Cenomanensium,
1625 4063 1774 4133 religioso-

973 4154 1034 4192 rum
1051 4137 1198 4192 devotione
1212 4136 1385 4192 conditam·
1408 4137 1439 4190 ln
1451 4135 1505 4190 fine
1515 4137 1603 4190 solnm
1614 4135 1691 4189 addit
1705 4132 1774 4186 :elit

973 4208 1086 4263 Lisiani.
1102 4208 1203 4272 Ronrae,
1216 4207 1286 4262 heati
1301 4206 1341 4260 Pii
1352 4221 1435 4276 papae.
1449 4229 1457 4250 ι
1477 4206 1578 4260 lnaliis
1590 4204 1770 4267 editionibus,

974 4279 1085 4334 hrevior
1100 4286 1140 4333 est
1151 4276 1339 4333 translationis
1354 4274 1479 4330 historia.
1496 4276 1527 4329 ln
1543 4276 1596 4329 line
1611 4284 1702 4329 autem
1720 4274 1774 4327 ha·

932 4351 957 4409 D
974 4348 1072 4405 hatur:
1097 4371 1106 4393 ι
1123 4351 1224 4416 Rornae,
1240 4347 1313 4403 beati
1326 4346 1368 4401 Pii
1384 4362 1457 4417 papae
1475 4348 1514 4415 (et
1530 4345 1684 4423 martyris).
1701 4343 1774 4396 'Pro-

975 4420 1054 4486 viris,
1070 4421 1158 4475 sancti
1173 4419 1317 4489 ilidulphi,
1329 4416 1449 4488 episcopi
1468 4425 1496 4471 et
1511 4415 1676 4470 contessoris
1691 4427 1774 4492 egre-

993 4491 1023 4545 ii.
1036 4491 1137 4545 Wihur
1155 4507 1176 4544 ae
1190 4490 1219 4543 in
1232 4489 1324 4554 Dacia,
1339 4487 1426 4541 sancti
1442 4486 1538 4542 Ketilli
1558 4485 1737 4542 contessoris.
1755 4505 1763 4526 ·

975 4509 1118 4688 {cottianae
1132 4507 1166 4615 (fe
1180 4575 1212 4614 eo
1226 4558 1300 4630 apud
1310 4572 1359 4613 nos
1370 4573 1435 4612 mss.
1448 4573 1498 4612 suo
1513 4565 1636 4626 ternpore
1651 4555 1772 4610 illustra·

996 4649 1033 4688 un
1048 4647 1090 4688 ur.

835 4811 1046 4825 ψ

80 4916 84 4921 -
148 4878 173 4936 tt
187 4886 248 4945 tta.

1665 4881 1715 4937 Die
1731 4879 1773 4935 lt.

172 4976 237 5049 apat
253 4981 393 5054 Cyprum,
409 4979 482 5036 beati
496 4980 623 5049 Nasonis,
638 4980 746 5054 antiqui
761 4978 864 5037 Christi
879 4975 1019 5048 discipuli.
1035 4977 1066 5031 ln
1079 4972 1207 5048 Aquileia
1221 4973 1321 5029 natalis
1335 4971 1424 5029 sancti
1440 4972 1614 5044 Hermagorae
1639 4966 1772 5040 episcopi,

147 5057 250 5140 discipuli
265 5069 343 5126 beati
358 5068 445 5126 llaroi
458 5069 644 5142 evangelistae,
665 5068 712 5142 qui
726 5068 798 5124 inter
810 5067 943 5124 miracula
954 5065 1103 5121 sanitatum
1121 5071 1148 5120 et
1163 5062 1367 5134 predicationis
1378 5062 1549 5127 instantiam,
1566 5076 1598 5115 ac
1612 5058 1775 5128 populorum

145 5158 340 5226 conuersionem,
357 5157 478 5229 plurima
491 5174 633 5230 paenarum
651 5173 747 5229 genera
761 5165 900 5228 expertus,
916 5153 950 5211 ad
964 5153 1094 5209 ultimum
1113 5167 1176 5206 cum
1192 5153 1342 5207 Fortunato
1355 5148 1550 5207 archidiacono
1580 5162 1640 5213 sue,
1662 5143 1774 5216 capitali

144 5243 254 5313 stpplicio
270 5253 437 5319 perpetuum
451 5244 552 5300 meruit
565 5242 751 5317 triumphurn.
769 5243 800 5299 ln
811 5243 943 5306 Cesarea,
960 5241 1049 5297 sancti
1064 5239 1108 5295 Dii
1118 5250 1141 5294 ¹.

886 5386 1002 5443 NOTAE.

162 5496 218 5557 Pari
231 5512 297 5560 sunt
312 5504 436 5572 Protea,
451 5504 601 5574 herinias,
616 5502 853 5575 Aataerp.·ilajor
868 5511 895 5559 et
906 5503 1040 5562 Munerat.

160 5653 297 5714 'Sanctus
323 5657 393 5712 Dius
407 5654 520 5711 additus
536 5655 582 5711 hic
603 5663 644 5711 est
668 5654 702 5711 ab
723 5653 847 5712 Usuardo
861 5662 945 5726 post‘

135 5720 240 5784 illatum
255 5728 357 5786 Carolo
367 5726 425 5801 regi
440 5727 562 5802 primum
572 5727 614 5783 sui
625 5726 815 5801 Martyrologii
830 5742 922 5783 exeru-

977 5656 1064 5727 plum.
1078 5656 1117 5710 llo
1133 5653 1182 5710 illo
1196 5653 1371 5712 sanctonihll
1385 5655 1415 5712 in
1426 5655 1561 5714 Beruensi
1572 5656 1678 5714 codice.
1691 5657 1774 5712 lilani

976 5735 1131 5785 mernorant
1146 5725 1355 5798 llieronymiani
1370 5727 1474 5787 indices
1484 5737 1511 5785 et
1522 5728 1591 5787 Ado.
1604 5730 1774 5786 Bouuaanr.
