3834 6136
146 225 199 285 343

805 217 957 281 usualem
975 217 1137 277 MONACHI

1748 215 1800 276 dib

145 347 347 408 tiebeatisslmi
361 346 469 405 ailberti
484 347 518 405 de
532 355 626 405 monte
642 348 779 431 Drepane,
789 345 943 429 presbyteri
957 348 983 407 A
996 341 1149 402 beatissimi
1174 337 1282 398 Alberti
1296 339 1330 397 de
1344 345 1438 396 monte
1451 340 1589 414 Drepane,
1600 341 1757 415 presbyteri
1774 350 1801 400 et

146 431 173 481 et
188 419 360 488 coufesmris,
376 419 446 476 sacri
460 414 566 477 ordinis
581 420 699 479 Carmeli
710 435 810 493 prioris
821 434 943 491 provin-

133 490 234 561 cialis,
248 490 343 547 multis
356 491 496 549 miraculis
511 492 541 549 in
554 492 611 548 vita
629 500 657 547 et
697 500 739 548 ost
758 499 875 547 mertem
891 506 943 546 co-

145 563 292 622 ruscantis.
319 563 350 621 In
370 561 467 619 Galliis
495 563 608 620 claritate
624 507 847 632 NotEomagensi,
870 558 943 642 beati

145 634 283 702 Victricii,
299 632 420 706 praelatae
445 634 522 691 urbis
547 635 667 708 episcopi
695 642 721 690 et
738 634 937 714 confessoris.)

144 709 214 764 Tum
244 705 398 764 minoribus
426 706 525 778 typis:
548 706 676 762 «Donati
703 705 823 777 episcopi
854 705 944 784 Eurum

144 778 243 851 Epyri,
259 803 267 826 ι
289 786 353 845 etc,
365 786 396 832 ut
411 777 535 833 Gnrvcu.
546 793 639 849 supra.
656 776 778 833 Deinde:
800 799 808 821 ·
825 774 945 831 Ciuitate

997 414 1174 480 confessoris,
1190 414 1315 482 sacrique
1335 411 1441 469 ordinis
1465 410 1583 470 Carmeli
1599 428 1648 484 per
1672 414 1799 473 siliciam

998 488 1101 544 Prioris
1116 484 1308 541 Prouincialis.
1326 483 1377 551 Qui
1390 499 1499 556 genere,
1509 484 1646 554 moribus,
1657 483 1798 559 doctrina,

998 557 1181 615 sanctimonia
1195 564 1222 612 et
1242 555 1384 612 miraculis
1394 555 1574 624 clarissimus,
1591 555 1711 614 decessit
1726 573 1800 617 anno

998 630 1110 686 Domini
1122 645 1243 684 uncxeu.
1260 651 1270 678 ι
1290 628 1329 685 De
1340 627 1484 697 Victricie,
1494 634 1525 682 ut
1539 645 1632 702 snpra.
1649 653 1658 675 ι
1674 627 1801 687 Catalau-

999 702 1044 756 nis
1060 700 1183 768 ciuitate,
1197 699 1332 772 depositio
1347 699 1433 755 sancti
1454 699 1603 756 Donatiani
1631 700 1754 776 episcopi
1774 708 1801 760 et

999 772 1174 829 contessoris.
1191 771 1241 829 bie
1260 771 1386 843 septima,
1400 771 1567 827 sacrosancti
1592 772 1726 855 martyris
1741 775 1802 831 Oe-

144 848 525 918 Novaria,sanctiGodscalci
539 844 945 922 martyris.ejusdemcivitatis
1001 843 1114 900 metii.»
1136 844 1261 925 Denique
1283 841 1438 925 minoribns
1452 842 1527 916 typis
1551 860 1557 898 :
1581 868 1591 891 ι
1613 842 1802 930 ςίιιιιιροΝο·

145 921 276 994 episcopi,
291 921 370 992 eujus
384 920 474 993 passio
489 920 639 977 habetem·
662 920 805 976 Editiones
826 917 896 985 alia,
916 916 945 971 in
1000 916 1089 984 varia,
1111 923 1199 974 sancti
1227 914 1405 984 dedecalcw
1425 921 1490 985 etc,
1506 920 1538 972 ut
1551 922 1593 972 est
1621 931 1651 972 ιιι
1679 916 1802 975 edrtrcne

145 992 201 1052 fine
218 1011 223 1055 :
252 991 394 1054 «Ciuitate
409 993 532 1054 Messana
547 992 577 1052 iu
601 992 671 1051 ireto
692 990 795 1062 Siculo,
810 987 947 1063 depositio
1000 988 1100 1061 prima.

861 1111 1080 1129 m

1714 1156 1803 1220 bes.

145 1166 273 1314 mitium
286 1255 332 1312 via
344 1253 478 1324 Ostiensi,
495 1254 595 1311 natalis
608 1251 681 1311 beuti
697 1250 798 1312 Ciriaci
814 1251 925 1309 diaconi
939 1256 966 1307 et
977 1256 1133 1306 unctorum
1144 1254 1297 1319 martyrum
1312 1216 1392 1319 Largi
1411 1253 1438 1302 ct
1455 1245 1597 1319 smaragdi
1608 1262 1672 1303 cum
1686 1246 1750 1305 aliis
1765 1248 1804 1305 vi-

144 1346 224 1419 ginti,
236 1353 359 1419 tempere
377 1344 542 1401 Diocletiani
556 1341 739 1416 imperatoris.
757 1355 768 1383 ¹
785 1339 866 1415 Apud
883 1339 1019 1398 Viennam
1035 1336 1130 1394 Galliae
1143 1336 1249 1406 urbem,
1261 1336 1349 1394 sancti
1364 1334 1458 1392 Severi
1473 1335 1629 1410 presbyteri
1638 1343 1667 1394 et
1681 1336 1798 1394 mules-

144 1435 224 1503 soris,
240 1435 298 1507 qui,
314 1440 344 1490 ut
365 1432 424 1505 ejus
440 1440 515 1507 gesta
534 1438 681 1498 testantur,
695 1446 775 1489 eausa
799 1429 942 1504 Evangelii
961 1428 1140 1508 praedicandi.
1155 1429 1320 1487 laboriosam
1347 1427 1595 1502 peregrinationem
1619 1430 1751 1503 suscepit,
1771 1438 1800 1488 et

143 1524 178 1582 ad
193 1524 334 1597 prefatam
349 1522 447 1584 urbem
469 1520 629 1590 deveniens,
644 1521 783 1596 ingentem
807 1536 974 1596 paganorum
999 1518 1208 1581 multitudinem
1223 1520 1309 1578 verbo
1327 1525 1355 1578 et
1370 1518 1511 1577 miraculis
1533 1519 1568 1576 ad
1590 1517 1674 1577 fidem
1689 1518 1800 1580 Christi

143 1614 296 1675 conuertit.

912 1703 1030 1763 NOTAE.

178 1809 220 1864 lta
234 1808 329 1878 legunt
342 1805 463 1874 Preten,
478 1804 627 1874 Herinien.,
642 1805 798 1873 Terneeen,
813 1803 1046 1877 Antoren-Mei,
1063 1802 1211 1874 liesteeyd,
1228 1799 1317 1858 Belini
1331 1799 1409 1857 editio
1422 1799 1513 1873 prior,
1527 1799 1639 1858 Grecen.
1655 1807 1682 1859 et
1695 1800 1798 1862 Melan.

179 1917 190 1943 ι
207 1906 294 1961 Locus
309 1904 355 1961 ubi
366 1921 439 1962 nunc
454 1903 652 1976 legitursaneti
666 1903 760 1960 Severi
771 1920 938 1961 commemo·
954 1913 978 1974 Β
993 1905 1034 1962 los
1048 1904 1076 1960 in
1092 1902 1363 1976 medinmpreier,ut
1374 1903 1459 1970 soles,
1473 1908 1590 1958 esmnta.
1602 1901 1717 1985 Nilrilne
1727 1903 1799 1985 irau-

143 1977 223 2043 ratio,
239 1992 332 2030 erasus
346 1975 413 2031 olim
432 1975 495 2030 luit.
512 1976 578 2030 ltem
594 1974 728 2032 articulus
740 1991 881 2047 sequensa
895 1993 938 2033 ca·
994 1977 1037 2034 dis
1054 1975 1100 2033 hic
1110 1983 1137 2032 ct
1147 1975 1306 2046 impostura
1317 1975 1405 2030 latet?
1419 1990 1512 2029 nenne
1529 1975 1646 2031 liscardi
1662 1982 1799 2056 symmute

143 2048 200 2119 pite
219 2046 254 2101 ad
267 2048 369 2103 calcem
385 2055 458 2102 totus
472 2055 513 2102 est
527 2047 656 2117 scalpello
671 2046 813 2115 laceratus,
832 2055 939 2105 tacente
993 2048 1094 2118 aliquis
1112 2047 1221 2116 eestitit,
1236 2048 1282 2116 qui
1297 2062 1374 2102 suum
1388 2047 1488 2127 stylum
1502 2045 1538 2101 ed
1550 2046 1735 2103 Usuardrnum
1751 2064 1800 2103 ac-

143 2117 259 2175 Sollerio
281 2126 308 2173 et
322 2118 522 2175 correctionem
545 2116 720 2174 admittente.
735 2118 854 2184 Quinam
871 2120 940 2176 olim
995 2116 1702 2199 commedendumessecensuerrt?Sed,anroteiudo,
1715 2118 1799 2176 fatere

142 2190 256 2245 fuerunt
268 2189 356 2245 sancti
370 2188 414 2244 his
430 2190 496 2245 locis
522 2188 690 2245 memorati?
718 2204 772 2261 qno
801 2190 939 2259 abierunt,
994 2191 1105 2248 tandem
1122 2190 1222 2247 lituras
1236 2199 1263 2246 et
1278 2189 1484 2271 emendationes
1497 2189 1568 2246 nihil
1580 2188 1734 2262 quidquam
1749 2207 1799 2247 ne·

143 2262 175 2319 ll.
188 2262 229 2327 Ρ.,
241 2261 281 2316 tui
296 2260 339 2316 illi
353 2261 461 2333 antiqui
471 2260 590 2328 codices,
602 2258 848 2317 undesumendam
860 2270 939 2334 petas
994 2279 1056 2320 cere
1071 2261 1221 2320 Usnardini
1237 2269 1331 2318 textus
1345 2267 1471 2335 puritati,
1482 2277 1558 2329 cum,
1569 2275 1630 2334 quas
1642 2269 1736 2320 totum
1751 2279 1799 2322 co·

142 2332 333 2407 primigeniam
340 2333 457 2390 Usuardr
471 2333 648 2405 nativamque
661 2331 889 2404 simplicitatem?
903 2336 938 2390 ll·

994 2335 1085 2392 dicem
1101 2333 1262 2408 descripsit,
1277 2333 1372 2391 eadem
1386 2332 1508 2393 correxit
1522 2348 1632 2393 manus.

754 2433 958 2493 tautanius
979 2433 1185 2493 LECTlONES.

178 2528 335 2599 Lugendum
350 2542 421 2592 esset
442 2534 559 2607 Cyrieei,
573 2550 637 2591 curn
653 2532 774 2602 Praten,
789 2534 939 2606 liesweyd.

141 2608 168 2656 ct
188 2599 289 2672 Belin.;
310 2606 358 2662 sed
381 2607 531 2678 pressione
549 2604 607 2672 alii,
632 2605 716 2661 etiarn
740 2605 807 2661 dum
832 2615 935 2662 errant.

143 2671 256 2743 Ostensi,
272 2679 317 2733 uel
338 2677 472 2733 Hestiensi
484 2675 550 2732 alibi
570 2684 696 2732 notatum
710 2684 761 2734 est.
778 2677 936 2750 llesweytl,

140 2754 202 2820 post
216 2743 331 2814 dianoni,
345 2747 488 2820 subjungit
502 2755 528 2804 et
542 2748 680 2820 martyris.
700 2751 825 2820 Tempore
835 2749 937 2806 Diocle·

142 2820 210 2875 tieei
221 2820 399 2892 inperatoris,
411 2820 504 2891 legunt
519 2835 625 2889 omnes,
638 2821 745 2877 tametsi
755 2821 816 2877 Ado
831 2820 937 2878 distin—

140 2890 262 2951 ctissime
274 2892 414 2966 scripserit
428 2891 703 2966 dieciminirlugnsti,
719 2891 816 2966 quade
828 2909 858 2948 re
868 2890 935 2948 alibi

993 2534 1129 2592 diximus.
1146 2533 1247 2591 biolan.
1264 2531 1358 2591 omisit
1376 2531 1559 2606 imperatoris.
1575 2531 1730 2591 Tornacen.
1748 2547 1798 2608 pre

993 2607 1093 2675 Seueri,
1110 2606 1256 2679 supposuit
1272 2605 1399 2662 &camni
1415 2605 1715 2678 Adpresemrnurbem
1725 2606 1797 2663 decc·

991 2679 1065 2733 niens
1088 2694 1152 2734 cum
1169 2685 1248 2734 textu
1271 2677 1397 2735 scribunt
1411 2693 1517 2746 omnes,
1531 2694 1598 2736 exce
1619 2678 1655 2735 tis
1676 2677 1796 2737 (irenen.

991 2758 1018 2806 et
1032 2749 1135 2806 Melan.
1152 2748 1201 2822 qui
1216 2748 1330 2816 babent,
1350 2750 1386 2804 ed
1398 2749 1542 2821 prefatam
1565 2694 1657 2806 urion
1680 2752 1795 2808 emens.

990 2821 1147 2891 Martirnrn,
1167 2821 1464 2894 Viennam,Ecengelii,
1481 2828 1546 2892 etc,
1561 2829 1707 2896 praeterae.

815 2990 1117 3051 OBSERVATIONES.

174 3095 214 3151 lle
232 3091 333 3150 sanctis
351 3092 530 3166 martyribus,
554 3091 644 3163 primo
671 3091 717 3147 hic
745 3089 933 3164 locopositis,

141 3165 264 3236 Cyrieec,
280 3165 367 3238 Largo
381 3172 408 3221 et
424 3163 581 3235 Srneregde,
596 3179 659 3221 cum
681 3161 804 3220 Usuardo
827 3170 853 3219 et
872 3162 935 3220 aliis

52 3246 55 3251 '
139 3235 448 3311 nrartyrologrsegimus
458 3236 528 3308 ipso,
538 3250 592 3308 quo
605 3236 769 3307 martyrium
785 3235 856 3306 passi
865 3252 936 3292 cen-

138 3319 242 3378 sentur,
253 3309 299 3365 die
309 3326 369 3366 xvn
378 3308 439 3365 Kal.
450 3306 563 3389 Aprilis,
575 3323 623 3389 seu
631 3324 679 3363 ιιιί
690 3307 893 3380 blartii,ibiqnc
906 3307 934 3363 in

138 3380 933 3461 obseruationibusnotsvrrnus,secrostumaxpressostum

138 3470 302 3526 anonymos,
313 3469 348 3509 ex
359 3452 441 3521 Beda,
451 3468 514 3507 cum
525 3461 583 3508 teto
597 3451 683 3508 ferme
698 3453 798 3524 elegrc,
810 3468 839 3507 ιιι
853 3451 934 3508 Ado-

137 3540 199 3581 nem
217 3523 367 3581 transiisse.
381 3524 437 3578 Hac
450 3522 494 3579 die
504 3524 618 3579 certiusa
633 3533 697 3580 sunt
716 3524 814 3592 multa,
830 3531 889 3578 tum
905 3522 934 3578 in
954 3537 1043 3602 eque
1056 3520 1121 3578 colli

138 3594 375 3669 llieronymianis,
386 3602 445 3650 tum
456 3595 485 3650 in
498 3594 570 3661 aliis,
582 3610 642 3666 qum
654 3609 708 3648 ιιοιι
722 3602 764 3649 est
777 3603 934 3666 promptum

157 3668 233 3724 aucis
251 3667 409 3735 explanare.
419 3665 557 3720 Nonnulla
567 3666 634 3719 satis
649 3671 775 3721 accurate
789 3663 936 3735 distinguit

137 3684 336 3802 Blorentinius,
351 3734 399 3792 sed
414 3735 462 3800 ita,
480 3743 509 3789 ut
530 3735 608 3806 plura
623 3734 771 3807 supersint.
788 3734 870 3802 Beda,
888 3736 935 3808 qui

140 3808 193 3865 ‘arri
210 3810 294 3866 citato
310 3807 354 3863 die
369 3823 418 3863 avr
432 3806 523 3862 Martii
534 3806 646 3860 nomina
656 3806 778 3887 quinque
793 3808 934 3877 retulerat,

136 3827 186 3937 iric
200 3878 363 3951 simpliciter
379 3878 453 3948 legit,
469 3876 576 3932 Natalis
590 3884 673 3932 secrete
690 3878 808 3947 cyriaci,
818 3877 935 3935 dubium

138 3948 342 4023 quedammodo
350 3948 508 4020 relinquens
518 3947 590 4003 sitne
604 3947 651 4004 bic
665 3949 795 4019 Cyriacus
806 3950 889 4017 idem,
901 3951 935 4007 de

139 4038 194 4092 que
211 4020 337 4090 superius
351 4028 450 4090 egerat.
467 4017 533 4085 Qus
546 4034 612 4074 vero
626 4019 768 4077 adduntur
782 4022 833 4077 sub
848 4021 934 4091 Flori,

138 4091 246 4162 opinor,
261 4090 386 4158 nornine,
404 4105 460 4145 non
489 4106 614 4162 ariagnem
637 4092 725 4148 lucem
748 4091 877 4161 afferunt,
893 4093 934 4149 uti

138 4178 189 4218 nec
204 4160 342 4230 liabanus,
353 4161 393 4218 sic
405 4169 465 4234 post
479 4161 579 4218 bedam
592 4163 706 4237 loquens
714 4164 790 4236 quasi
802 4163 934 4238 Cyriacus

138 4233 189 4289 hac
202 4232 247 4289 die
269 4232 365 4291 fuisset
381 4249 475 4307 passus
493 4250 557 4291 cum
578 4234 641 4290 aliis
655 4252 714 4291 xxi.
730 4235 837 4294 Clarius
853 4238 934 4310 paulo

138 4306 292 4363 Romanum
303 4321 418 4376 parvum
430 4324 436 4362 :
453 4307 543 4363 Rome
555 4306 600 4362 cic
611 4307 732 4376 Ostiensi,
747 4307 854 4379 Cgrieei
862 4326 934 4364 rner-

139 4377 205 4446 tyris
218 4394 276 4432 eum
290 4377 353 4433 eliis
372 4394 431 4445 xxr,
447 4378 553 4448 quande
568 4395 619 4434 vnr
639 4379 681 4434 die
702 4381 800 4435 mensis
819 4380 935 4452 Augusti

136 4448 266 4504 reconditi
275 4455 345 4504 sent.
356 4449 408 4504 Sed
423 4465 511 4523 neque
525 4449 566 4507 sic
579 4449 730 4507 difficultas
740 4452 857 4520 tollitur,
870 4468 932 4507 nam

137 4519 314 4592 quaerendum
335 4528 419 4577 restat
445 4521 559 4593 quinam
587 4521 633 4580 hic
655 4523 712 4579 sint
731 4522 831 4596 uiginti
851 4523 893 4578 illi
906 4531 934 4580 et

136 4607 218 4658 nitus,
235 4599 378 4663 postquam
394 4592 465 4649 idem
482 4593 636 4649 Romanum
672 4610 768 4651 arvum
784 4595 868 4652 citato
884 4612 933 4651 ιιι

135 4660 227 4717 Martii
240 4661 370 4718 distincte
382 4662 511 4718 meminit
523 4664 543 4720 C
563 4664 640 4731 rioci,
691 4666 742 4735 rgi,
755 4666 897 4736 Sinereqdi
906 4674 933 4723 ct

138 4731 314 4787 crescentiani
328 4749 391 4789 cnm
407 4733 470 4788 aliis
483 4750 531 4789 xx.
544 4681 737 4791 ilihilominns
757 4736 932 4794 obscuritatis

137 4802 239 4858 habent
253 4818 312 4874 qna
327 4803 387 4858 Ado
404 4803 451 4859 hic
464 4813 672 4873 commemorat,
688 4806 825 4887 principio
840 4809 930 4865 seium

135 4872 282 4946 Cyriacum
299 4875 444 4930 rronrinans
458 4891 522 4930 cum
536 4876 600 4931 eliis
616 4894 763 4947 proruamur
776 4895 854 4934 senus
869 4896 928 4951 ιιι,

990 3089 1068 3160 aeris,
1084 3088 1131 3147 hic
1146 3087 1219 3145 diem
1236 3090 1362 3162 martyrii
1377 3099 1405 3147 et
1421 3090 1621 3161 translationis,
1637 3107 1669 3151 ac
1684 3102 1796 3167 marty-

990 3179 1053 3218 rum
1063 3177 1210 3218 numerum
1224 3162 1309 3235 magis
1319 3161 1461 3234 implicare
1476 3162 1683 3222 uidebitur.Sic
1696 3164 1796 3223 Noster

989 3233 1024 3290 de
1034 3233 1214 3291 translatione
1222 3240 1269 3289 aut
1276 3233 1430 3291 elevatione
1439 3251 1600 3308 corporum,
1614 3250 1666 3293 nee
1676 3237 1794 3294 verbum

989 3305 1103 3374 iaciens,
1119 3304 1236 3361 rotunde
1250 3304 1347 3362 scribit
1363 3325 1370 3363 ε
1388 3308 1477 3363 Neine
1489 3307 1535 3362 eia
1550 3307 1675 3376 Ostiensi,
1693 3308 1795 3365 natalis

990 3377 1067 3445 beuti,
1083 3384 1148 3446 ete,
1160 3393 1192 3433 ac
1215 3376 1238 3433 si
1256 3376 1293 3433 de
1308 3377 1342 3433 iis
1366 3394 1507 3452 nunquam
1528 3386 1591 3434 ante
1607 3380 1793 3437 meminisset.

989 3449 1120 3506 Nominat
1134 3456 1225 3504 autem
1240 3455 1295 3506 tres
1310 3450 1462 3522 precipuos
1478 3467 1541 3507 cum
1556 3450 1620 3507 aliis
1639 3469 1690 3518 xx,
1704 3450 1794 3508 adeo-

1124 3521 1163 3647 pit
1178 3520 1287 3577 eosdem
1304 3536 1388 3589 ιιιιιιι,
1400 3537 1468 3595 quos
1483 3539 1542 3579 xvrr
1557 3522 1674 3580 lialend.
1686 3524 1795 3597 Aprilis

992 3592 1074 3648 etiam
1091 3609 1123 3649 co
1139 3595 1283 3660 locaverat,
1295 3592 1334 3647 ibi
1350 3593 1401 3649 sub
1415 3595 1575 3663 Maximino,
1590 3593 1637 3651 bic
1651 3596 1705 3652 sub
1721 3596 1794 3652 Dic-

991 3664 1112 3719 eletienc.
1128 3663 1181 3720 Sed
1207 3664 1241 3719 de
1262 3667 1439 3735 ‘persecutore
1463 3674 1489 3722 et
1505 3667 1696 3739 persecutione
1710 3682 1794 3740 supra

991 3734 1099 3791 abunde
1114 3733 1200 3791 locuti
1215 3735 1417 3802 snmus,nedos
1427 3737 1591 3809 reliquossd
1604 3739 1792 3796 Actasclven·

991 3805 1040 3861 des
1053 3806 1218 3862 remittimus
1229 3823 1236 3872 ;
1248 3807 1296 3862 nbi
1307 3806 1341 3863 de
1352 3817 1408 3864 tota
1420 3809 1555 3882 passienis
1566 3808 1654 3881 ipsius
1662 3810 1790 3880 historia,

990 3893 1025 3933 ex
1040 3877 1145 4005 intepro
1157 3877 1209 3933 erit
1224 3877 1426 3948 disserendum,
1438 3897 1521 3954 qnam
1536 3882 1709 3939 correctione
1719 3881 1792 3939 indi·

1008 3965 1052 4004 ere
1078 3965 1093 4004 a
1129 3966 1176 4006 xm
1203 3950 1338 4020 ianuarii,
1363 3961 1424 4024 post
1455 3952 1605 4009 Baronium
1634 3953 1725 4012 lassus
1751 3960 1791 4011 est

990 3965 1150 4077 ssollandus.
1167 4022 1203 4077 Et
1216 4022 1264 4077 ille
1286 4021 1398 4095 quidem
1414 4023 1442 4079 in
1458 4024 1614 4082 Annalibus
1629 4025 1664 4082 ad
1685 4041 1790 4082 annum

990 4109 1118 4159 ccxcvur,
1133 4108 1210 4148 num.
1229 4094 1272 4161 id,
1290 4101 1317 4150 et
1330 4093 1364 4149 ad
1379 4111 1483 4151 annum
1498 4113 1587 4163 eccm,
1603 4113 1682 4153 num.
1699 4098 1790 4155 isatis

989 4163 1122 4231 ostendit,
1138 4179 1194 4218 non
1212 4180 1298 4236 pauca
1324 4164 1480 4236 displicere,
1495 4167 1541 4224 sed
1556 4168 1591 4223 iis
1617 4176 1675 4224 tarn
1702 4170 1790 4225 multa

989 4233 1094 4291 addunt
1112 4239 1278 4292 recentiores
1303 4236 1404 4305 critici,
1423 4246 1453 4294 ut
1468 4248 1553 4296 totam
1573 4239 1661 4297 ferme
1688 4256 1790 4298 narm-

988 4307 1092 4362 tionem
1108 4308 1279 4380 contemptui
1295 4319 1444 4380 exponant.
1461 4309 1574 4368 Interim
1597 4327 1647 4384 pro
1668 4313 1789 4387 genuina

989 4378 1116 4434 laterculi
1128 4378 1246 4437 lectione
1260 4382 1449 4438 stantccdices
1459 4383 1537 4440 citati
1545 4399 1677 4449 omnes,a
1687 4384 1789 4459 qnibns

988 4449 1787 4526 nonnihildistantrecentiores,inAuctariispreducendi,

988 4522 1035 4593 qui
1050 4530 1189 4579 auctorem
1206 4522 1342 4596 corrigere
1358 4524 1491 4590 volentes.
1506 4526 1713 4584 translationem
1723 4527 1788 4584 sub·

988 4592 1120 4661 stitunnt,
1134 4610 1150 4649 a
1164 4594 1293 4651 Marcello
1315 4612 1384 4669 papa
1402 4597 1513 4665 iseum,
1530 4605 1561 4653 ut
1584 4614 1650 4656 mex
1670 4599 1786 4672 patebit.

987 4663 1047 4730 Ouo
1063 4664 1195 4721 hactenus
1217 4667 1291 4723 dicta
1306 4668 1392 4740 magis
1408 4671 1534 4726 involuta
1548 4679 1622 4738 sunt,
1638 4686 1672 4727 eo
1686 4671 1788 4730 clarior

987 4742 1028 4792 est
1041 4736 1215 4793 annuntiatio
1230 4738 1329 4794 ultima
1342 4755 1378 4795 ex
1398 4740 1505 4810 Adone,
1522 4742 1644 4799 rescissis
1659 4743 1787 4816 pauculis

986 4815 1106 4879 accepta,
1117 4824 1198 4880 quam
1210 4809 1257 4866 ille
1271 4811 1386 4883 primus,
1398 4820 1429 4868 ut
1440 4821 1502 4886 pote
1512 4813 1566 4870 sibi
1578 4814 1665 4886 magis
1678 4822 1786 4883 nomm,

945 4916 970 4975 D
985 4880 1088 4949 posuit,
1100 4881 1272 4937 etexeedem
1285 4881 1422 4940 thlrerus
1432 4892 1518 4941 totam
1530 4885 1676 4958 descripsit
1703 4887 1787 4943 Forte

134 4945 164 5002 in
178 4945 233 5002 fine
246 4952 338 5001 autem
352 4953 390 5000 ιιι
410 4945 552 5003 scribens:
567 4948 711 5004 Brutorum
722 4955 809 5005 autern
823 4959 931 5024 marty-
985 4965 1017 5006 ea
1031 4957 1104 5021 gesta
1119 4951 1216 5009 citavit
1230 4953 1406 5023 Viennensis,
1424 4972 1484 5028 quae
1495 4957 1566 5030 apud
1581 4973 1632 5013 nos
1646 4973 1714 5014 mss.
1730 4974 1786 5014 ex-

133 5035 196 5073 rum
207 5019 352 5090 passiones,
366 5018 440 5073 idest
455 5018 571 5089 Cgricct',
588 5021 672 5091 Largi
685 5028 708 5076 et
722 5022 864 5096 Sinareth'
874 5025 930 5081 suis

135 5090 198 5144 locis
220 5090 384 5162 inpraesenti
399 5089 566 5146 Kelenderis
584 5099 682 5148 notate
695 5101 757 5150 sunt
779 5111 839 5152 ιινιι
863 5097 926 5153 Kal.

133 5161 247 5231 Aprilis.
262 5162 360 5230 Quare
376 5161 485 5230 iterum,
499 5178 534 5218 an
556 5163 622 5221 hinc
641 5172 702 5221 tuto
716 5165 816 5239 conjici
831 5168 927 5239 pessit,

133 5233 207 5302 qued
222 5250 316 5289 ornnes
330 5250 380 5290 xvi
390 5233 480 5290 blartii
492 5235 641 5304 relati,hac
655 5236 700 5293 die
712 5239 847 5294 reconditi
859 5240 925 5308 sint,

132 5317 168 5356 an
179 5303 269 5359 solum
285 5305 397 5378 aliqui?
412 5309 457 5361 An
472 5306 537 5362 item
552 5308 604 5363 seli
619 5307 762 5379 Cyriacus,
782 5311 886 5381 Largus
900 5320 927 5368 et

30 5431 34 5439 ,
131 5371 295 5444 smaragdus
316 5391 332 5430 a
348 5392 417 5448 papa
431 5377 560 5434 blareelle
575 5378 715 5451 depositi?
730 5384 784 5448 An,
804 5389 835 5437 ιιι
849 5390 926 5439 notat

130 5440 261 5499 bucherii
275 5445 481 5515 Kalendarium,
492 5465 547 5505 una
557 5450 691 5506 reconditi
697 5450 905 5524 sintsequentcs
916 5472 922 5510 :

129 5513 305 5594 Bel'lesteria,
323 5516 440 5588 Cgrieci,
461 5519 552 5592 Largi,
577 5521 764 5591 Crescentieni,
784 5524 920 5593 Menenia,

128 5584 233 5665 Jaltenr
245 5592 268 5666 et
287 5587 429 5661 sinaragdi
442 5592 456 5648 i
471 5591 516 5648 du
530 5593 622 5665 potius
633 5602 767 5668 quotquot
780 5595 809 5652 in
821 5595 923 5652 lliere-

127 5670 268 5738 nymranrs
295 5657 377 5717 bodie
406 5666 627 5722 enumerantur?
646 5665 675 5723 Si
690 5682 785 5724 omnes
808 5666 922 5725 omnino

126 5733 317 5800 transpositos,
332 5739 379 5786 ant
407 5735 554 5791 translatos
582 5736 696 5805 dixeris,
718 5738 767 5793 rix
794 5739 921 5798 inuenies

124 5814 281 5875 rtumcrum,
297 5818 378 5879 quem
395 5812 471 5862 certo
484 5811 597 5863 statuas.
612 5807 640 5865 Si
659 5808 812 5868 thkerum
824 5825 923 5871 acma-

984 5028 1067 5092 stant,
1083 5022 1138 5079 alia
1152 5023 1283 5093 breviori,
1298 5026 1352 5081 alia
1366 5026 1503 5084 diffusiori
1525 5029 1599 5101 style
1615 5031 1785 5102 conrposits,

983 5109 1043 5166 quae
1058 5095 1154 5166 quanti
1167 5096 1292 5153 iacienda
1306 5097 1373 5167 sint,
1385 5100 1496 5173 proprio
1506 5100 1784 5159 loecdecernendum

982 5181 1162 5224 reservamus.
1174 5168 1388 5226 Wandalbertus
1403 5172 1441 5226 ita
1456 5171 1662 5244 Cyriacumbic
1674 5189 1785 5229 memo-

981 5246 1033 5305 rat,
1047 5238 1125 5310 quasi
1140 5239 1215 5296 solus
1231 5238 1312 5295 hodie
1327 5243 1475 5313 coleretur,
1486 5254 1513 5300 et
1528 5244 1639 5315 apriori
1654 5243 1785 5302 diuersus

981 5317 1069 5376 esset;
1087 5308 1116 5364 in
1139 5325 1194 5382 quo
1217 5310 1333 5368 sortasse
1352 5313 1408 5370 anti
1430 5330 1464 5370 ua
1483 5315 1649 5372 Kalendaria
1671 5324 1784 5373 secutus

980 5387 1030 5445 est,
1047 5381 1138 5453 qualia
1152 5398 1168 5438 a
1183 5383 1320 5439 Frontone
1336 5392 1362 5440 et
1388 5330 1492 5443 diiatio
1511 5387 1584 5444 edita
1608 5395 1685 5455 sunt,
1701 5389 1784 5460 plane

979 5452 1133 5508 conformia
1148 5452 1365 5512 sacramentario
1380 5456 1514 5530 Gregorii.
1530 5457 1604 5526 Quid
1614 5459 1690 5541 quod
1704 5467 1734 5516 et
1744 5476 1784 5516 xv

978 5522 1044 5580 Julii
1059 5524 1089 5580 in
1104 5525 1291 5584 Frontoniano
1309 5536 1419 5586 notetur
1437 5530 1574 5601 Cyriacus,
1592 5539 1677 5587 etiam
1692 5531 1781 5588 solus.

978 5593 1063 5651 Vides
1073 5595 1120 5654 hic
1132 5597 1318 5655 abundantem
1327 5598 1393 5656 alibi
1403 5600 1554 5658 disserendi
1566 5603 1723 5661 materiam.
1735 5603 1782 5660 En

977 5665 1060 5723 niodo
1075 5668 1165 5741 ipsum
1181 5669 1373 5728 Wandalbertl
1388 5673 1557 5730 uersiculum
1576 5692 1583 5731 :

1054 5822 1192 5876 Nubereum
1205 5828 1275 5877 senis
1291 5833 1408 5891 penebat
1422 5827 1545 5896 Cyriacus
1556 5829 1694 5883 bonorem.
1781 5833 1783 5837 ’
