3834 6136
146 220 197 280 tul

808 216 961 277 usurum
978 216 1140 277 Mortuum

146 355 174 405 et
189 343 316 418 exemplo
330 341 366 401 ad
383 340 466 399 fldem
477 341 623 398 convertit.
641 342 766 472 ffi⁰J⁰⁸¹
778 361 898 403 carceres
913 351 940 402 et
954 349 978 407 Α
992 345 1044 414 Qui
1053 344 1307 424 llispanusqenere
1319 336 1452 411 puritate,
1462 333 1623 393 innocentia
1635 334 1713 406 ritas,
1724 336 1810 395 liber·

146 416 407 475 diversarerbernm
418 431 527 488 genera,
539 414 654 470 laminas
663 432 694 471 ar
713 424 789 474 entes
796 417 938 486 sustinuit,

146 506 195 562 per
209 504 304 546 rocem
314 487 366 544 sibi
382 487 538 559 loquentem
565 485 687 544 divinam
703 489 873 546 confortatus
887 497 938 557 est,

146 569 173 618 et
187 562 288 618 iterum
303 558 495 631 scorpionibus
509 574 595 638 ossus
615 566 666 626 est,
682 568 708 616 et
722 577 771 632 pro
785 561 940 618 astantibus

146 649 228 689 orans
237 633 432 697 incarceratur,
444 639 472 686 et
482 639 548 685 tunc
558 645 585 684 tn
597 638 677 685 nocte
687 633 772 688 Decio
781 633 940 701 adducitur,

146 713 174 761 et
187 703 281 760 omitia
297 710 496 760 tormentorum
520 716 618 771 genera
634 702 794 759 afferuntur.
819 705 855 759 Et
876 711 941 760 lunc

146 792 228 849 super
240 785 342 832 cratem
359 774 474 829 ferream
495 771 658 829 Laurentius
670 774 838 842 extenditur,
856 775 941 830 iureis

146 848 242 904 terreis
251 845 454 918 comprimitur,
466 851 493 900 et
502 843 636 901 carbones
647 847 714 902 crati
726 848 941 903 substernuntur

146 926 173 974 et
181 928 298 987 assatur,
310 918 383 975 etsic
394 924 498 992 martyr
506 915 665 973 Christiille
674 926 859 976 consecratur.
871 920 940 974 ltem

145 991 238 1048 Romae
248 1006 306 1061 ipso
316 989 370 1057 die,
379 989 499 1044 militum
510 1002 591 1042 ccxv.
605 988 695 1059 lictis,
707 990 842 1062 depositio
852 988 940 1046 sancti

145 1061 286 1128 Auctoris,
303 1061 423 1133 episcopi
440 1067 468 1115 et
481 1058 655 1116 contessoris.
672 1086 681 1111 ι

183 1134 341 1198 Vrcrousu,
353 1133 468 1188 Dromas
478 1130 559 1186 Suus.
572 1131 695 1203 signatus
705 1149 782 1189 num.
796 1133 856 1200 130,
865 1131 941 1188 inu-

145 1220 198 1261 ne:
224 1230 232 1251 ·
246 1206 277 1260 1η
292 1205 314 1259 Ε
335 1203 431 1260 hesina
443 1202 566 1268 civitate,
582 1213 685 1275 septem
701 1205 933 1262 Dormientium·

180 1221 635 1333 Marum:gaurus-Uenusinus.:
670 1275 844 1332 «Laurentii
871 1291 940 1331 mar·

144 1355 156 1403 t
178 1347 225 1403 ris.
239 1348 332 1405 Romae
345 1347 584 1402 militumcentum
596 1353 622 1401 et
631 1348 772 1421 sexaginta
782 1347 933 1421 quinque.»

172 1419 198 1474 ic
210 1434 317 1547 semper
328 1419 434 1502 aliquid
448 1418 536 1474 deest.

181 1492 249 1548 Rue.
285 1507 345 1547 uuo.
363 1508 433 1619 srssn.
450 1503 526 1572 num.
543 1486 612 1546 428:
633 1489 787 1572 «Parisios,
802 1488 940 1572 susceptio

144 1570 245 1618 sunctae
260 1578 368 1620 corone
407 1578 505 1618 emim.
526 1583 535 1606 ι
557 1561 596 1616 De
616 1561 667 1619 hac
685 1562 756 1618 nthll
772 1561 844 1636 apud
859 1563 938 1630 alios,

144 1641 248 1707 spectat
262 1633 297 1691 ad
310 1634 385 1690 diem
400 1639 569 1707 sequentem.

996 424 1050 473 tate
1066 415 1176 490 [conon
1190 412 1354 468 liberalitate
1365 409 1391 485 i]
1401 424 1517 482 operum
1525 407 1727 465 misericordias
1738 425 1809 480 prm·

995 489 1113 560 fulgens,
1139 494 1271 558 praesente
1292 482 1375 539 Decio
1400 481 1578 553 imperatore,
1604 481 1808 554 postplurima

997 567 1142 626 tormenta,
1160 583 1169 605 ·
1191 566 1243 613 etc.
1260 557 1292 611 ln
1307 554 1445 610 militibus
1459 569 1529 609 ccxv
1545 568 1614 625 pura
1629 562 1682 609 est.
1699 552 1807 611 Subdit

997 631 1110 686 inbre:
1133 654 1142 677 ι
1160 630 1191 685 ln
1204 627 1304 694 scotia,
1320 628 1407 682 sancti
1428 625 1518 694 Blaui,
1541 623 1665 697 episcopi
1683 632 1719 682 et
1741 641 1806 685 ceu·

998 703 1119 758 sessoris.
1136 725 1145 748 ι
1168 700 1238 756 Vide
1250 699 1445 756 Castellanum.
1803 738 1809 745 .

1032 775 1127 829 B-uru.
1158 788 1251 827 unrrm
1277 787 1384 826 surena
1399 769 1523 824 ultimam
1546 767 1806 828 annuntiationem

997 846 1098 901 lorrnat
1108 845 1136 899 in
1148 843 1223 898 hunc
1233 842 1344 898 modum
1357 860 1362 898 :
1382 840 1502 897 «Eodem
1515 839 1673 909 diellomm,
1684 856 1717 898 ce
1727 850 1806 898 ntum

997 917 1140 989 sexaginta
1155 916 1286 988 quinque,
1302 921 1329 970 et
1342 921 1446 986 septem
1457 911 1693 969 Dormientium..
1723 912 1804 970 Divi·

996 988 1086 1044 denda
1100 995 1141 1043 est
1155 986 1335 1044 constructio.

1032 1060 1178 1117 Gaurum:
1203 1060 1286 1115 «Item
1301 1065 1459 1114 sanctorum
1476 1055 1596 1123 Claudii,
1612 1056 1720 1125 Severi,
1738 1056 1804 1115 Cre·

996 1131 1129 1189 scentiani
1146 1129 1193 1204 [cn
1212 1147 1265 1185 con
1279 1128 1518 1202 C1·escentionisil
1534 1136 1561 1183 et
1581 1129 1698 1187 Romani
1721 1145 1804 1185 mar-

995 1198 1802 1275 tyrum,blettis‚sanctiAuctorrseplscopietroniessoris.

996 1275 1078 1347 Apud
1093 1274 1235 1345 Tungrim,
1251 1273 1339 1329 sancti
1351 1272 1464 1328 loannis
1480 1272 1600 1345 episcopi
1613 1279 1642 1328 et
1657 1271 1801 1329 confesso·

995 1347 1044 1414 ris,
1060 1345 1107 1418 qui
1117 1352 1144 1401 ct
1158 1345 1253 1417 Agnus
1268 1343 1360 1401 dictus
1370 1354 1420 1400 est.
1435 1344 1486 1400 llic
1499 1360 1562 1400 oum
1578 1351 1650 1400 esset
1664 1343 1801 1416 agricola,

997 1417 1129 1473 miraculo
1145 1417 1228 1488 virge
1238 1416 1371 1482 llorentis,
1385 1413 1419 1470 ad
1433 1416 1553 1487 regimen
1591 1415 1692 1472 cariata
1709 1416 1799 1471 eccle·

996 1489 1043 1545 siae
1056 1495 1213 1560 assumptus
1224 1486 1288 1567 tuit,
1306 1488 1336 1542 lu
1352 1487 1453 1553 Scotia,
1469 1486 1556 1542 sancti
1569 1431 1661 1568 glani,
1673 1485 1802 1558 episcopi

995 1569 1022 1616 et
1036 1559 1209 1617 confessoris.
1226 1558 1350 1627 Trapecto
1365 1575 1397 1614 su
1418 1558 1511 1624 eriori,
1528 1559 1678 1614 translatio
1689 1564 1801 1615 sancto·

996 1648 1057 1687 rum
1071 1630 1215 1700 blonulphi
1230 1639 1256 1687 et
1266 1574 1440 1702 Gundulphi
1450 1630 1644 1702 episcoporum
1655 1636 1683 1685 et
1694 1627 1801 1688 coufes-

180 1706 314 1763 Varium.
325 1705 447 1778 signatus
457 1703 580 1760 nomeu
589 1703 643 1760 ts:
667 1703 768 1775 «Apud
783 1703 933 1775 Ephesum,
951 1714 974 1775 Β
996 1719 1098 1759 sorum.
1115 1726 1124 1749 ι
1146 1702 1290 1758 Ponuntur
1304 1719 1353 1758 xvi
1368 1701 1445 1770 Julii,
1462 1701 1605 1760 aCastell.
1627 1717 1710 1759 xxvi.

143 1782 414 1847 sanctorumseptem
430 1773 643 1832 Dormientium.
659 1800 667 1823 ι
688 1776 759 1832 Vide
769 1774 803 1832 ad
818 1776 936 1832 Puusau.

178 1849 277 1903 Enrrm
293 1847 486 1904 huneco-Cor.
504 1864 510 1902 ε
539 1875 551 1898 ι
570 1849 662 1905 Rome
673 1847 717 1902 via
731 1846 886 1915 Tiburtina,
899 1863 944 1903 na·

145 1919 202 1987 palo
217 1917 292 1975 beati
307 1919 450 1976 Laurentii
465 1918 665 1989 archidiaconi,
684 1919 757 1974 beati
772 1917 844 1974 Sixti
860 1935 945 1991 pape.

1038 1776 1147 1831 Menan.
1159 1773 1188 1829 in
1198 1774 1327 1830 omnibus
1338 1772 1507 1829 editionibus
1520 1772 1573 1829 hoc
1584 1772 1702 1830 unicum
1719 1771 1801 1831 habet

1003 1853 1198 1918 augmentum:
1217 1846 1331 1914 «Mutis,
1348 1844 1483 1917 depositio
1500 1844 1589 1902 sancti
1605 1843 1802 1919 Auctorisepi·

1002 1917 1089 1992 scopi.
1103 1941 1113 1968 ι
1135 1917 1240 1992 Corpus
1254 1917 1371 1992 quiescit
1384 1924 1413 1973 ln
1435 1916 1737 1976 ‹Maurimonasterio
1751 1939 1761 1966 ι

146 2135 187 2194 111
201 2136 276 2192 idus.

1703 2138 1800 2197 Dt'cll

181 2226 274 2284 Romae
288 2227 362 2285 inter
374 2228 447 2285 Duas
462 2229 575 2299 Laurus,
592 2228 692 2287 natalis
707 2228 795 2286 sancti
812 2227 943 2297 Tiburtii,
960 2226 1008 2300 qui
1022 2226 1074 2284 snb
1090 2226 1186 2284 Judice
1202 2227 1334 2296 Fabiano,
1350 2243 1413 2285 cum
1430 2228 1513 2285 nudis
1528 2229 1638 2302 plantis
1652 2245 1736 2303 super
1747 2244 1801 2286 car·

145 2314 230 2374 bones
244 2317 371 2374 ardentes
386 2318 534 2390 ingressus,
560 2318 701 2376 Christum
717 2318 815 2392 majori
842 2316 1200 2386 confitereturconstuutia‚
1223 2315 1288 2374 duci
1303 2317 1332 2373 in
1361 2317 1475 2373 tertium
1501 2317 1535 2374 ab
1551 2317 1620 2375 urbe
1649 2317 1801 2375 miliarium

143 2415 224 2480 atque
239 2405 342 2463 ibidem
357 2406 449 2479 gladio
463 2407 647 2466 animadverti
658 2408 781 2480 jubetur.
797 2411 864 2466 ltem
876 2411 980 2476 Dcmae,
992 2415 1092 2463 sanctu
1102 2405 1234 2462 Susanna
1247 2405 1374 2479 virginis,
1391 2423 1452 2480 quae
1466 2423 1529 2464 cum
1563 2415 1635 2464 esset
1643 2406 1734 2464 nobili
1742 2424 1801 2480 pro·

143 2496 219 2570 sapia
238 2506 300 2555 orta
313 2507 340 2555 et
358 2497 432 2555 beati
449 2499 509 2556 Gaii
526 2498 665 2574 pontilicis
680 2500 781 2572 neptis,
807 2499 934 2572 martyrii
948 2499 1067 2572 palmam
1094 2505 1217 2568 temporo
1246 2494 1421 2564 Diocletiani,
1451 2495 1549 2569 capitis
1577 2494 1802 2552 obtruncatione

143 2587 309 2657 promeruit.
327 2589 357 2643 ln
372 2587 485 2646 ciuitate
499 2589 677 2660 Camberaco,
690 2589 778 2647 sancti
794 2587 937 2664 Gaugcrici
953 2586 1073 2662 episcopi
1089 2594 1116 2644 et
1129 2585 1303 2644 confessoris.
1320 2587 1400 2661 Apud
1415 2588 1558 2645 castellum
1571 2587 1688 2656 Ebroas,
1715 2590 1801 2648 sancti

145 2674 260 2732 Taurini
275 2675 408 2748 episcopi.

910 2803 1027 2863 NOTAE.

177 2910 303 2970 Sumitur
313 2918 408 2968 textus
421 2926 456 2968 ex
468 2911 589 2981 Prctcn.;
602 2911 751 2982 Halieion,
766 2912 1033 2984 Antuerp.-dlcj0re,
1050 2912 1194 2983 Aatcerp,
1207 2911 1420 2979 llice-Lubere„
1444 2910 1531 2966 Belirt.
1547 2915 1572 2966 et
1584 2909 1692 2969 uotae.

744 3036 946 3093 vsutnuuus
970 3037 1174 3098 LECTIONES.

173 3134 253 3203 Quod
261 3133 327 3191 alibi
335 3132 369 3192 de
379 3133 424 3191 vic
441 3134 592 3203 Tiburtina,
607 3134 637 3191 id
648 3134 694 3192 bio
706 3136 823 3192 recurrit
836 3135 870 3192 de
888 3137 929 3192 Ti·
944 3140 969 3202 C
984 3137 1135 3204 voluerint,
1148 3152 1196 3209 per
1206 3154 1249 3195 me
1260 3137 1333 3194 licet.
1348 3138 1538 3212 Gouritii,pr0
1549 3138 1701 3210 Coeperici,
1716 3154 1795 3195 error

137 3206 231 3264 bertii.
255 3207 344 3262 Delio.
370 3205 470 3262 iterum
485 3213 512 3262 et
525 3206 628 3262 blotan.
644 3206 770 3263 scribunt
789 3208 930 3279 prur·tii,·
984 3218 1024 3266 est
1040 3209 1068 3264 in
1084 3209 1189 3264 Belino.
1204 3210 1366 3281 illeronym.
1397 3210 1514 3279 Lucem,
1533 3212 1645 3283 scripsit
1662 3211 1791 3268 (Taurici.

136 3276 361 3351 Antuerp.·blaj.,
377 3278 502 3335 Tibcrcit'.
515 3277 930 3336 ldemhiccodexconstructio·
986 3280 1152 3337 Dormitavit
1167 3280 1279 3348 Melan,
1296 3281 1363 3338 dum
1382 3283 1446 3353 legit
1465 3282 1550 3353 episco
1571 3283 1580 3337 i
1602 3289 1629 3338 et
1645 3284 1791 3354 martyris,

136 3365 200 3407 uem
221 3348 303 3406 babet
318 3349 439 3407 hiulcam
455 3357 482 3406 ct
499 3351 636 3416 mutilam,
652 3366 715 3406 nam
739 3351 788 3406 ubi
811 3351 929 3407 rectein
986 3352 1392 3416 sedasnitamoscitantiamin
1426 3300 1793 3412 osteriorihnseditionibus

137 3422 475 3491 textu,cum...Cbristum
487 3421 930 3493 mojoriconfitereturcoustcntic,
986 3424 1117 3480 correxit.
1133 3422 1250 3480 Addidit
1268 3425 1332 3480 item
1347 3425 1376 3480 in
1397 3371 1461 3493 upra,
1482 3426 1606 3491 Taurini,
1621 3427 1740 3498 episcopi
1771 3432 1796 3482 ct

135 3492 175 3551 sic
184 3492 265 3566 legit:
283 3494 417 3550 Christum
428 3495 595 3564 confiteretur
602 3494 739 3551 instantia.
751 3494 858 3551 Vitiosa
866 3494 931 3550 item
986 3494 1154 3564 confessoris,
1171 3512 1232 3568 quae
1246 3496 1345 3552 ultima
1361 3514 1415 3552 vox
1431 3497 1507 3553 abest
1521 3498 1556 3553 ab
1571 3497 1689 3571 reliquis
1707 3496 1796 3554 codi-

138 3571 180 3620 est
191 3564 250 3621 baec
265 3564 407 3621 llerinien.
424 3564 562 3637 periodus,
574 3580 621 3621 seu
632 3565 737 3636 periodi
751 3581 812 3646 pars
822 3566 930 3633 ultima,
985 3567 1065 3624 cibus
1081 3575 1262 3640 praeterquam
1278 3569 1312 3623 ab
1328 3570 1464 3640 Antnerp.
1480 3577 1508 3625 el
1522 3568 1726 3638 llar.·l.ubec.‚
1743 3568 1794 3641 qui

134 3637 231 3707 primae
246 3650 302 3691 uon
316 3634 466 3707 quadrans,
488 3651 595 3706 nempe,
616 3642 694 3706 atque
721 3636 815 3690 dudem
842 3638 932 3707 plodio
985 3639 1227 3694 annuntiationem
1244 3639 1271 3694 in
1289 3639 1425 3711 principio
1438 3640 1577 3696 mutilant:
1591 3642 1653 3712 Ipso
1665 3641 1718 3709 dre,
1730 3656 1793 3696 sca·

135 3704 396 3774 animaduertisset,
413 3720 462 3776 pro
479 3704 663 3774 jubetursDe
681 3707 752 3773 uait,
769 3705 933 3763 dictumest
986 3710 1020 3764 cti
1040 3710 1154 3765 Taurini
1167 3710 1281 3792 episcopi
1309 3717 1333 3764 et
1359 3710 1527 3782 confessoris.
1556 3712 1661 3769 Omnes
1691 3713 1791 3784 legunt

135 3791 192 3832 non
218 3776 313 3844 semel,
327 3776 470 3848 sequimur
483 3775 708 3848 orthographiam
733 3775 870 3834 codicum.
898 3781 932 3835 1η
986 3781 1091 3836 Ebrocs
1109 3796 1158 3853 pro
1173 3781 1312 3849 Ebroaccs,
1328 3799 1378 3838 nec
1403 3782 1502 3839 melius
1517 3783 1546 3840 iu
1573 3784 1792 3857 Antuerp.·bla-

38 3853 41 3861 ¹
134 3846 239 3903 ctotmte
248 3846 929 3919 Camberccc,diserteponuntProten.,Herinien.‚
983 3851 1054 3924 iore,
1071 3852 1197 3908 Thorius.
1212 3851 1293 3909 Alius
1311 3853 1393 3909 babet
1407 3855 1514 3911 Ebora.

134 3916 369 3992 buldorp-Major
378 3925 404 3975 et
418 3917 541 3974 Belinus.
555 3918 704 3974 Praelerant
719 3921 872 3990 Caeterum,
883 3922 930 3994 qui

792 4045 1092 4105 OBSERVATIONES.

173 4142 289 4201 Tiburtii
298 4143 428 4216 martyris
438 4141 476 4199 ita
484 4141 857 4217 meminerellierouymiana
872 4145 929 4202 ali·
983 4148 1137 4221 consignati
1152 4157 1226 4206 sunt.
1243 4152 1283 4207 De
1297 4159 1395 4210 coloro
1409 4151 1443 4208 ad
1460 4159 1568 4209 tentum
1584 4151 1660 4225 quod
1676 4153 1789 4223 attinet,

134 4231 197 4288 qua,
205 4222 235 4272 ut
250 4215 395 4284 Valeriani,
408 4215 520 4273 Cutiliis
539 4215 644 4287 sponsi,
658 4215 771 4272 fratrem
782 4216 927 4299 designare
982 4235 1017 4274 ex
1033 4219 1142 4276 duobus
1156 4221 1310 4280 Adouianis
1335 4224 1469 4281 encomiis
1497 4224 1643 4281 selectiora
1666 4225 1789 4298 paucula

132 4285 452 4368 plauuvideautur;unde
459 4291 557 4343 merito
564 4286 718 4359 suspicatur
728 4289 924 4356 Florenlmius,
982 4293 1100 4364 sumpsit
1114 4292 1223 4358 Noster,
1236 4311 1268 4350 eo
1282 4295 1363 4352 modo
1377 4296 1420 4351 dis
1440 4297 1519 4362 osita,
1532 4311 1587 4369 quo
1601 4295 1631 4351 irr
1649 4297 1785 4353 laterculo

132 4375 167 4415 ex
185 4358 319 4416 incuriosi
343 4358 493 4431 antiquarii
508 4358 656 4431 imperitia,
671 4368 737 4432 puta
762 4361 810 4433 qui
838 4361 925 4417 allum
981 4370 1220 4435 representantur.
1236 4367 1320 4423 Plura
1334 4383 1369 4423 ex
1384 4314 1482 4424 itshcrn
1498 4367 1573 4423 etde
1593 4384 1670 4423 more
1685 4368 1785 4424 libera·

132 4429 269 4513 ignoravit
283 4429 451 4496 Tiburtium,
467 4429 604 4487 sociorum
618 4429 733 4487 istorum
745 4430 861 4488 duorum
877 4441 940 4488 not
980 4433 1034 4490 lius
1049 4435 1295 4495 bausithtkerus.
1306 4439 1361 4495 Nec
1375 4438 1447 4511 apud
1463 4441 1575 4495 Florum
1590 4446 1618 4495 et
1634 4439 1781 4496 Rabanum

131 4517 207 4559 mma
215 4502 255 4559 ibi
284 4518 406 4584 erperam
421 4502 536 4559 intrusa.
548 4502 579 4559 In
590 4501 688 4559 iisdem
699 4503 801 4560 Hieron
824 4503 924 4560 mianis

978 4505 1078 4562 desunt
1094 4506 1221 4564 breviora
1243 4510 1341 4582 elogia,
1357 4526 1417 4584 quae
1431 4510 1465 4566 ad
1481 4526 1602 4582 presens
1616 4511 1782 4567 institutum

130 4519 790 4646 statimsuhjicrtuerctclissunctucSmcnac.De
811 4592 920 4650 aquam
941 4577 1049 4650 [qnihil
1065 4578 1179 4635 iaciunt.
1197 4581 1410 4638 Wandalbertus
1424 4581 1581 4639 Tiburtium
1602 4589 1630 4638 et
1641 4581 1782 4654 Gangeti-

130 4645 396 4727 potestbrevissime,
407 4646 920 4726 unaannunliationeduascomplecti·
976 4665 1049 4716 cum,
1074 4651 1121 4722 qui
1138 4652 1272 4723 sequitur,
1289 4653 1422 4721 Susanna,
1445 4653 1538 4709 nscio
1553 4653 1589 4709 ob
1606 4669 1689 4727 quam
1705 4669 1778 4711 cau-

130 4721 175 4772 tur
195 4718 396 4784 :llomoe,scnctr
409 4718 921 4787 TaburtrinrurtyrisctSuccisumNon·
974 4735 1043 4788 sam,
1061 4722 1174 4778 ornnino
1191 4724 1336 4795 praeterita,
1353 4725 1393 4781 sic
1407 4724 1528 4781 cecinit:

141 4785 202 4842 nihi
217 4785 375 4842 distinctius
388 4787 541 4842 Romanum
554 4803 670 4858 parvum
683 4806 689 4853 ;
701 4787 735 4843 de
745 4788 834 4860 primo
848 4808 853 4844 ;
870 4791 920 4846 lio·

128 4874 178 4914 nte
190 4858 259 4913 iuter
269 4856 344 4913 Duos
353 4857 467 4925 Lauros,
487 4857 600 4914 Tiburtir'
613 4859 751 4929 martyris.
764 4860 802 4914 De
816 4860 919 4917 altere:

128 4932 167 4988 Et
182 4931 311 4988 Surenam
326 4927 437 4999 viminis
460 4931 596 4999 martyria.
621 4931 659 4985 De
674 4937 790 5002 utroque
808 4930 921 4988 diffusus

128 5000 259 5059 historias
272 4999 468 5072 Martyrologio
477 5017 527 5056 suo
537 5002 654 5056 inseruit
665 5000 840 5070 Viennensis,
855 5020 920 5076 qua·

127 5088 189 5131 rum
205 5073 321 5148 primam
331 5072 436 5154 accepit
446 5089 480 5128 ex
490 5070 661 5129 Actissancti
675 5072 920 5147 Sebastiani,apnd

127 5160 177 5202 nos
188 5145 278 5218 capite
291 5151 440 5216 presertim
452 5144 483 5200 tt
497 5162 504 5212 ;
516 5145 630 5200 alteram
643 5161 677 5200 eri
689 5144 765 5216 ipsis,
781 5160 842 5218 que
851 5147 919 5204 cele-

126 5216 247 5275 berrima
260 5223 340 5275 vocat
349 5216 484 5286 notanus,
497 5215 609 5288 inclytae
624 5216 755 5298 martyris
769 5220 862 5288 gestis,
877 5218 918 5274 vi·

127 5286 225 5344 dendis
234 5289 306 5361 apud
316 5288 439 5355 Surium,
451 5287 569 5344 laudatis
578 5304 594 5343 a
603 5288 721 5343 Baromo
733 5295 760 5343 et
771 5288 919 5360 majoribus

126 5359 257 5424 nostris;a
267 5358 409 5416 nonnullis
421 5362 501 5433 plane
511 5358 628 5431 rejectis,
639 5359 708 5417 seda
717 5359 796 5416 nobis
803 5361 920 5417 subinde

126 5429 317 5485 examinandis
331 5440 358 5488 et
370 5431 552 5488 illustrandis.
566 5430 638 5499 Quid
660 5430 706 5487 uid
717 5447 783 5486 vero
795 5431 829 5488 de
843 5432 920 5490 Actis

126 5498 328 5579 illis-deinceps
353 5509 498 5567 statuatur,
513 5448 697 5559 venerandam
713 5504 843 5559 Suscnnoe
857 5519 919 5559 ure-

126 5585 251 5637 morram,
266 5580 365 5642 praetor
379 5572 462 5630 citata
487 5575 691 5648 martyrologia,
708 5575 791 5630 etiarn
811 5575 919 5630 abunde

124 5641 459 5766 cumqrobantulircntinis
472 5646 668 5703 Kalendarium
685 5653 712 5702 et
727 5646 920 5702 Sacramenta-

124 5727 198 5795 rrae·
219 5727 279 5785 rpso
293 5719 386 5780 citata,
402 5715 515 5786 quodie
529 5717 668 5774 incudem
685 5717 850 5773 Kalendario
869 5717 919 5773 Ti-

125 5784 229 5843 lrcrtms
248 5791 489 5842 commemoratur.
510 5785 565 5855 Qui
580 5795 607 5845 et
621 5789 701 5846 ambo
729 5790 760 5846 iu
781 5787 919 5847 Allatiauo

1006 4799 1098 4849 Ternis
1110 4802 1207 4864 desque
1221 4801 1351 4867 decusque
1366 4805 1435 4865 pium
1450 4805 1515 4865 petis
1528 4811 1607 4864 nstra,
1624 4805 1747 4869 prurti.

1006 4862 1070 4911 llmc
1083 4872 1107 4911 et
1120 4863 1245 4914 Gecricus
1259 4866 1438 4927 2Brubcntice,
1451 4867 1565 4928 Goerict,
1582 4870 1722 4918 confessor

1510 4929 1637 4993 [possidet
1648 4931 1744 4983 almus.

1025 5005 1203 5077 daupericum
1216 5009 1439 5067 cameracensem
1451 5009 1610 5137 episcopum
1624 5010 1719 5068 Adoni
1733 5012 1780 5069 tri·

974 5076 1194 5159 buitlllosandri
1217 5079 1312 5148 editio,
1343 5083 1459 5153 llosuey
1482 5098 1512 5138 us
1539 5082 1569 5138 in
1595 5084 1779 5155 appendicem

975 5157 1080 5219 reiecit,
1109 5159 1181 5205 recte
1198 5152 1307 5223 opinor,
1327 5153 1395 5209 alias
1416 5169 1432 5208 a
1455 5153 1563 5209 Nollem
1578 5155 1781 5212 verosimiliter

975 5236 1031 5274 non
1047 5221 1321 5292 pretermittendum.
1335 5223 1584 5295 lnterlmsignatur
1594 5225 1623 5280 in
1634 5226 1780 5284 codicibus

976 5290 1201 5364 Hieronymiunis
1217 5294 1333 5350 bucensi
1348 5303 1374 5351 et
1395 5294 1553 5352 Corbeiensi
1569 5314 1574 5350 :
1593 5297 1735 5355 recentius
1745 5299 1779 5355 ab

974 5364 1132 5435 antiquario
1151 5365 1344 5435 superadditus
1367 5382 1464 5434 necne,
1482 5383 1538 5423 uon
1561 5367 1604 5422 dis
1626 5375 1684 5424 uto.
1707 5370 1779 5427 Cre-

974 5432 1063 5489 derim
1077 5450 1113 5490 ex
1127 5435 1211 5492 simili
1235 5437 1329 5510 aliquo
1346 5438 1451 5506 codice,
1467 5437 1538 5494 forte
1554 5384 1729 5508 Corhcicnsi,
1745 5440 1779 5497 ab

975 5504 1098 5561 Usuardo
1126 5515 1278 5580 acceptum,
1300 5508 1329 5563 iu
1341 5526 1395 5583 quo
1409 5517 1436 5564 et
1454 5511 1589 5565 Tauriuns
1597 5513 1777 5582 exprimitur,

973 5576 1035 5631 aliis
1061 5579 1189 5635 omnibus
1216 5579 1408 5653 lllartyrologis
1446 5580 1557 5651 ignotus
1589 5590 1775 5657 praeterquam

975 5649 1067 5726 Floro,
1078 5650 1126 5720 qui
1137 5667 1200 5706 eum
1212 5651 1320 5708 itacum
1331 5652 1483 5724 Gutrgerico
1491 5653 1612 5725 copulet,
1622 5661 1653 5710 ut
1662 5653 1779 5723 tratrem

974 5718 1059 5775 fuisse
1072 5721 1208 5778 atlirmare
1236 5739 1291 5778 uon
1311 5723 1429 5780 dubitet.
1445 5723 1516 5780 Nota
1530 5732 1571 5780 est
1585 5726 1684 5782 asserti
1700 5743 1779 5800 para·

974 5789 1127 5849 chronismi
1150 5793 1228 5868 oripo
1247 5810 1282 5852 ex
1294 5794 1373 5855 Actis
1387 5795 1483 5856 nescio
1497 5794 1609 5872 quibus,
1624 5813 1640 5853 a
1654 5799 1777 5872 quodam
