3840 6136
128 175 180 235 atr
794 167 944 226 USUABDI
961 166 1120 226 unusual
1726 167 1779 224 tls

127 305 153 362 V
166 305 241 360 Mus.
1656 294 1707 350 Die
1727 294 1773 352 ll.

163 394 316 450 Translatio
330 392 418 450 sancti
440 389 579 447 Benedicti
601 389 716 446 abbatis.
734 389 815 460 Apud
833 388 992 445 Armeniam
1018 388 1164 453 minorem,
1190 383 1303 441 civitate
1329 383 1465 456 Nicopoli,
1490 383 1590 439 natalis
1611 391 1776 442 sanctorum

128 482 281 558 martyrum
297 483 431 551 tannarii,
442 490 469 537 et
484 479 610 550 relegis,
623 476 671 551 qui
685 479 812 550 equuleo,
824 476 944 550 ungulis,
961 485 988 533 et
997 484 1129 534 testarum
1144 472 1304 547 fragmentis
1318 472 1415 529 diebus
1427 478 1546 545 quatuor
1559 472 1687 543 cruciati,
1704 490 1778 531 mar·

127 575 232 655 tyrium
248 574 433 648 impleverunt
448 570 600 645 [lnhrserit
617 569 764 625 Bouillort.
779 588 784 625 :
811 571 866 625 ¹ln
881 569 1045 625 Mauritania
1069 565 1239 634 Caesariensi,
1253 573 1354 622 sanctae
1366 563 1507 620 Martiana
1522 562 1640 635 virginis
1652 571 1680 619 et
1699 579 1779 620 mar-

126 663 221 738 tyris].
238 664 269 720 lu
285 662 424 719 territorio
448 659 596 729 Senoniae,
613 657 687 716 beati
705 657 828 717 sidronii
852 658 992 735 martyris.
1013 659 1081 716 Item
1103 657 1133 714 iu
1148 656 1286 714 territorio
1301 656 1469 723 Pictoreum,
1482 654 1571 714 sancti
1586 653 1683 713 Sabini
1701 671 1776 713 oon-

126 752 246 820 sessoris.

896 849 1014 908 NOTAE.

161 952 218 1010 Soli
233 951 348 1009 omuino
362 949 425 1023 puri
439 959 504 1008 sunt
518 951 676 1020 Peuma,
694 950 844 1017 Munerat,
862 949 1012 1007 Graecast
1027 949 1130 1007 Molee.

162 1080 250 1137 'Cum
265 1078 341 1135 solus
353 1076 478 1134 veritatis
499 1093 576 1133 amor
600 1093 642 1132 me
656 1076 808 1148 impulerit,
822 1084 854 1133 ut
868 1076 921 1132 hoc
935 1081 960 1140 Α
974 1075 1034 1130 Non
1057 1074 1160 1131 idcirco
1183 1081 1276 1129 tanun
1299 1070 1387 1152 ausim
1411 1069 1560 1152 affirmare,
1586 1078 1617 1151 ut
1631 1069 1781 1150 Sollerius,

127 1152 401 1276 quantulumcunque
415 1165 484 1221 opus
499 1149 676 1220 susciperem,
691 1150 770 1274 lonqe
777 1148 871 1204 absum
891 1155 922 1204 ut
979 1145 1140 1202 Martianam
1156 1143 1291 1225 intrusam
1307 1143 1402 1223 luisse:
1416 1143 1484 1199 Rem
1498 1158 1526 1196 m
1538 1141 1630 1223 medio
1640 1142 1781 1222 relinqum

127 1223 270 1278 veritatem
295 1228 431 1277 occulere
456 1220 540 1276 velim
563 1227 611 1275 aut
639 1220 721 1276 etiam
759 1220 923 1287 issimulare,
998 1233 1060 1272 uam
1075 1216 1171 1283 lectcr,
1187 1232 1209 1270 sr
1225 1213 1713 1292 velit,·delin1etauctoritatetrrum
1729 1228 1783 1268 co-

127 1295 171 1350 rel
186 1292 256 1348 mibi
280 1291 494 1348 incommodam.
516 1293 610 1363 ltaque
635 1292 709 1347 ultro
730 1291 817 1346 lateor
842 1291 927 1346 litura
980 1234 1076 1368 gisum
1097 1284 1322 1358 Antuerp.-Maj.,
1347 1283 1505 1356 Bosweyd„
1522 1284 1692 1356 Aquicmet.,
1713 1299 1784 1364 quos

127 1365 202 1420 hunc
227 1363 375 1419 articulum
399 1363 538 1433 deturpari
559 1362 593 1418 ab
615 1361 666 1419 hac
682 1378 749 1418 voce
769 1362 880 1416 cruciati
891 1359 927 1416 ad
981 1358 1113 1415 Sollerrus
1127 1358 1283 1412 Pratensem
1299 1363 1407 1412 secutos
1421 1371 1479 1411 esse
1494 1363 1620 1436 testatur,
1642 1361 1670 1410 et
1694 1363 1782 1434 trium

127 1436 227 1502 finem,
250 1440 277 1490 et
291 1434 453 1506 scripturam
468 1451 529 1507 quae
543 1449 618 1490 nunc
635 1435 725 1489 liturae
740 1433 858 1505 spatium
876 1448 927 1488 oc·
981 1429 1153 1485 Pratensium
1169 1429 1201 1495 B,
1213 1429 1246 1496 D,
1258 1429 1290 1494 E,
1302 1426 1457 1483 Cuttchens.
1472 1435 1499 1482 el
1522 1426 1718 1497 Monlrsburg.,
1734 1441 1784 1498 qur

127 1514 219 1580 supet,
235 1505 348 1563 alterius
370 1520 428 1564 esse
449 1520 557 1573 manus,
573 1504 637 1562 licet
651 1504 776 1561 Usuardo
802 1502 926 1577 aequalis.
980 1500 1128 1557 lectionem
1143 1499 1267 1556 earudem
1285 1498 1417 1554 referunt.
1434 1497 1603 1553 Bournuanr.

733 1624 936 1685 VABIANTES
955 1621 1160 1680 LECTIONES.

164 1732 193 1786 ln
208 1728 355 1784 Pulsanen
382 1735 423 1782 est
449 1725 586 1796 Nycopoli,
605 1726 700 1781 eculeo.
721 1724 751 1778 ln
775 1725 921 1791 Munerat,
978 1722 1131 1776 Tornaceu.
1148 1726 1174 1800 et
1189 1718 1314 1800 plerique
1333 1718 1406 1786 aliis,
1422 1727 1453 1775 ut
1464 1725 1506 1774 est
1520 1718 1549 1775 in
1570 1725 1658 1800 textu.
1672 1718 1787 1800 ⁴Mune-

128 1799 251 1871 Pellugir',
269 1797 386 1854 Sidroni.
402 1797 473 1852 Sunt
491 1796 538 1868 qui
562 1794 684 1851 scribant
699 1796 726 1849 iu
747 1811 815 1866 pugo
831 1796 925 1850 Pictu-
978 1801 1029 1848 rat.
1044 1808 1093 1872 pro
1109 1791 1213 1857 satier,
1237 1791 1302 1860 legit
1320 1791 1421 1847 Albini.
1447 1790 1513 1858 Quae
1530 1790 1655 1849 confusio
1670 1805 1700 1846 rn
1715 1790 1781 1846 Au-

128 1871 210 1937 eensi,
236 1877 267 1926 ut
286 1869 408 1937 Praten.,
423 1874 476 1924 etc.
498 1864 551 1923 Sed
572 1867 661 1924 nostri
681 1882 745 1923 cum
768 1865 922 1934 Herinien,
979 1865 1073 1920 clariis
1085 1877 1155 1935 saepe
1171 1870 1307 1918 recurret.

803 1990 1105 2051 OBSERVATIONBS.

169 2092 364 2150 Trumlotloals
378 2091 497 2163 eorporis
511 2090 596 2146 suncti
608 2090 741 2146 Benedicti
755 2106 789 2146 ex
804 2090 884 2145 ltalia
896 2090 926 2146 in
980 2088 1027 2144 hic
1059 2084 1251 2159 superaddam,
1285 2093 1383 2157 praeter
1411 2084 1555 2142 metricum
1584 2085 1783 2145 wandalberti

130 2164 258 2232 Galliam,
282 2163 418 2236 plerisque
441 2162 563 2234 antiquis
576 2163 644 2218 Mart
667 2163 789 2233 rologiis,
806 2162 862 2217 imo
882 2162 926 2217 vel
981 2160 1148 2226 encomium,
1165 2174 1219 2230 quo
1234 2157 1376 2214 Benedicti
1390 2157 1599 2214 translationem
1610 2157 1693 2214 etiam
1706 2174 1783 2214 com·

129 2237 197 2308 ipsis
212 2234 435 2306 hieronymianis
449 2233 623 2306 apographis,
643 2180 760 2288 lucensi
775 2234 926 2305 presertim
983 2231 1130 2303 plectitur:

130 2315 157 2365 et
172 2307 340 2374 corbeiensi,
353 2305 455 2362 inserta
469 2315 509 2361 est
518 2313 566 2361 aut
578 2304 683 2375 adjecta
694 2305 835 2372 memoria,
849 2304 927 2377 quid·

1045 2321 1168 2385 Martyria
1181 2321 1297 2385 quintum
1313 2321 1393 2369 saneti
1407 2321 1557 2379 danuarius,
1575 2329 1653 2383 etque

130 2380 197 2452 quid
219 2379 248 2434 in
263 2377 338 2433 hunc
357 2393 444 2450 usque
464 2376 536 2432 diem
552 2377 728 2432 obluctentur
743 2377 926 2445 Cassinenses,

1044 2384 1177 2434 Consimili
1194 2384 1297 2432 decorat
1309 2383 1416 2444 Pelagia
1429 2393 1518 2432 sancta
1532 2385 1624 2432 nitore.

130 2460 161 2506 ut
175 2467 210 2506 ex
233 2450 355 2520 ipsorum
376 2448 495 2521 querelis
509 2446 658 2522 aliquando
672 2448 873 2504 coram-audire
889 2447 929 2502 li-

130 2521 198 2578 cuit.
222 2520 306 2589 Beda,
335 2536 384 2593 pro
406 2520 589 2586 translatione,
602 2553 604 2557 -
619 2519 729 2591 scripsit
751 2520 889 2590 depositio,
914 2528 968 2587 ass

131 2594 212 2649 Floro
229 2592 435 2648 translationem
450 2589 631 2658 describente,
643 2591 672 2645 in
684 2591 733 2646 hac
743 2598 820 2663 parte
829 2606 928 2646 emen-

131 2663 220 2730 datus,
237 2663 311 2734 quod
325 2670 417 2716 tamen
430 2662 557 2718 Bahanus
572 2660 737 2717 servandum
752 2661 869 2717 censuit.
890 2664 928 2718 De

132 2741 229 2790 neutra
246 2731 372 2788 meminit
385 2733 538 2788 Romanum
554 2747 681 2802 parrum,
693 2731 753 2787 Ado
767 2739 857 2787 autem
869 2732 928 2787 hre-

132 2821 194 2860 rem
209 2803 398 2861 translationis
410 2802 554 2858 historiam
569 2802 668 2870 textuit,
684 2819 700 2858 a
717 2803 838 2858 Notkero
854 2819 929 2858 nou-

132 2875 204 2931 nihil
223 2884 341 2940 auctarii,
364 2874 444 2945 cujus
466 2873 659 2954 compendium
678 2874 707 2929 in
723 2874 861 2930 Auctariis
876 2874 929 2930 da-

131 2946 233 3001 bimus.
247 2946 353 3013 Noster,
369 2945 478 3001 omissis
489 2944 613 3016 reliquis,
625 2945 690 3000 satis
700 2944 797 3001 hahuit
807 2947 929 3000 transla-

133 3018 236 3073 tionem
253 3017 338 3087 ipsam
363 3016 533 3086 consignare‚
561 3024 591 3070 ut
607 3016 723 3087 probant
747 3016 842 3087 primae
858 3025 929 3071 notan

132 3087 252 3153 codices,
267 3104 408 3160 equorum
423 3103 488 3156 rino,
504 3103 601 3158 nempe
618 3087 785 3154 Heriniensi,
799 3089 929 3159 scalpello

132 3159 341 3215 verosimillime
356 3175 432 3215 erasa
445 3166 496 3228 est,
514 3158 574 3214 loco
595 3175 682 3215 vacuo
697 3160 802 3216 relicto.
819 3161 849 3215 ln
865 3159 929 3214 Tur·

132 3231 242 3287 aucensi
258 3237 352 3286 notata
366 3246 421 3286 non
435 3239 486 3297 est,
502 3239 529 3285 et
549 3239 704 3302 eapropter
721 3230 803 3286 ambo
821 3231 929 3287 codices

131 3303 184 3369 illi,
199 3312 296 3359 catera
310 3300 462 3374 purissimi,
478 3317 493 3356 e
513 3300 695 3373 genuinorum
718 3302 805 3357 classe
822 3301 929 3358 exclusi

131 3381 206 3430 sunt.
224 3372 323 3431 Videat
335 3373 461 3429 curiosus
476 3373 561 3428 lector
575 3380 660 3428 totam
677 3373 866 3429 translationis
879 3373 928 3429 bu·

128 3443 185 3518 jus,
210 3444 244 3501 ad
277 3445 449 3501 Floriacense
479 3443 685 3508 monasterium,
714 3442 871 3513 historiam,
898 3444 927 3499 in

131 3516 209 3573 Actis
228 3518 330 3571 nostris
345 3515 378 3570 ad
393 3532 443 3570 xxi
454 3515 545 3570 Martii
557 3515 659 3570 insede
674 3515 787 3580 luctam,
803 3532 865 3572 curn
879 3515 929 3570 mi·

132 3587 288 3643 raculorum
304 3585 343 3640 ibi
358 3593 526 3656 patratorum
540 3586 707 3650 narratione,
725 3601 810 3657 apag.
830 3586 881 3642 299
894 3586 928 3641 ad

132 3657 193 3713 357.
210 3655 400 3712 wandalberti
422 3671 517 3710 versus
541 3655 613 3709 intra
631 3655 767 3711 dabimus.
795 3657 929 3727 Martyres

132 3726 257 3792 Armeni,
284 3725 433 3780 Ianuarius
457 3732 484 3779 et
506 3726 627 3793 Pelagio,
651 3725 680 3779 in
705 3726 928 3797 Hieronyrnianis

133 3795 262 3851 nonnihil
274 3794 419 3851 deformati
435 3803 508 3850 sunt.
525 3797 556 3850 ln
570 3797 692 3852 Romanu
711 3812 795 3867 parvo
810 3797 842 3853 fit
855 3814 928 3853 com·

1044 2447 1110 2497 Trrrn
1126 2447 1315 2497 Beneventanis
1332 2448 1453 2494 translata
1470 2446 1599 2495 montibus
1613 2445 1675 2494 almi

1046 2510 1121 2559 tussa
1139 2510 1224 2559 Patris
1240 2507 1382 2566 Benedicti,
1400 2522 1467 2558 nune
1485 2510 1563 2569 Liger
1574 2508 1642 2557 altus
1665 2508 1784 2556 honorat.

1019 2589 1310 2664 SequiturinPratensi
1318 2596 1346 2643 et
1356 2589 1383 2644 in
1395 2588 1786 2661 eiconsimilibus.llntuerp.·

984 2662 1060 2734 Mai,
1078 2662 1224 2733 Busweyd.
1242 2669 1269 2716 et
1288 2660 1448 2732 Aquicinct.
1463 2679 1469 2716 z
1486 2663 1519 2717 la
1532 2661 1699 2717 Mauritania
1724 2662 1788 2717 Cre-

984 2735 1108 2797 suriensr‘,
1123 2739 1219 2788 senche
1230 2733 1376 2789 Marcianus
1390 2732 1502 2801 virginis
1517 2738 1540 2787 el
1554 2732 1693 2803 rnarlyrt's,
1705 2747 1787 2804 supet·

984 2805 1068 2860 erasis
1082 2804 1189 2876 aliquot
1204 2803 1307 2870 uerbis,
1327 2802 1411 2858 citato
1426 2802 1548 2859 Pratensi
1563 2803 1653 2859 codici
1666 2803 1785 2870 intrusa,

985 2885 1015 2932 ut
1034 2892 1076 2932 me
1093 2874 1202 2931 monuit
1216 2874 1422 2930 oculatissimus
1439 2875 1590 2930 testiselar.
1603 2874 1785 2943 castellanus,

984 2947 1057 3021 quod
1078 2947 1204 3018 superius
1227 2962 1246 3000 x
1270 2945 1391 3000 lanuarii
1408 2945 1507 3001 iteruin
1522 2945 1719 3001 indicavimus.
1745 2946 1786 3003 De

984 3035 1049 3074 vero
1065 3017 1200 3089 passionis
1214 3016 1259 3073 die
1279 3033 1334 3072 non
1347 3016 1469 3087 disputo,
1490 3032 1551 3072 narn
1576 3025 1604 3073 et
1624 3016 1675 3072 hac
1698 3017 1744 3072 die
1756 3017 1786 3072 in

985 3088 1209 3160 hieronymianis
1219 3089 1371 3145 Martianus
1379 3087 1480 3160 aliquis
1489 3088 1517 3143 in
1528 3087 1704 3154 Mauritania,
1714 3087 1787 3143 forte

984 3178 1034 3233 pro
1057 3160 1206 3226 Martiano,
1228 3158 1370 3214 recolitur.
1397 3158 1500 3214 Unicus
1521 3167 1562 3214 est
1582 3158 1789 3231 disquisitionis

984 3239 1084 3287 nostres
1110 3247 1218 3301 scopus,
1248 3237 1340 3285 utrum
1362 3246 1397 3285 ex
1421 3237 1477 3284 tam
1505 3229 1629 3285 unanimi
1656 3229 1787 3287 codicum

983 3303 1101 3358 aliorum
1116 3318 1263 3367 corrsensu,
1278 3317 1342 3356 rera
1359 3300 1474 3357 Usuardi
1485 3301 1621 3359 sententia
1632 3317 1688 3357 uon
1703 3317 1787 3374 aper-

984 3374 1090 3430 tissime
1104 3373 1206 3445 liqueal
1216 3372 1274 3428 lEt
1284 3372 1322 3428 ita
1337 3371 1448 3445 quidem
1460 3372 1539 3428 nobis
1551 3371 1672 3440 videtur,
1682 3389 1785 3444 urgen-

984 3444 1102 3501 tioribus
1115 3444 1284 3516 argumentis
1300 3443 1416 3500 libenter
1428 3451 1455 3498 et
1470 3444 1543 3498 ultro
1563 3443 1677 3500 cessuri.
1704 3444 1784 3500 Biuae

983 3515 1208 3571 annuntiationes
1233 3515 1338 3570 ultime
1361 3531 1428 3586 pure
1450 3514 1611 3571 Usuardinas
1634 3522 1710 3582 sunt,
1726 3514 1783 3570 nisi

983 3586 1099 3643 fortasse
1108 3587 1138 3642 in
1153 3586 1308 3658 depravatis
1318 3585 1598 3658 Hieronymianorum
1611 3585 1788 3654 nominihus,

984 3674 1047 3713 curn
1061 3657 1136 3712 hisce
1152 3656 1254 3713 sanetis
1270 3657 1430 3712 affinitatem
1447 3657 1583 3724 invenias,
1603 3663 1630 3713 et
1655 3658 1789 3713 Besinum

986 3744 1013 3782 v.
1030 3745 1054 3794 g.
1070 3727 1159 3783 codici
1176 3727 1291 3783 Lunensi
1304 3736 1439 3797 assutum,
1447 3744 1500 3854 gro
1515 3728 1613 3785 Sabino
1629 3735 1725 3784 nostro
1735 3743 1788 3784 ac-

983 3798 1142 3869 cipiendum
1158 3798 1309 3854 existimes.
1323 3799 1365 3854 An
1381 3798 1426 3854 bio
1466 3799 1565 3855 abinus
1579 3799 1674 3854 Brixia
1688 3814 1788 3856 accer-

133 3867 293 3922 memoratio
309 3866 540 3922 soliuslonnerii.
555 3867 616 3922 Ado
631 3875 777 3939 utrumque
787 3884 821 3923 ox
835 3868 928 3923 lliero-
947 3884 969 3942 ι]
984 3869 1085 3925 sendus
1095 3869 1141 3937 sit,
1157 3868 1266 3925 docebit
1281 3868 1429 3925 Castellani
1444 3871 1537 3925 nolula
1553 3870 1587 3925 ad
1602 3870 1678 3926 huno
1692 3870 1787 3937 diem,

132 3938 281 4010 nymianis,
298 3936 407 4009 opinor,
428 3946 475 3992 aut
488 3952 522 3991 ex
537 3937 614 3992 Actis
639 3937 796 4007 conjunxit,
821 3938 928 4009 adjecto

132 4009 210 4065 brevi
227 4008 325 4080 elogio,
343 4007 416 4079 quod
430 4008 527 4063 Noster
540 4007 573 4062 ad
586 4006 699 4062 verhum
723 4010 926 4080 transsumpsit.

132 4079 269 4136 Notlrerus
282 4079 339 4134 sola
349 4079 447 4134 ultima
462 4094 528 4134 voce
542 4077 653 4144 differt;
670 4086 696 4133 at
712 4080 810 4135 Florus
829 4089 855 4135 et
871 4081 928 4138 lla-

132 4149 230 4217 banus,
246 4149 372 4222 quamvis
386 4149 416 4204 in
432 4149 470 4205 rei
485 4149 638 4205 substantia
652 4150 928 4223 conveniant,phrasi

132 4236 243 4293 prorsus
256 4220 412 4291 discrepant
434 4220 467 4276 ab
482 4220 588 4288 Adone,
613 4227 644 4275 ut
668 4221 737 4276 mihi
760 4237 867 4294 semper
881 4222 928 4278 liat

132 4291 329 4359 verosimilius,
344 4292 413 4348 duos
427 4291 501 4360 illos,
518 4292 582 4349 licet
595 4291 692 4347 Adone
707 4293 885 4364 antiquiores,
894 4292 928 4351 ah

132 4378 164 4419 eo
186 4372 278 4420 tamen
301 4379 443 4436 nunquam
459 4363 533 4419 risos
555 4362 648 4419 luisse.
672 4362 733 4419 Non
748 4363 835 4420 babeo
855 4365 929 4437 quod

983 3939 1030 3994 ulti
1047 3941 1127 3996 aliam
1144 3939 1240 4011 adjicit
1252 3940 1394 3996 desubiao
1409 3949 1436 3996 et
1455 3942 1590 4012 Cypriane
1617 3941 1646 3996 in
1661 3943 1788 3998 Romano

981 4011 1113 4066 moderno
1127 4011 1251 4082 signatis.
1268 4012 1415 4083 Utramque
1428 4012 1457 4066 in
1472 4012 1541 4068 actis
1552 4013 1654 4068 nostris
1668 4013 1786 4069 exami-

983 4082 1120 4138 nabimus.
1133 4083 1176 4137 Bx
1190 4083 1322 4138 hactenus
1336 4082 1419 4137 dictis
1434 4091 1508 4154 patet
1523 4099 1654 4154 germana
1674 4092 1703 4140 et
1718 4100 1789 4157 pura

984 4153 1100 4210 Usuardi
1115 4153 1214 4209 lectio:
1232 4169 1313 4225 quem
1329 4152 1431 4208 mirum
1446 4161 1498 4220 est,
1509 4155 1589 4210 Pium
1604 4171 1705 4226 popam
1719 4172 1788 4227 prat·

983 4223 1100 4292 teriisse,
1110 4222 1144 4278 ab
1154 4223 1251 4280 Adone
1261 4224 1314 4280 hac
1327 4224 1373 4280 die
1387 4231 1441 4279 tam
1452 4224 1583 4282 distincte
1599 4225 1787 4298 propositum,

984 4295 1134 4352 aNotlrero
1148 4295 1176 4350 in
1191 4302 1350 4368 sequentem
1361 4295 1492 4353 dilatum.

855 4489 1046 4550 AUCTABIA.

167 4589 207 4643 De
221 4588 356 4655 Patren,
380 4596 408 4644 et
423 4603 487 4645 cum
507 4602 538 4643 eo
557 4586 770 4656 coherentibus,
793 4588 834 4646 uti
851 4597 877 4645 et
896 4590 930 4647 de

133 4658 281 4714 Henrnrnrr.
297 4666 324 4715 et
339 4659 511 4724 Tonnnurrn,
522 4657 580 4729 jam
596 4659 662 4714 satis
676 4659 809 4716 diximus.

168 4729 312 4784 Αιιτιιιιιιι.
329 4736 356 4784 et
369 4729 560 4784 transuere.
573 4735 601 4784 et
615 4730 785 4786 Ucasnursrr.
797 4732 930 4788 omittunt

133 4799 162 4854 in
193 4799 329 4869 principio
356 4799 563 4856 translationem
589 4798 617 4854 S.
646 4800 799 4858 Benedicti.
826 4804 931 4859 Desunt

133 4869 217 4926 etiam
237 4868 383 4926 Sidronius
395 4878 423 4924 at
437 4868 564 4935 Sabinus,
580 4886 698 4942 quorum
718 4872 779 4927 loco
794 4872 928 4930 babetur:

140 4967 149 4989 ι
164 4942 268 5008 Roma,
282 4939 371 5012 passio
385 4947 543 4996 sanctornm
557 4940 689 5012 Stephani
704 4948 731 4998 et
744 4943 863 5000 Leontii.
878 4968 888 4994 ι

168 5011 412 5078 mauras-llis,
429 5010 596 5069 Unrnrrsur.
615 5021 642 5068 et
655 5012 778 5069 Lernan.
792 5032 798 5069 :
813 5016 930 5071 ‹Trans-

134 5083 200 5139 latio
213 5083 286 5140 beati
310 5081 452 5139 Benedicti
476 5081 593 5151 abbatis,
609 5090 636 5140 et
656 5094 757 5142 sanctae
776 5085 931 5143 scolasticae

133 5156 234 5211 sororis
248 5154 316 5228 ejus.
334 5154 437 5221 Romae,
463 5153 492 5208 in
510 5153 653 5223 Vaticano,
677 5156 767 5211 natale
785 5157 873 5215 sancti
888 5156 930 5212 Pii

984 4591 1039 4647 fine
1053 4589 1178 4664 adjungit
1192 4592 1236 4648 his
1250 4593 1352 4650 verbis.
1374 4596 1424 4650 ‹ln
1440 4594 1532 4661 Dacia,
1544 4593 1658 4651 civitate
1670 4592 1789 4651 Wibur-

985 4662 1071 4733 gensi,
1095 4663 1195 4719 natalis
1219 4663 1306 4719 sancti
1321 4665 1422 4720 Katelli
1443 4664 1645 4722 confessoris.»
1667 4665 1789 4722 Videtur

985 4742 1090 4804 martyr
1104 4733 1198 4789 fuisse.

1020 4804 1177 4860 munuera.
1191 4821 1217 4858 ει
1230 4805 1262 4859 ln
1277 4804 1384 4873 Galliis,
1400 4804 1526 4861 cmnobio
1541 4805 1787 4873 Floriaco,adveu·

985 4882 1030 4929 tus
1051 4881 1078 4928 et
1101 4874 1244 4930 translatio
1263 4875 1385 4947 corporis
1401 4874 1566 4930 sanctissimi
1590 4876 1679 4933 Patris
1693 4879 1788 4935 Bene-

984 4942 1053 5000 dicti
1065 4943 1182 5024 abbatis,
1200 4945 1337 5019 simulque
1351 4945 1436 5001 heatae
1457 4945 1633 5005 Scholastica
1655 4949 1786 5020 virginis,

985 5031 1087 5070 sororis
1100 5016 1169 5085 ejus.
1186 5016 1218 5072 ln
1228 5017 1369 5083 Armenia,
1379 5015 1502 5073 civitatis
1516 5017 1786 5091 Niehopoli,sanoto·

986 5103 1046 5141 rum
1070 5094 1223 5159 martyrum
1247 5086 1370 5143 Ianuarii
1394 5094 1422 5145 et
1442 5088 1566 5162 Pelagius.
1590 5090 1621 5146 ln
1643 5091 1787 5147 territorio

986 5158 1153 5226 Pictavensi,
1176 5161 1265 5215 sartcti
1290 5158 1384 5215 Sabini
1407 5159 1581 5216 confessoris.
1607 5161 1658 5218 llic
1681 5160 1786 5218 luitex

133 5242 208 5351 f‘apae
233 5235 260 5282 et
281 5225 419 5298 martyris.
445 5224 516 5280 Huic
530 5225 563 5281 ab
587 5226 684 5353 aqqelo
707 5226 863 5283 nuntiatum
878 5234 928 5294 est,
944 5226 969 5284 D
986 5227 1130 5299 discipulis
1144 5230 1235 5301 magni
1250 5229 1338 5286 Patris
1352 5230 1438 5287 sancti
1454 5231 1593 5288 Germani.
1613 5256 1623 5282 s

154 5296 237 5353 useba
251 5298 296 5353 dle
324 5295 469 5353 Dominico
488 5295 614 5353 celebrari
636 5313 715 5352 um.»
748 5297 780 5353 ln
801 5298 930 5354 Armenia

133 5367 199 5423 satis
226 5367 289 5438 puri
313 5375 387 5424 sunt.
412 5367 499 5423 Tum:
535 5367 625 5423 ·ltem
652 5369 754 5436 Romae,
774 5376 931 5425 sanctorum

133 5436 264 5508 Stephani
274 5445 301 5492 et
311 5437 585 5495 Leontii.·Demum:
611 5439 662 5493 ·ln
695 5454 744 5510 ago
766 5439 931 5506 Pictarensi,

134 5506 221 5563 sancti
239 5506 334 5563 Sabini
348 5509 522 5565 confessoris.
538 5534 547 5559 ·
566 5511 650 5566 Deest
684 5508 796 5566 idronii.
870 5536 873 5545 ·

169 5577 201 5632 lu
215 5577 381 5646 normias,
399 5578 474 5636 deest
483 5581 603 5637 sidronii
611 5588 636 5635 et
643 5579 754 5648 Sobirri;
776 5588 872 5637 caetera
902 5588 934 5637 ut

133 5646 248 5775 Peiores.
264 5648 296 5703 In
307 5650 467 5706 Arusacen.
483 5651 591 5708 Omissa
614 5651 758 5708 translatio
779 5623 931 5708 Benedicti.

147 5725 202 5774 tem
219 5719 249 5776 in
259 5721 376 5788 Dsurco,
386 5719 435 5793 qui
448 5721 591 5794 proprium
601 5723 760 5794 popularem
771 5731 895 5780 amictum
904 5722 933 5778 in

1020 5299 1220 5356 Druantiam:
1239 5324 1248 5347 ·
1266 5300 1400 5370 Floriano,
1423 5303 1557 5359 adventus
1578 5319 1624 5359 seu
1638 5302 1787 5359 translatio

986 5370 1071 5427 sancti
1086 5370 1227 5427 Benedicti
1242 5372 1359 5428 abbatis.
1384 5373 1468 5444 Cujus
1495 5391 1594 5446 corpus
1607 5391 1641 5429 er
1659 5373 1740 5429 ltalia
1750 5373 1786 5429 de

986 5449 1080 5496 nronte
1101 5443 1213 5499 Cassino
1233 5445 1262 5499 in
1285 5443 1388 5500 Gallias
1406 5446 1439 5501 ad
1460 5447 1656 5501 monasterium
1671 5443 1786 5499 Floria-

985 5528 1065 5592 eense
1087 5515 1250 5570 translatum
1278 5522 1349 5570 est·
1380 5517 1410 5571 ln
1431 5516 1560 5572 Armenis
1583 5517 1648 5571 satis
1673 5531 1783 5595 purus;

987 5590 1092 5654 pergit:
1112 5585 1228 5642 «Borma
1244 5585 1274 5641 iu
1290 5585 1431 5653 Vaticano,
1446 5588 1536 5643 natale
1550 5587 1636 5643 sancti
1651 5586 1693 5642 Pri
1706 5602 1741 5658 pa
1760 5603 1784 5642 ae

986 5661 1013 5708 et
1026 5655 1166 5734 martyris.
1182 5655 1234 5724 Qui
1250 5672 1284 5713 ex
1303 5657 1514 5715 annuntiatione
1531 5658 1663 5730 angelica,
1678 5602 1784 5714 narba

987 5725 1097 5784 Domini
1111 5741 1218 5800 semper
1228 5726 1256 5783 in
1267 5727 1411 5787 Dominica
1422 5727 1616 5788 celebrandum
1624 5727 1782 5789 constituit.
