3834 6136
168 217 236 277 illd

679 212 800 271 llERlCl
819 212 980 272 Mounesis
999 210 1304 271 ANTISSIODOENSIS

1752 211 1820 269 illd

164 368 364 438 multitudinis,
380 383 463 441 quam
477 383 540 425 cum
555 366 635 423 beato
648 367 765 423 Prisco·
779 365 852 439 apud
872 365 1003 428 locumA
1020 364 1230 437 Septuagesimae
1242 371 1350 421 tanturn
1366 361 1411 418 die
1425 360 1583 429 Dominae,
1599 376 1665 418 curn
1680 377 1764 433 supra
1773 379 1822 421 me·

165 461 310 519 Gotiacum
324 460 479 517 Aureliana
495 459 696 532 persecutionis
708 457 858 513 trucidavit
870 457 967 512 imma·

164 551 246 617 nius,
262 550 446 606 sacratissima
460 564 576 620 corpora
600 555 711 620 propter
738 548 898 603 saevientem
920 562 968 602 ra-

162 638 236 696 biem
251 640 321 696 clam
338 639 485 707 subducta,
502 638 531 693 in
547 638 667 694 cisterna
681 638 799 710 quadam
811 637 969 693 vastissima

163 745 179 784 a
195 729 371 797 Christianis,
390 731 512 802 quitum
533 728 689 785 existebant
704 727 849 794 rarissimi,
869 725 969 796 passim

161 825 290 890 congesta
320 826 395 874 sunt.
419 819 524 873 llorum
553 817 687 872 memoria
713 817 795 886 longo
816 814 968 870 labentium

162 912 317 977 temporum
332 906 477 962 obscurata
490 906 613 972 defluxu,
629 905 664 960 ad
690 912 800 976 tempus
811 902 968 974 usqueGer-

162 998 236 1052 mani
255 996 421 1053 sanctissimi
445 998 552 1053 cunctis
572 1000 667 1071 ignota
683 997 815 1052 delituit:
832 1012 886 1068 quo
902 1012 967 1068 prae-

160 1087 229 1154 sule,
243 1087 326 1154 Deus,
343 1086 372 1140 in
385 1085 466 1156 cujus
486 1094 636 1158 conspectu
665 1102 778 1143 suorum
800 1101 907 1158 semper
927 1082 968 1140 esi

160 1191 234 1232 mors
247 1176 367 1246 pretiosa
378 1185 549 1244 sanctorum,
565 1175 715 1248 disponens
745 1176 858 1230 illorum
871 1184 967 1246 patro-

159 1261 234 1319 cinio
249 1263 359 1334 populis
375 1262 533 1332 subvenire,
551 1264 706 1321 veneranda
728 1280 828 1319 eorum
853 1279 967 1334 corpora

160 1351 331 1420 declararit;
348 1363 430 1426 caput
445 1370 553 1427 quoquc
567 1353 720 1410 beatissimi
735 1352 821 1410 Prisci
834 1353 965 1424 martyris

159 1440 249 1498 eidem
266 1441 345 1498 miris
360 1446 485 1500 revelans
501 1444 608 1500 modis:
623 1446 668 1502 cui
689 1444 865 1501 recondendo
892 1459 965 1515 qua-

158 1538 222 1587 tuor
236 1531 270 1588 ab
284 1534 352 1590 urbe
365 1534 489 1590 millibus
503 1535 647 1591 ecclesiam
673 1542 841 1590 construens
864 1549 965 1589 conse-

157 1620 262 1690 cravit;
274 1638 356 1694 quarn
367 1624 508 1696 signorum
518 1626 597 1698 copia
607 1626 738 1682 continue
756 1626 962 1695 adluenspcpu·

1024 462 1128 510 morato
1144 454 1247 526 psalmo
1263 452 1400 508 modulari
1415 450 1570 519 consuevit,
1597 448 1675 522 quod
1692 450 1724 504 in
1739 451 1820 523 primu

1023 565 1103 605 versu
1119 551 1213 617 semel,
1232 547 1392 605 insecundo
1411 545 1464 614 bis,
1481 547 1510 601 in
1528 544 1613 600 tertio
1638 543 1734 600 tribus
1755 545 1821 603 reci·

1023 649 1166 712 precatum
1190 638 1307 705 uicibus,
1332 638 1362 692 in
1385 644 1483 709 quarto
1502 635 1619 690 demum
1639 632 1788 691 reiteratur
1807 655 1820 695 a

1023 728 1129 800 capite:
1146 735 1280 800 quantum
1295 733 1385 781 autem
1401 740 1472 790 reor,
1485 724 1513 778 in
1530 723 1670 778 honorem
1687 731 1787 779 sancte
1798 735 1821 782 et

1024 817 1175 874 individuae
1200 816 1343 873 Trinitatis
1367 822 1555 885 competenter
1575 813 1701 868 canitur.
1722 811 1753 868 ld
1766 830 1821 872 cun

1023 913 1127 963 teneret
1135 903 1438 974 nientoria,conrocatis
1449 909 1509 975 post
1520 902 1648 957 solemne
1656 903 1820 961 matutinum

1024 997 1162 1065 iratribus,
1179 997 1343 1068 traditaque,
1360 1010 1439 1065 quarn
1459 997 1628 1063 perceperat,
1648 991 1820 1062 revelatione,

1023 1094 1052 1141 ut
1070 1103 1111 1141 res
1125 1086 1195 1141 foret
1205 1085 1338 1151 testatior,
1352 1081 1570 1137 modulationem
1582 1095 1697 1151 quoque
1706 1097 1820 1153 comper·

1021 1182 1077 1229 tam
1092 1190 1137 1229 eos
1150 1173 1278 1238 edocuit,
1302 1171 1380 1243 cujus
1404 1168 1496 1225 nrrrnis
1515 1167 1644 1224 suavitas
1672 1169 1821 1241 protinuss

1022 1271 1112 1317 munte
1135 1262 1211 1317 illius
1235 1262 1272 1316 ita
1296 1261 1386 1332 elapsa
1420 1265 1469 1326 est,
1498 1264 1528 1311 ut
1551 1272 1608 1311 uon
1625 1256 1683 1310 uisi
1700 1256 1821 1314 vocabuli

1020 1350 1330 1420 solumrnododeinceps
1343 1345 1483 1403 reminisci
1492 1345 1628 1418 potuerit.
1642 1344 1720 1411 Quod
1730 1346 1756 1401 ei
1764 1345 1822 1417 jure

1019 1439 1167 1512 contigisse
1184 1447 1312 1512 putatur;
1329 1446 1360 1492 ut
1375 1437 1408 1504 is,
1425 1437 1472 1508 qui
1496 1436 1630 1490 intimata
1649 1435 1704 1490 sibi
1723 1447 1820 1494 secreta

1019 1531 1140 1588 coelestia
1155 1529 1312 1585 inconsulte
1327 1524 1458 1598 prodidit,
1473 1525 1537 1579 aliis
1553 1525 1582 1580 id
1597 1522 1634 1578 ad
1652 1523 1762 1580 laudern
1776 1527 1819 1583 Dei

1019 1621 1211 1688 retinentibus,
1238 1637 1286 1676 sua
1310 1619 1395 1675 solius
1411 1617 1473 1691 [al.‚
1490 1617 1580 1691 solus]
1595 1618 1757 1690 ignorantia
1771 1637 1819 1692 pu·

158 1710 247 1766 lorum
277 1714 458 1773 concursibus
480 1718 546 1773 lacit
569 1733 627 1774 esse
651 1716 798 1775 celebrem.
824 1716 882 1773 Hoc
905 1728 999 1787 11an
1017 1709 1342 1777 nasetur.Qu0dPaulus
1359 1709 1544 1780 ³90⁵¹⁰l¹1550
1565 1715 1695 1763 metues&
1718 1709 1820 1781 Sidfllfi·

156 1800 269 1860 aliunde
278 1815 496 1864 commentatum
508 1828 515 1877 ;
528 1826 625 1866 verum
636 1826 671 1866 ex
682 1811 819 1867 relatione
829 1808 964 1882 passionis

156 1904 251 1948 sorum
271 1893 379 1952 sincera
392 1899 525 1955 relatione
540 1900 678 1956 insertum
701 1908 754 1956 est.

476 2010 590 2066 CAPUT
610 2013 644 2067 ll.

190 2089 255 2146 Atta
271 2095 442 2162 quaedamsed
458 2096 515 2165 ejas
532 2100 612 2153 ritem
626 2099 772 2170 spectantia
795 2098 925 2169 usquead

399 2167 498 2222 obitum
517 2175 541 2223 ct
559 2171 706 2241 exsequias.

190 2259 233 2314 ll.
243 2259 273 2316 ld
282 2276 401 2336 quoque,
414 2267 522 2338 qnodin
531 2267 761 2340 ecclesiisabipso
775 2267 908 2324 dedicatis
914 2284 958 2340 po·

153 2348 250 2408 tiorem
263 2351 366 2409 divina
380 2354 494 2412 virtutis
504 2357 672 2413 evidentiam
688 2359 717 2413 in
733 2359 898 2416 exhibendis
909 2362 957 2416 mi·

152 2443 253 2499 raculis
267 2459 348 2499 nemo
364 2444 419 2502 lere
440 2447 556 2519 ambigit
578 2449 724 2514 declarari,
752 2467 767 2505 a
791 2451 957 2509 salutaribus

152 2530 313 2588 meritorum
328 2533 387 2606 ejus
405 2536 549 2606 preconiis
569 2537 722 2609 abjudicari
753 2539 956 2597 inhumanissi-

152 2635 227 2675 mum
245 2622 517 2698 inopportunumque
532 2636 653 2699 putatur.
665 2630 783 2697 Quodut
797 2632 953 2704 fiatperspi·

150 2722 245 2778 cuum,
262 2727 317 2766 unc
334 2721 452 2784 tantum,
467 2716 618 2790 eodemque
632 2735 687 2774 uon
704 2719 849 2789 incelebri,
875 2722 952 2777 nite-

151 2811 214 2849 mur
227 2801 365 2868 exemplo.
383 2804 517 2861 Reversus
532 2823 566 2861 ex
580 2809 742 2877 Britanniis,
767 2810 894 2882 reliquias
906 2827 951 2865 an·

148 2882 298 2953 liquiscimi
311 2887 478 2958 pretiosique
487 2893 585 2946 Albani
599 2898 728 2966 martyris
741 2914 832 2953 secum
841 2899 949 2970 detulit,

147 2975 229 3042 atque
244 2969 317 3026 inlra
332 2989 425 3030 usuros
439 2977 626 3034 autissiodori
648 2981 789 3039 basilicam
814 2987 854 3041 eis
879 3003 950 3043 con-

1019 1817 1095 1867 caus,
1122 1802 1223 1857 latetur
1244 1816 1272 1855 se
1296 1799 1403 1855 audisse
1429 1814 1533 1854 arcana
1558 1797 1658 1866 rerba,
1681 1817 1741 1872 quac
1771 1817 1816 1857 uon

1019 1891 1083 1946 licet
1095 1889 1203 1945 homini
1219 1889 1304 1961 loqui.
1319 1889 1463 1944 EtJoanni
1476 1887 1658 1960 praecipitur,
1674 1889 1816 1961 nesignet¹
1837 1940 1841 1948 .

1018 1996 1077 2052 quae
1094 1980 1183 2035 locuta
1204 1987 1269 2034 sunt
1295 1986 1398 2050 septem
1423 1979 1557 2034 tonitrua.
1579 1977 1693 2033 Animae
1716 1996 1815 2052 quoque

1016 2068 1112 2124 diuina
1123 2067 1277 2139 speculanti
1294 2067 1429 2138 jubetur:
1454 2067 1541 2134 Audi,
1567 2066 1670 2135 lsrael,
1685 2076 1710 2123 et
1728 2076 1783 2125 tace
1797 2079 1814 2126 ⁶.

1015 2157 1101 2212 Multa
1120 2156 1193 2228 apud
1208 2155 1280 2211 idem
1296 2156 1445 2233 oratorium
1461 2163 1648 2211 recensentur
1663 2157 1759 2212 collata
1772 2157 1813 2213 be·

1015 2245 1122 2312 nclicia,
1135 2260 1198 2300 cuns
1209 2243 1238 2298 in
1249 2244 1409 2315 expulsione
1420 2244 1596 2314 daemonum,
1607 2254 1668 2301 tum
1679 2247 1710 2302 in
1722 2247 1812 2302 illumi·

1014 2336 1125 2390 natione
1141 2351 1275 2390 caecorum
1290 2353 1296 2401 ;
1313 2335 1342 2389 in
1357 2334 1401 2389 bis
1424 2350 1593 2407 veroquam
1619 2337 1750 2404 niaxime,
1770 2337 1810 2410 qui

1012 2423 1119 2480 diversa
1136 2422 1255 2479 lebrium
1271 2423 1424 2479 accessione
1435 2424 1530 2479 vexati
1544 2423 1580 2480 ad
1596 2425 1690 2482 locum
1704 2444 1743 2498 se,
1753 2445 1809 2484 sau-

1011 2522 1119 2571 ctorum
1134 2515 1286 2587 imploratis
1301 2514 1471 2586 patrociniis,
1487 2517 1686 2573 contulerunt.

1046 2624 1089 2680 19.
1106 2622 1256 2679 Ecclesiam
1274 2623 1317 2678 cui
1339 2625 1436 2696 praesul
1460 2631 1529 2693 erat,
1547 2641 1607 2681 non
1627 2627 1806 2699 spiritualibus

1009 2713 1101 2781 modo,
1123 2729 1218 2768 rerum
1244 2720 1270 2768 et
1285 2713 1483 2784 temporalibus
1507 2714 1704 2785 copiosissime
1718 2718 1804 2773 extulit

1008 2801 1195 2858 incrementis.
1221 2800 1305 2872 Cujus
1319 2801 1348 2855 in
1371 2803 1595 2873 possessionibus
1619 2805 1733 2862 lacultas
1750 2815 1803 2861 ante

1007 2891 1096 2963 ipsum
1108 2908 1190 2964 quarn
1203 2890 1285 2946 luerit
1296 2891 1436 2962 perexilis,
1448 2891 1531 2947 facile
1543 2893 1644 2965 colligi
1660 2903 1745 2967 potest
1755 2914 1761 2963 ;
1773 2894 1799 2963 si,

1006 2978 1134 3051 qualibus
1142 2994 1201 3034 eam
1211 2978 1298 3050 copiis
1306 2987 1413 3034 auctam
1421 2979 1547 3053 reliquit,
1560 2983 1650 3055 aequis
1660 2983 1800 3040 rationibus

147 3056 246 3116 dendis
262 3061 447 3132 exaedificans,
463 3067 568 3137 praelati
589 3072 719 3143 martyris
735 3074 847 3130 nomine
866 3075 986 3148 dedi-0
1005 3068 1191 3141 inspectetur:
1208 3086 1271 3125 naus
1292 3070 1355 3143 quia
1369 3080 1504 3142 quantum
1519 3071 1556 3128 ad
1565 3074 1683 3143 natales,
1700 3075 1798 3131 nobilis·

145 3149 237 3205 eavit:
255 3151 284 3205 in
300 3167 353 3224 qua
369 3153 462 3211 lerunt
477 3158 622 3228 quemdam
636 3159 718 3216 anxie
735 3163 892 3234 religiosum
904 3167 948 3223 dc·

145 3239 263 3295 servisse
289 3242 490 3316 presbyterum,
516 3247 563 3318 qui
587 3247 661 3305 inter
683 3259 780 3307 cetera
805 3255 947 3325 probitatis

144 3328 237 3384 studia
252 3329 281 3385 id
297 3330 350 3387 sibi
366 3333 501 3392 larrriliare
515 3337 651 3406 effecerat,
665 3347 705 3408 ut,
727 3341 804 3413 signo
826 3344 946 3404 basilicae

143 3416 259 3474 senioris
284 3420 453 3492 increpante,
478 3442 577 3498 corpeus
598 3443 612 3482 c
634 3428 704 3486 lecto
727 3433 887 3504 corripiens,
911 3437 944 3493 ad

91 3492 97 3499 ¹
141 3507 284 3564 ecclesiam
294 3526 376 3581 quarn
387 3513 529 3569 celerrime
541 3527 713 3588 properaret;
732 3520 853 3594 dumque
873 3523 943 3595 ejus·

140 3597 216 3652 medi
227 3599 424 3670 ergadivinum
434 3603 580 3659 servitium
593 3606 708 3663 instaret
720 3610 876 3682 vigilantia,
889 3632 943 3672 una

141 3684 276 3752 noctium,
300 3704 362 3742 cnm
386 3706 402 3744 a
426 3692 534 3762 propria
559 3694 732 3765 egrederetur
763 3699 855 3770 dorne,
881 3720 941 3775 qrrar

140 3772 303 3843 supradictae
323 3775 444 3835 basilicae
463 3779 620 3838 adherebat
643 3787 798 3856 angelicum
821 3790 938 3861 audivit,

139 3859 266 3929 chorum,
283 3864 443 3925 harmonica
454 3871 646 3926 concinentem
659 3878 848 3945 consonantia,
865 3880 938 3936 dlle-

138 3949 205 4021 luia‚
221 3970 284 4009 curn
298 3957 402 4026 psalmo
418 3975 532 4027 exirm,
548 3963 595 4033 qui
619 3964 791 4036 inscribitur,
819 3973 938 4030 laudate

136 4040 280 4097 Dominam
302 4044 332 4097 dc
346 4046 426 4115 celis,
447 4049 480 4104 ad
505 4049 588 4107 sineru
614 4069 699 4128 usque
725 4058 861 4119 Psalterii.
882 4064 935 4131 Qui

137 4131 265 4186 attonitis
279 4132 392 4190 auribus
405 4135 438 4192 ad
454 4139 555 4194 ostium
566 4145 680 4200 oratorii
690 4150 851 4212 auscultans
864 4154 934 4210 dili-

135 4222 253 4294 gentius,
270 4223 392 4279 eamdem
408 4230 567 4286 memoriter
581 4232 681 4290 didicit
701 4238 929 4298 rsscdulationem.

171 4308 213 4364 ts.
239 4310 305 4366 Erat
326 4319 416 4369 autern
441 4317 570 4388 Alleluia,
594 4321 668 4392 quod
693 4332 786 4379 nostra
814 4329 928 4387 ecclesia

1004 3159 1089 3214 simus
1103 3160 1156 3214 luit
1171 3160 1306 3216 nobilium
1319 3179 1326 3228 ;
1345 3168 1480 3232 quantum
1492 3161 1527 3216 ad
1539 3162 1697 3233 fortunam,
1707 3167 1735 3220 iu
1750 3182 1797 3238 pos·

1002 3248 1169 3305 sessionibus
1209 3255 1236 3304 et
1259 3249 1369 3321 praediis
1395 3249 1605 3308 ditissimorum
1633 3252 1793 3321 ditissimus;

1002 3340 1137 3407 oninium,
1154 3356 1213 3413 quae
1227 3340 1252 3395 ei
1268 3357 1302 3396 ex
1320 3340 1381 3412 juro
1402 3348 1517 3412 paterno
1532 3352 1686 3413 cesserant,
1708 3346 1735 3402 in
1750 3347 1793 3402 rita

1000 3442 1049 3481 sua
1063 3425 1199 3482 haeredem
1221 3428 1287 3485 lecit
1306 3429 1458 3497 ecclesiam,
1486 3447 1571 3503 quarn
1590 3431 1654 3503 ejus
1678 3450 1710 3488 ex
1731 3439 1798 3506 parte

1000 3515 1120 3570 maxima
1133 3516 1306 3588 patrimoniis
1317 3517 1453 3591 hodieque
1461 3529 1592 3578 constare
1602 3523 1790 3595 cognoscimus.

998 3602 1068 3659 Sunt
1078 3612 1169 3661 autern
1185 3606 1287 3678 praedia
1301 3606 1359 3664 haec
1370 3624 1486 3664 numero
1497 3613 1642 3683 perplura,
1654 3611 1789 3686 quantitate

997 3696 1177 3767 permaxima,
1202 3698 1303 3754 linibus
1323 3700 1451 3771 spatiosa,
1483 3702 1598 3777 sibique
1620 3705 1786 3770 contermina,

995 3783 1065 3839 situs
1093 3787 1225 3857 qualitate
1245 3787 1456 3859 jucundissima,
1489 3791 1657 3849 reddituum
1683 3795 1788 3850 ubertate

994 3875 1124 3944 praeclara
1137 3878 1160 3932 d.
1176 3878 1280 3935 llcrum
1297 3880 1325 3935 in
1341 3895 1406 3950 unu,
1423 3880 1468 3936 cui
1492 3883 1678 3955 Epponiacus
1702 3903 1734 3942 ex
1746 3901 1787 3940 re

995 3969 1093 4020 tustatc
1106 3982 1204 4023 nornen
1216 3977 1267 4037 est,
1284 3970 1449 4027 venerabilis
1459 3974 1573 4044 genitor
1587 3976 1661 4048 ejus,
1673 3976 1787 4034 Rusticus

992 4066 1176 4129 nuncupatus,
1197 4077 1260 4117 cum
1276 4063 1418 4133 genitrice,
1438 4064 1612 4125 Germanilla
1631 4068 1786 4137 nomine,iu

989 4147 1102 4204 ecclesia
1125 4153 1311 4221 apostolorum
1336 4154 1469 4227 principis
1486 4158 1614 4226 nemine,
1640 4159 1757 4216 dedicata
1767 4172 1784 4226 r,

988 4239 1043 4295 aris
1056 4256 1151 4296 eorum
1169 4242 1305 4313 capitibus
1323 4245 1503 4317 superpositis
1523 4248 1544 4317 ¹,
1573 4249 1705 4308 decenter
1721 4266 1784 4307 con-

986 4327 1036 4385 tliti
1051 4332 1238 4404 requiescunt.

169 4415 233 4470 ree
249 4418 277 4472 S.
293 4418 386 4473 Prisco
402 4428 429 4475 et
442 4423 525 4480 sociis
547 4424 606 4552 equs
630 4428 693 4484 llll.
717 4437 808 4486 actum
833 4442 872 4488 est
894 4436 964 4506 adp
982 4437 1121 4506 lissimunc,
1136 4442 1179 4496 cci
1197 4443 1338 4500 l'crsiacas
1353 4462 1446 4500 eramen
1458 4453 1505 4515 est,
1525 4464 1587 4504 cusu
1604 4452 1727 4507 uniuerso
1739 4471 1782 4524 ap·

132 4482 205 4540 diem
221 4485 255 4544 tc
269 4488 345 4558 blaii,
361 4507 448 4564 apag.
465 4493 528 4563 365,
544 4513 561 4552 u

131 4563 225 4612 strata.

167 4629 182 4707 ἡ
194 4629 233 4684 Ne
246 4630 337 4700 signet,
349 4640 402 4692 etc.
415 4636 474 4692 lmo
485 4639 687 4713 Apocalypseos
697 4660 756 4716 cap.
769 4662 798 4714 x,
810 4664 891 4705 versu
902 4651 928 4720 l,

132 4698 249 4778 legitur:
267 4703 421 4774 Signaque
440 4710 525 4763 locata
548 4719 612 4765 sarrit
633 4722 728 4783 septem
753 4719 882 4786 tonitrua,
907 4732 929 4778 el

129 4770 186 4849 nola
200 4773 363 4829 rescribere.
382 4776 432 4831 Ubi
453 4780 560 4849 signare
586 4782 657 4838 idenr
679 4788 813 4858 estquod
837 4793 928 4862 sigillo

128 4839 272 4911 obsignare
291 4851 319 4898 et
333 4849 440 4903 occulta
455 4866 573 4907 servare.
591 4855 705 4911 Sensum
721 4857 768 4913 hic
790 4876 853 4931 ergo
868 4866 929 4919 lle-

128 4911 201 4968 ricus
211 4914 344 4985 sequitur,
358 4932 411 4972 non
423 4921 506 4976 verba
517 4941 523 4987 ;
535 4939 583 4994 per
593 4926 721 4996 Nesiqact
736 4929 925 5005 intelligendo,

126 4983 165 5040 Ne
185 4984 292 5056 prodat,
309 5002 343 5041 ne
358 4989 469 5059 scribat,
491 5008 525 5047 ne
541 4996 630 5065 palam
649 4997 740 5053 laciat.

163 5065 173 5090 ⁰
186 5056 269 5121 Audi,
285 5059 383 5126 lsrael,
399 5068 422 5116 et
438 5069 506 5118 tace:
518 5081 573 5119 non
591 5067 690 5137 legitur
703 5070 744 5125 sic
756 5071 784 5126 in
796 5073 923 5146 Vulgata;

125 5125 172 5181 sed
186 5128 259 5208 ¹apud
272 5129 461 5255 Seqtuaginta,
479 5136 557 5193 Dent.
575 5153 664 5207 xxrn,
676 5157 758 5197 rersn
768 5143 793 5199 9.
816 5147 889 5214 Tace,
902 5156 926 5202 ct

125 5197 199 5260 acas,
230 5200 324 5256 lsroe.
341 5202 369 5257 S.
386 5205 573 5276 llieronymus
595 5226 703 5292 quoque
724 5214 758 5269 ad
780 5216 922 5274 llusticum

125 5269 290 5394 rqqqachum
306 5272 365 5330 haec
380 5277 463 5333 rerba
479 5278 568 5351 Moysi
584 5282 694 5351 tribuit,
720 5286 802 5354 dudi,
824 5290 922 5358 lsrael,

124 5353 136 5391 e
190 5358 225 5397 cc.

161 5410 285 5493 ‘'llorum
310 5418 416 5491 aliquot
436 5432 579 5479 enumerat
594 5425 714 5483 Historia
729 5430 920 5503 episcoporum

123 5479 345 5564 dntrssrodcap.
365 5491 391 5558 7,
415 5492 457 5547 bis
477 5495 585 5551 verbis:
611 5499 659 5553 llic
673 5500 837 5556 beatissimus
853 5521 919 5574 pon·

123 5549 189 5621 lrscc
206 5552 321 5613 baselica
336 5562 364 5617 S.
379 5565 504 5636 Stephani
516 5572 725 5642 protomartyris
738 5589 833 5643 aprum
846 5575 919 5630 nabi·

583 4498 632 4554 iet
646 4499 704 4557 liae
717 4501 843 4559 iuvenies
858 4506 928 4563 illu·
980 4515 1082 4578 parata
1102 4518 1126 4566 et
1148 4516 1310 4594 appendiciis
1336 4518 1392 4572 suis
1414 4518 1536 4575 contulit.
1562 4521 1618 4590 (lbi
1644 4531 1784 4580 erectama

985 4589 1080 4636 sancto
1096 4585 1237 4640 ecelesiam
1253 4587 1336 4644 luisse
1350 4589 1377 4644 S.
1394 4589 1526 4660 Eugeniae
1548 4595 1670 4665 martyri
1688 4597 1783 4652 buma-

985 4667 1037 4718 nae,
1051 4656 1146 4710 asserit
1159 4657 1193 4711 l).
1207 4659 1230 4711 le
1246 4659 1317 4727 Reus
1328 4660 1356 4714 in
1368 4660 1404 4718 Ca
1427 4669 1452 4716 to
1467 4669 1494 4716 et
1507 4662 1629 4732 liberato
1650 4667 1782 4722 Autissio-

984 4722 1061 4788 dorn,
1078 4741 1136 4795 pag.
1163 4727 1226 4798 28l)
1246 4729 1368 4784 similiter
1413 4732 1535 4798 ercisum,
1564 4736 1694 4792 spirabile
1713 4739 1741 4791 in
1760 4754 1782 4793 rt

983 4795 1154 4856 continentem
1173 4800 1316 4868 palatium,
1336 4819 1393 4856 cunr
1408 4805 1573 4873 appendiciis
1587 4808 1664 4874 satis3
1688 4809 1781 4864 Pelia-

983 4881 1041 4918 carn
1054 4882 1164 4936 quoque,
1189 4886 1233 4924 seu
1252 4873 1442 4928 Mareiniucuur
1455 4892 1465 4938 ;
1480 4875 1524 4929 sed
1539 4883 1563 4931 ct
1576 4878 1717 4934 loriacum
1728 4898 1782 4935 cun

982 4936 1037 4989 suis
1052 4937 1175 4992 sinaititcr
1192 4944 1368 5012 appendiciis3
1391 4944 1505 5014 sarmata
1526 4963 1633 5018 quoqne
1647 4951 1779 5006 Patricia·

981 5023 1048 5074 crem,
1064 5015 1087 5062 rt
1103 5009 1240 5066 Caliacum
1259 5031 1329 5084 reque
1344 5033 1401 5071 ment
1415 5017 1580 5087 appendiciis
1596 5021 1676 5075 suis:
1701 5025 1780 5077 malle

980 5078 1089 5149 lienique
1113 5089 1136 5136 et
1149 5084 1215 5151 alea,
1236 5102 1294 5155 qma
1312 5088 1387 5142 trabis
1409 5089 1544 5143 modernis
1566 5091 1715 5162 iricoqnito,
1732 5094 1778 5149 Dte

980 5167 1039 5202 cero
1053 5159 1115 5206 serat
1128 5157 1217 5210 omitia
1230 5164 1301 5212 arcta.
1316 5158 1388 5225 Quid
1402 5168 1429 5215 et
1442 5159 1505 5215 aliis
1521 5161 1651 5219 ecclesiis
1664 5164 1776 5231 dederit,

979 5220 1080 5277 ibidem
1097 5224 1153 5296 lege
1166 5244 1172 5289 ;
1189 5233 1216 5282 et
1229 5229 1300 5299 apud
1313 5230 1392 5286 Viole
1404 5247 1463 5302 cap.
1481 5231 1507 5285 7.

1013 5300 1023 5327 ⁸
1042 5295 1227 5366 Apostolorum
1240 5300 1370 5370 principis
1382 5301 1487 5355 teoraciae
1497 5304 1621 5361 dedicate
1631 5325 1641 5361 .·
1657 5316 1686 5363 at
1709 5307 1774 5363 illst.

977 5380 1038 5490 epq.
1054 5367 1207 5424 Autissiod.
1222 5370 1281 5425 loco
1293 5372 1377 5427 citato
1389 5371 1480 5440 hstes,
1497 5375 1532 5428 B.
1543 5377 1662 5433 loannis
1678 5380 1774 5434 nornine

976 5435 1007 5490 de
1027 5444 1104 5492 scete.
1122 5439 1202 5494 Forte
1216 5441 1310 5497 ambos
1324 5451 1452 5514 patronos
1467 5445 1566 5501 coluit.

1011 5507 1019 5542 f
1040 5509 1082 5563 Sic
1092 5511 1214 5565 llcsticas
1228 5519 1251 5566 ct
1266 5514 1431 5570 Gernrunilla
1444 5516 1568 5572 uidentur
1581 5521 1771 5590 quodammode

973 5579 1133 5651 cartonizati,
1149 5581 1240 5657 iuquit
1255 5583 1285 5641 in
1299 5584 1436 5643 adnotatis
1453 5586 1518 5645 tiss.
1545 5590 1709 5651 Chiffletius
1723 5610 1770 5650 uo·
