3834 6136
121 156 178 228 ‘85
676 175 993 240 uautmoboomb.
1012 210 1048 226 ·-
1066 181 1170 240 Mens.
1190 184 1264 242 Mar.
1761 183 1797 243 86

171 294 276 352 Barim
291 293 383 368 prima
397 294 482 353 editio
496 296 622 355 ordinem
639 307 764 370 invertit,
783 310 811 359 et
829 305 944 362 nomina
957 309 983 368 Α
997 306 1108 365 Christo
1114 324 1177 366 com
1188 308 1292 368 eisdem
1300 312 1417 383 occisos,
1429 314 1644 388 triumpharit.»
1659 313 1797 386 llejicitur

132 368 272 450 pleraque
287 367 408 440 turpiter
420 369 582 442 corrumpit.
595 372 626 427 ln
640 371 727 429 altera
736 373 788 430 sub
798 373 880 432 tinem
896 377 940 433 ad·

128 440 264 565 Junpitur
274 457 289 522 :¹
303 441 392 521 «lteni
403 439 544 508 Bononia,
559 445 701 525 translatio
712 445 782 502 beati
802 447 941 507 Dominici

132 528 188 569 con
203 528 317 580 essoris,
338 527 366 566 in
383 527 485 585 quaeis
501 530 614 586 corpore
633 533 693 586 eius
717 518 839 592 virgineo
865 529 942 577 tanta

133 585 280 640 emanarit
294 583 388 640 odoris
414 584 574 656 fragrantia,
598 596 629 643 ut
645 589 769 646 omiiiuin
786 602 940 648 aromatum

134 656 303 712 suauitatem
326 666 476 728 superaret.
498 657 563 724 Quae
578 675 651 714 anno
668 678 717 716 xiii
734 661 768 732 al)
782 664 842 733 ejus
866 663 940 720 telici

134 728 226 795 odito,
253 727 287 783 de
311 727 442 783 mandato
466 730 576 784 Domini
593 730 717 803 Gregorii
736 735 783 801 lx,
804 735 942 792 celebrata

135 799 192 856 luit
207 800 241 856 ab
255 800 465 873 archiepiscopo
485 801 643 859 Rauennate
657 813 684 860 et
700 805 794 860 multis
808 808 870 862 aliis
885 808 939 880 epi-

136 889 184 929 Sw
207 890 238 926 ta'.
255 896 264 919 ι

173 889 319 1000 siparium:
337 943 643 1027 1Cii'itate'lergestina,
652 949 739 1004 sancti
750 949 857 1005 Servuli
871 967 939 1006 mar·

135 1018 217 1088 tyris,
234 1024 359 1087 tempore
373 1017 532 1072 Numeriani
551 1021 734 1090 imperatoris,
751 1022 796 1093 qiii
813 1039 876 1076 cim
891 1039 940 1077 sa·-

132 1087 262 1144 crillcere
276 1097 476 1157 contemneret,
491 1091 584 1145 iteriis
599 1108 694 1160 caesiis,
714 1092 763 1147 iiie
784 1095 867 1148 mileo
881 1111 938 1150 siis·

131 1167 400 1288 ffinsustunmetur.
412 1161 495 1216 latera
517 1178 551 1216 ue
563 1161 638 1218 illius
649 1109 936 1234 ungulisdaceraotur.

173 1231 241 1288 iude
256 1232 409 1304 depositus,
424 1235 485 1288 oleo
499 1178 623 1289 (dementi
664 1236 781 1302 eitosus,
798 1253 859 1291 cuiii
877 1237 937 1293 red·

132 1302 437 1370 dereturconstantior‚
448 1251 857 1377 gladioaniiiiadieriijubeiur.
868 1334 877 1354 ·
890 1310 939 1366 Est

132 1374 236 1432 Zebelli
253 1383 281 1431 et
289 1375 442 1432 Secundini
451 1387 554 1445 socius,
566 1378 612 1458 qui
624 1394 688 1434 ieie
700 1379 785 1435 istrie
795 1381 937 1436 tribuendi

133 1454 209 1503 suut,
228 1447 366 1504 ·Auolini
379 1451 519 1520 martyris,
531 1465 578 1522 qiu
593 1467 655 1506 cuni
668 1459 738 1507 esset
748 1460 839 1507 custos
849 1468 937 1508 carce·

133 1517 216 1588 ris,a
239 1526 334 1577 sancto
351 1519 462 1577 Urbano
485 1536 548 1578 cum
562 1521 685 1578 tribunis
709 1538 868 1591 conversus,
887 1539 937 1596 pro

997 378 1026 435 in
1040 378 1112 436 diem
1128 390 1297 465 sequentem.
1321 382 1464 443 «Ciuitate
1487 385 1621 455 Bononia,
1644 387 1793 444 translatio

996 452 1082 508 sancti
1097 454 1235 511 Uoniinici
1251 455 1427 525 confessoris,
1442 457 1475 513 de
1490 458 1571 530 cujus
1590 475 1714 530 corpore,
1729 474 1793 516 cuin
1879 520 1885 527 ,

997 523 1143 593 levaretur,
1160 527 1229 582 mira
1248 527 1341 584 odoris
1364 530 1485 586 suavitas
1504 529 1653 586 emanavit.
1679 530 1793 588 Colonia

995 597 1156 668 Agrippina,
1175 599 1202 652 in
1218 600 1332 655 ecclesia
1346 601 1379 657 ad
1395 602 1494 672 gradus
1519 602 1620 668 llariae,
1648 603 1793 660 translatio

995 669 1176 738 quaiuindum
1193 670 1372 744 reliquiarum
1386 676 1475 730 sancti
1488 675 1614 730 Annonis
1628 672 1749 746 episcopi
1764 681 1792 731 et

995 738 1169 797 confessoris.
1189 769 1197 789 ·

1030 811 1149 867 Mosen:
1168 816 1245 871 «ltem
1255 816 1394 885 Bononiae,
1407 817 1632 875 translatiobeati
1642 816 1790 889 Dominicl,

994 889 1058 938 etc·
1074 885 1222 941 eerlino.
1236 889 1321 944 Tum:
1341 888 1514 945 ‹Translaio
1525 891 1610 944 sancti
1624 890 1789 947 humbertis

993 953 1162 1032 Diesnetalis
1173 960 1600 1042 estnvinb'epteinbrissequitur
1613 962 1687 1032 typis
1697 961 1792 1017 mino-

994 1024 1087 1081 ribus:
1112 1029 1235 1086 «Eodem
1252 1032 1296 1087 die
1313 1032 1478 1088 monasterio
1491 1032 1636 1096 lirinensi,
1651 1033 1789 1089 Vincentii

995 1098 1160 1170 presbyteri,
1177 1103 1222 1173 oui
1239 1104 1339 1158 lilirum
1354 1121 1540 1160 vereauieum
1551 1105 1725 1177 conscripsit,
1742 1121 1791 1177 pro

993 1168 1137 1226 catholice
1152 1171 1215 1228 ndei
1232 1176 1395 1248 antiquitate
1405 1184 1431 1231 et
1447 1184 1570 1244 veritate,
1586 1177 1717 1233 adversus
1729 1193 1790 1258 pro·

993 1237 1069 1322 lanas
1082 1244 1206 1323 omnium
1224 1245 1360 1304 hereseon
1370 1250 1535 1304 novitates·
1553 1250 1582 1304 ln
1593 1247 1791 1322 posterioribus

992 1310 1161 1370 editionibus
1186 1319 1278 1374 nescio
1302 1336 1352 1376 ciii
1372 1320 1516 1375 omittatur
1530 1319 1589 1377 haec
1603 1320 1789 1387 annuntiatio,

992 1384 1141 1513 ἰῗΙὲιιιἨὲε
1155 1396 1251 1470 agatur
1265 1390 1299 1447 de
1311 1391 1539 1449 translationibus
1552 1392 1640 1451 sancti
1651 1389 1789 1448 lamberti

1057 1499 1063 1511 .
1123 1475 1232 1516 rumici.

858 1657 1068 1671 ---—,.-...-.

136 1718 199 1776 till
213 1716 281 1772 aar.

1675 1724 1726 1783 Die
1742 1725 1787 1785 ab.

167 1811 263 1869 lloinae
278 1808 324 1864 iia
336 1807 525 1877 Nomentana,
542 1808 642 1865 natalis
660 1808 731 1866 beati
746 1809 850 1867 Urbani
864 1826 939 1884 pape
954 1819 981 1868 et
996 1810 1137 1884 martyris,
1153 1810 1234 1884 cujus
1250 1811 1386 1882 doctrina,
1402 1813 1452 1871 suli
1467 1815 1655 1887 persecutione
1671 1817 1789 1876 Alexan·

133 1898 186 1967 dri,
203 1899 287 1955 multi
305 1899 441 1972 martyrio
457 1899 581 1956 coronati
596 1907 670 1956 sunt.
687 1900 847 1969 Mediolani,
864 1900 952 1957 sancti
965 1900 1085 1958 Dionisii
1095 1903 1215 1977 episcopi
1226 1913 1254 1962 et
1266 1906 1496 1980 confessorisqui
1507 1905 1579 1980 apud
1590 1907 1789 1981 Cappadociam

131 2007 181 2065 pro
194 1989 251 2046 fide
266 1989 409 2049 Catholica
424 1990 571 2047 damnatus
585 1990 681 2062 eiilio,
698 1990 801 2048 ibidem
816 1991 906 2065 primo
922 1991 1036 2065 quievit,
1053 2000 1146 2065 postea
1160 2010 1226 2050 vero
1239 1995 1371 2070 reliquias
1387 1995 1586 2069 corporisejus,
1601 2014 1649 2070 per
1661 2006 1789 2057 sanctum

130 2082 267 2140 liasilium
281 2082 402 2157 prelata
417 2081 497 2139 urbis
507 2083 666 2157 episcopum
684 2090 815 2156 receptas.
831 2083 926 2140 beatus
939 2083 1103 2139 Ambrosius
1116 2084 1254 2157 condigno
1269 2085 1373 2143 honore
1386 2087 1520 2145 condidit.
1535 2087 1616 2161 Apud
1627 2086 1738 2144 blesiam
1751 2087 1790 2145 ci·

131 2172 217 2229 ritate
229 2173 393 2242 Dorostoro,
409 2181 568 2230 sanctorum
585 2180 739 2246 martymm
750 2171 924 2241 passecratis,
940 2171 1125 2245 valentionis,
1141 2175 1299 2236 stallorum
1312 2177 1432 2237 duorum
1446 2177 1788 2238 simulcoronatorum.1n

132 2263 274 2321 territorio
293 2262 464 2333 Trecaasioo,
480 2264 567 2322 sancti
582 2264 682 2322 Leonis
698 2262 873 2322 confessoris.

902 2376 1020 2437 NOTAE.

166 2476 287 2537 Codices
300 2483 417 2553 quatuor
431 2478 495 2552 puri
510 2487 584 2547 suut,
602 2478 726 2547 Proteo,
742 2476 891 2545 alarinen,
910 2476 1020 2534 Ureoee
1036 2483 1063 2534 et
1077 2477 1180 2536 Metuo.

740 2618 944 2680 velitaribus
963 2617 1169 2679 LECTlONES.

164 2723 337 2781 Numeriano
359 2720 485 2779 scribunt
505 2737 611 2792 omnes,
636 2729 664 2779 et
686 2739 737 2780 noa
758 2721 929 2795 scripsimus,
945 2721 969 2783 B
987 2722 1079 2796 posuit
1093 2723 1182 2779 codex
1196 2723 1353 2791 Piatensis;
1379 2724 1502 2806 ignoscat
1522 2726 1618 2793 lector,
1635 2725 1658 2782 si
1673 2726 1784 2785 codices

128 2795 193 2853 licet
211 2811 269 2851 non
286 2794 444 2868 ignoremus
459 2794 617 2866 legendum,
634 2795 807 2852 Nomentano.
828 2798 933 2852 Rursus
987 2810 1082 2852 omnes
1099 2797 1167 2851 alios
1181 2812 1290 2869 sequor,
1307 2796 1335 2851 iii
1351 2796 1450 2879 quibus
1466 2796 1545 2863 male,
1562 2797 1608 2852 sed
1624 2805 1715 2854 tamen
1735 2815 1781 2856 ex·

128 2867 301 2924 conveniunt
323 2882 418 2923 omnes
440 2866 469 2921 in
483 2867 560 2938 cujus
574 2867 706 2934 doctrino,
722 2867 797 2924 solus
811 2868 931 2925 Creten.
1009 2867 1158 2924 iessissime
1172 2866 1288 2923 hibetur
1301 2869 1420 2926 uisum.
1436 2868 1482 2924 Sic
1506 2868 1664 2939 Pesicrotis,
1679 2876 1710 2924 ut
1731 2870 1785 2927 lert

129 2954 223 2997 rocem
244 2938 280 2995 de
301 2955 351 2996 suo
372 2938 501 3007 inseruit,
526 2936 605 3011 cujus
628 2940 817 3012 predicatione
836 2948 863 2996 et
878 2940 935 2997 du·
988 2884 1084 2996 Craeca
1097 2939 1274 3009 signiticatio,
1299 2941 1497 3012 praeterendum
1517 2947 1655 3012 putamus.
1673 2940 1720 2997 sed
1735 2951 1785 2997 ea-

128 3011 223 3068 strina.
237 3011 349 3084 Reliqui
361 3010 428 3065 item
440 3010 568 3079 Dimissi,
578 3028 641 3067 cum
656 3011 811 3080 codicibus,
820 3012 934 3068 tametsi
989 3013 1051 3069 dein
1065 3011 1140 3068 ducti
1151 3012 1313 3069 anctoritate
1325 3011 1440 3085 legimus
1450 3012 1725 3075 Possecrotislluum,
1735 3028 1785 3084 pro

128 3083 203 3151 alibi,
217 3081 246 3139 ni
259 3082 352 3149 fallor,
366 3082 545 3138 correxerim.
563 3083 699 3154 Condipuo
714 3085 811 3139 bonore
826 3082 896 3142 bene
908 3092 936 3142 et
989 3085 1113 3149 ducrere,
1127 3084 1218 3155 posuit
1232 3083 1386 3150 Pratensis;
1401 3091 1508 3155 prestat
1521 3084 1566 3141 hic
1580 3091 1652 3140 certe
1668 3084 1786 3139 aliorum

128 3162 197 3211 recte
212 3153 387 3227 scripserunt
410 3154 596 3220 lereomnes;
622 3155 763 3211 llerinien.
785 3165 878 3212 tamen
908 3165 935 3213 et
990 3155 1785 3229 orthographiacopudociem,Vuieocionisetsiquesuut

128 3225 243 3283 Creten.
261 3226 365 3282 habent
378 3242 438 3280 cam
454 3225 539 3297 dicto
554 3225 669 3283 honore.
685 3227 813 3285 uicesimo
831 3228 936 3301 optime
990 3227 1162 3302 hujusmodi,
1173 3225 1222 3282 iiiii
1239 3226 1360 3284 indicare
1370 3241 1459 3299 opere
1476 3225 1595 3300 pretium
1609 3233 1660 3285 cst.

810 3371 1112 3433 obsunvatlouus

163 3470 269 3530 Urbani
292 3469 454 3527 memoriam
476 3467 517 3525 sie
541 3467 627 3523 ferme
642 3468 768 3524 recolunt
788 3469 934 3543 llierony-
990 3471 1106 3527 demin
1132 3464 1349 3525 sacramentario
1380 3463 1506 3534 Gregorii
1527 3463 1668 3522 Urbanum
1706 3481 1786 3537 apem

127 3542 212 3599 miani
228 3558 336 3599 omues.
363 3542 410 3598 Vio
422 3541 585 3596 Nomentano
601 3539 731 3595 milticrio
745 3558 808 3608 viii,
831 3543 933 3598 notetis
990 3543 1017 3597 in
1035 3542 1160 3597 oratione
1175 3545 1320 3609 martyrem
1333 3536 1503 3609 compellari.
1529 3535 1591 3594 Scio
1605 3544 1632 3595 et
1692 3536 1785 3595 andal·

129 3615 231 3672 Urbani
255 3613 370 3685 episcopi
382 3630 391 3676 ,·
405 3620 432 3668 et
447 3612 475 3667 iii
489 3610 588 3667 iisdem
605 3610 763 3668 immediate
786 3629 815 3668 se
825 3614 929 3684 ruitur:
987 3613 1098 3672 bertum
1114 3614 1281 3668 itacensis:

126 3687 158 3743 lo
173 3686 305 3741 cimioerm
319 3684 485 3751 Pretertcti,
501 3683 644 3739 Dorostori
655 3702 665 3739 :¹
678 3699 739 3755 que
754 3700 816 3739 cum
834 3685 873 3740 ita
887 3702 930 3741 or·
1048 3693 1143 3744 Octava
1162 3692 1280 3742 Urbano·
1296 3693 1446 3742 moritorum
1465 3696 1601 3740 stemmate
1616 3689 1705 3751 toluci,

128 3756 227 3814 distata
241 3756 311 3812 nibil
325 3754 492 3828 significent,
508 3755 619 3811 videtur
633 3756 821 3812 coeirieterium
843 3757 928 3823 istud,
1048 3757 1130 3805 lnl'ttla
1146 3769 1222 3818 quum
1238 3755 1352 3803 ‹lo.:trioa
1367 3755 1443 3803 siniit
1462 3757 1620 3818 sinaiiisqiie
1634 3754 1730 3804 beavit.

128 3844 196 3885 cum
225 3826 326 3884 Urbani
347 3825 559 3883 annuntiatione
579 3824 711 3899 conjungi
734 3827 850 3894 deheim
868 3845 928 3901 quui
1019 3827 1081 3884 Scio
1096 3827 1216 3900 denique
1232 3826 1302 3883 Acta
1317 3827 1386 3908 ipsa,
1404 3843 1494 3898 quea
1515 3824 1646 3882 Romanis
1669 3825 1785 3883 notariis

126 3908 203 3956 esset
215 3898 492 3967 disparatissiinoruiii
506 3898 685 3962 combinatio,
699 3914 795 3969 nempe
810 3901 858 3954 oiie
873 3901 928 3972 Ap·
947 3954 950 3962 ,
988 3901 1145 3971 conscripta
1162 3916 1219 3954 esso
1241 3906 1349 3955 censuit
1370 3897 1568 3963 lleiiscbeiiius,
1586 3895 1687 3953 Urbani
1708 3912 1784 3968 papis

122 3972 188 4044 pire,
204 3970 334 4043 adquam
350 3979 451 4028 certum
468 3978 510 4026 est
523 3978 646 4041 spectare
662 3970 818 4026 Praetextati
831 3989 927 4026 cerue-
986 3973 1150 4044 martyrium
1168 3971 1226 4026 luse
1250 3969 1382 4028 describe.
1409 3971 1444 4025 dt
1466 3985 1520 4024 non
1536 3984 1611 4049 aque
1628 3967 1701 4023 clare
1717 3984 1783 4039 per-

125 4044 234 4110 terr'iioi,
251 4043 372 4099 carnaiis
386 4043 561 4109 Nomentana,
578 4040 658 4112 louge
680 4041 744 4097 inde
761 4042 865 4098 dissita.
893 4044 924 4099 lii
944 4011 965 4072 C
983 4059 996 4097 s
1020 4044 1083 4108 icio,
1100 4059 1154 4115 qua
1169 4045 1274 4098 rabone
1290 4052 1397 4098 vetusta
1412 4041 1471 4097 illia
1485 4040 1577 4096 dlliitii
1594 4046 1621 4095 et
1636 4038 1783 4096 Frontonis

124 4113 166 4172 bis
180 4112 359 4186 explicandis
372 4114 489 4170 criticen
503 4129 581 4169 suain
596 4119 706 4168 exercet
723 4114 922 4170 l'lorentinius.
982 4061 1158 4181 lddleodaria,
1176 4114 1212 4170 Ue
1224 4120 1246 4169 la
1260 4124 1287 4171 et
1305 4115 1441 4180 liehanos,
1460 4119 1592 4182 martyres
1607 4126 1622 4166 a
1645 4109 1781 4193 conlasso·

124 4186 197 4244 Beda
210 4193 240 4242 et
254 4202 290 4241 eii
301 4201 335 4241 eo
350 4186 488 4252 Rabanus,
504 4184 659 4257 simplicius
683 4184 796 4256 legunt:
825 4187 923 4254 lione,
984 4186 1060 4242 ribus
1075 4186 1176 4242 diserte
1198 4186 1298 4257 uliioui·
1314 4193 1341 4240 et
1358 4199 1485 4256 expresse
1500 4183 1670 4248 disturbare
1694 4182 1782 4248 soliti,

124 4260 213 4315 caute
240 4258 343 4316 Urtoiii
365 4274 443 4329 pupis
463 4263 487 4311 et
511 4254 679 4326 confessoris,
704 4257 780 4326 cajus
803 4257 925 4312 doctrino
979 4273 1043 4313 cum
1060 4256 1166 4313 caeteris
1187 4256 1378 4329 llirtyrologis
1397 4252 1780 4321 etcitatisilctisconeiliari,

127 4331 204 4385 iiiaiti
218 4329 349 4399 martyrio
363 4328 483 4384 seroneti
497 4337 567 4384 suat,
586 4326 635 4383 Ubi
651 4334 726 4382 certo
740 4326 875 4385 alluditur
890 4328 925 4384 ad
980 4345 1044 4383 vere
1058 4338 1084 4384 et
1103 4327 1191 4385 solide
1214 4329 1329 4396 iussim.
1356 4327 1436 4382 Viam
1460 4325 1567 4398 aperuit
1587 4324 1782 4380 Tillemontius

129 4399 266 4457 Caeciliam
280 4403 426 4472 sociosque
443 4407 576 4471 martyres
591 4398 625 4453 ab
639 4398 748 4454 Urbano
764 4415 797 4470 pa
817 4399 924 4455 aiiisti·
981 4401 1184 4470 tomolll.pag
1214 4399 1276 4465 iao,
1294 4398 1339 4454 iibi
1359 4399 1495 4457 Urbanum
1509 4397 1658 4476 episcopum
1672 4402 1696 4449 et
1712 4411 1781 4476 mur:

128 4479 212 4527 tutos.
227 4472 315 4528 Aliter
330 4470 457 4544 loquitur
471 4472 623 4528 lloiiraiium
642 4485 773 4541 parium:
791 4416 924 4526 diremim-
980 4477 1062 4540 tyrcio
1074 4472 1108 4526 ali
1123 4471 1194 4526 Urbe
1204 4488 1228 4523 iu
1239 4470 1361 4540 pontifice
1371 4476 1394 4523 et
1408 4467 1555 4548 consessore
1570 4467 1710 4546 diuersum
1725 4464 1782 4520 dici

127 4544 192 4598 terio
207 4543 374 4610 l’imteatoti,
390 4542 475 4597 suncti
498 4541 624 4600 Ueiente
644 4541 725 4611 iseopi
741 4548 765 4596 et
785 4543 923 4612 marturii.
980 4558 1059 4614 posse
1073 4540 1234 4598 existimat:
1251 4547 1331 4611 atquc
1343 4555 1397 4594 uno
1411 4540 1473 4594 lites
1486 4552 1625 4605 componi,
1637 4551 1708 4592 circa
1721 4551 1781 4591 cor·

127 4613 214 4671 lleca
227 4615 303 4671 lida
317 4629 371 4670 non
386 4614 477 4669 solum
491 4615 576 4685 stylo,
586 4628 614 4669 se
645 4615 702 4684 ipsa
712 4629 740 4667 re
751 4628 925 4684 summopere
980 4629 1031 4685 pus
1046 4614 1138 4669 Rome
1152 4617 1180 4667 et
1195 4609 1262 4666 alibi
1282 4617 1471 4672 asservatum
1488 4624 1543 4681 qiiu
1557 4606 1680 4688 apposite
1694 4605 1782 4664 redu-

126 4685 268 4742 differunt.
284 4685 359 4743 Audi
372 4684 454 4741 modi
469 4684 653 4741 liberaliorem
670 4684 775 4740 Adonis
786 4685 923 4756 phrasim:
980 4679 1659 4755 cendaerunt,quierectedisseruitllensclienius
1690 4678 1782 4751 apto,

127 4758 214 4815 nom
237 4758 285 4813 eie
307 4758 486 4823 Nemesiano,
500 4757 528 4812 iu
542 4755 685 4810 cerueterio
701 4757 867 4824 Peucesten,
879 4774 925 4812 na·
980 4753 1378 4827 niim.18.0uodqueinhoc
1401 4759 1550 4825 systemate
1565 4750 1600 4807 ad
1618 4695 1782 4824 expficanda

129 4830 187 4884 tatis
199 4829 288 4886 sensti
314 4829 415 4887 Urbani
433 4828 584 4899 episeopiet
603 4829 742 4899 inciteris.
770 4827 854 4895 Cuius
872 4829 925 4883 dc·
980 4827 1175 4901 Martyrologia
1191 4825 1356 4883 conduceret
1377 4824 1515 4881 maxime:
1544 4831 1634 4894 posset
1661 4824 1782 4882 Urbanus

130 4901 222 4968 doce,
240 4917 293 4957 suu
304 4916 507 4957 reassumimus
517 4902 695 4964 Acaunum,
706 4900 784 4955 multi
796 4899 925 4972 martyrio
980 4900 1114 4972 episcopus
1134 4906 1158 4955 et
1174 4905 1278 4970 mortui·
1293 4898 1417 4972 sepultus
1441 4896 1526 4954 luisse
1547 4896 1591 4951 uio
1606 4895 1780 4975 Nomentana,

130 4971 432 5029 montismilitis
457 4971 513 5038 hic,
529 4971 637 5044 opinor,
655 4972 725 5026 mele
739 4972 852 5029 collecti
868 4981 926 5028 esse
980 4972 1110 5026 milliario
1134 4988 1184 5026 viii
1211 4970 1244 5026 ab
1268 4969 1349 5035 Urbe,
1373 4969 1450 5043 isque
1473 4968 1590 5027 subinde
1609 4966 1638 5023 in
1664 4965 1782 5045 (lolliam

130 5050 156 5098 et
166 5045 347 5115 moecaberis
361 5043 512 5099 Alexandri
525 5050 615 5108 aucta,
625 5058 685 5115 que
695 5041 779 5099 lerine
790 5043 819 5099 iii
832 5042 925 5098 Uiero·
980 5044 1132 5099 translatus
1148 5058 1206 5098 esse
1221 5060 1226 5097 :
1242 5044 1312 5098 altri
1332 5058 1398 5098 vero
1420 5057 1490 5112 popu
1507 5040 1535 5093 iii
1548 5043 1690 5116 cernemus
1709 5035 1783 5118 Prie·

130 5116 279 5187 uymianis,
291 5115 366 5172 Beda
378 5123 406 5171 et
422 5116 543 5172 Romano
555 5130 639 5186 parvo
655 5122 800 5186 repererat,
816 5121 925 5171 servato
981 5115 1080 5170 teauiui
1096 5115 1140 5170 oio
1155 5115 1255 5184 Appio,
1271 5113 1350 5181 enjus
1366 5129 1466 5185 corpus
1482 5109 1519 5166 ibi
1531 5114 1703 5190 remanserit,
1720 5124 1783 5179 pri-

129 5188 256 5260 aiortyris
269 5187 364 5254 titulo,
374 5202 457 5259 quem
472 5186 577 5254 Noster,
592 5192 732 5258 expuncto
748 5194 838 5242 tamen
855 5194 927 5243 recte
982 5202 1081 5241 niuina
1092 5185 1222 5243 Paschali
1236 5187 1247 5242 l
1263 5185 1292 5240 in
1307 5184 1407 5242 Urbem
1432 5182 1607 5246 translatum,
1625 5187 1783 5236 inventum·

129 5260 297 5325 conisterio,
309 5275 345 5315 eii
374 5257 469 5314 relato
480 5257 585 5326 Adone,
596 5273 659 5313 cum
671 5256 776 5329 reliquo
786 5274 836 5313 suo
847 5264 927 5314 textu
981 5273 1033 5330 que
1053 5250 1171 5313 subinde
1190 5274 1262 5313 ¹inno
1282 5273 1399 5313 uouoiii.
1416 5252 1581 5324 Coniectura
1597 5259 1649 5321 est,
1665 5268 1725 5327 qua
1749 5251 1783 5310 de

130 5338 271 5387 mutuatus
285 5338 336 5388 est.
348 5274 413 5386 dac
425 5336 490 5386 sunt
503 5330 749 5401 llartyrologoruiu
766 5337 924 5385 nostrorum
981 5341 1079 5386 cetero
1088 5329 1159 5386 nibil
1169 5329 1270 5387 officiet
1279 5325 1499 5410 titolooioitpris
1511 5324 1621 5406 Urbano
1636 5341 1711 5407 papae
1723 5341 1782 5408 pas·

128 5403 237 5530 fficita,
253 5419 320 5460 cum
334 5400 438 5474 quibus
453 5400 619 5458 conferenda
632 5409 659 5455 et
673 5400 864 5471 cumponenda
878 5401 924 5458 at·
940 5377 963 5436 D
981 5401 1032 5457 siin
1046 5410 1159 5469 asserto,
1178 5409 1207 5458 ot
1223 5409 1285 5474 pote
1301 5416 1347 5472 qui
1364 5398 1443 5478 illuni
1459 5413 1544 5478 uariis
1562 5397 1783 5480 confessionibus

165 5475 222 5532 iani
237 5482 267 5531 et
291 5473 473 5530 l'routoniani
495 5472 652 5529 Kalendarii
677 5474 779 5527 verba:
803 5471 844 5527 die
870 5488 927 5528 xxv
983 5473 1212 5546 promeruissit,
1230 5488 1305 5544 aeque
1316 5487 1347 5527 ac
1362 5470 1476 5542 pluriiiii
1490 5469 1550 5538 alii,
1566 5476 1597 5526 ut
1607 5477 1783 5526 notissimum

139 5546 216 5615 llaiit
234 5546 336 5617 (Allat.
353 5562 404 5601 viii
419 5544 477 5600 Kal
496 5544 594 5610 iunii).
609 5543 723 5600 nemis.
746 5544 847 5601 Urboiii
861 5562 928 5599 con-
982 5545 1144 5618 estllajoris
1172 5544 1303 5600 inoiiienti
1331 5540 1447 5614 questio
1462 5549 1582 5614 agitatur
1604 5542 1677 5599 circa
1697 5541 1784 5598 dcto·

138 5619 235 5675 morte
253 5625 335 5688 atqie
356 5615 500 5688 pontificis,
526 5617 570 5670 oio
589 5616 686 5686 Appio.
711 5616 775 5673 Sci·
797 5615 927 5689 equidem
983 5634 1042 5673 rimi
1059 5618 1179 5689 ipsorum
1196 5615 1286 5670 siiicei·
1298 5621 1382 5670 tatem
1398 5613 1432 5670 ab
1444 5614 1617 5672 lleuscbenio
1631 5613 1782 5681 defensam,

128 5690 286 5761 mutatoria
300 5697 329 5747 et
344 5687 474 5760 memoris
489 5687 685 5760 appellationes
698 5687 732 5745 ad
750 5704 847 5745 saiiuin
860 5704 929 5745 sen-
982 5707 998 5746 a
1017 5691 1130 5764 prelato
1143 5687 1323 5746 Tilleinoutio
1338 5687 1438 5747 acriter
1453 5695 1650 5762 oppueuataiu,
1666 5685 1701 5742 iis
1711 5685 1785 5742 iuter

128 5778 187 5822 mm
211 5779 278 5824 cum
295 5759 473 5823 Uenaclieuio
486 5759 589 5836 optime
603 5759 697 5819 reduci
711 5776 800 5836 posse,
817 5761 929 5837 etqui-
983 5753 1786 5838 ceteraargumeutis,qiiibussubiniperatoieitleaabdro,
