3834 6136
130 171 169 231 89
671 172 987 232 MARTYROLOGIUM.
1008 206 1043 218 -
1062 176 1167 233 MENS.
1189 176 1264 233 MAl.
1761 183 1797 241 90

171 299 273 356 Baium.
292 297 365 354 Ante
385 297 491 364 honis,
515 297 648 370 interjicit
669 317 674 354 :
703 299 808 381 «Apud
823 300 941 356 Floren-
955 306 980 365 Α
994 300 1141 357 burnensis
1153 302 1182 357 in
1202 301 1500 373 Anglia,conlessoris.
1520 304 1600 360 Mutii
1613 305 1731 375 abbatis,
1748 309 1796 381 qui

130 373 200 428 tiam
217 370 362 427 civitatem
378 369 495 438 Tuscia,
520 372 609 426 natale
637 371 803 428 sanctissimi
825 372 938 428 Cenobii

129 441 274 515 (Zeaohii)
294 441 416 512 ejusdem
442 442 563 497 civitatis
577 443 707 514 episcopi.
725 470 734 491 ›
755 444 818 498 Post
834 445 938 510 laonia,

129 515 211 572 addit
228 513 351 569 :Eodem
362 513 417 581 die,
432 515 521 570 sancti
536 515 671 570 Bonilacii
688 516 775 586 Papae.
790 515 870 584 Apud
887 517 938 570 As-

130 587 243 651 sisium,
260 585 406 640 translatio
421 586 508 641 sancti
529 587 616 641 Patris
638 587 786 642 Francisci.
803 588 839 640 Et
851 587 936 642 alibi:

138 684 148 706 ·
164 659 232 713 ltem
244 656 389 711 translatio
400 657 566 712 sanctissimi
580 658 742 729 Stephani»
756 666 818 716 cto..
832 666 861 712 ut
873 660 938 714 l'co·

130 746 245 786 nassis.
264 729 295 783 ln
319 728 464 798 posteriori
489 729 609 784 editione
631 731 707 800 paria
726 731 828 797 oriroia,
844 731 889 784 sed
905 730 938 786 de

129 803 291 860 Francisco‚
309 799 362 854 hoc
378 800 481 854 modo:
506 801 608 872 «Apud
629 801 775 868 Ass'siurn,
795 803 938 857 translatio

131 873 222 929 sancti
247 870 336 927 Patris
361 871 511 939 Francisci,
540 873 706 927 institutoris
721 873 836 928 fratrum
853 873 937 928 Mino-

130 962 208 1010 rum,
226 943 305 1014 cujus
318 943 476 998 venerabile
491 961 599 1014 corpus,
622 944 747 999 crucifixi
764 945 938 1013 stigmatibus

131 1018 210 1071 velut
236 1015 446 1085 pretiosissimis
466 1016 620 1086 margaritis
639 1025 776 1081 ornatum,
799 1032 870 1069 arum
887 1018 937 1070 lto-

128 1087 199 1142 miui
215 1103 332 1141 dccxxx
346 1084 477 1141 iratribus
489 1087 523 1141 ad
542 1087 830 1167 generalellapitnlum
841 1087 937 1142 Assisii

129 1158 316 1229 congregatis,
332 1159 366 1211 ab
387 1159 502 1213 ecclesia
518 1159 602 1213 sancti
620 1158 739 1224 Georgii,
756 1159 784 1212 in
808 1174 860 1228 qua
878 1159 938 1226 pri-

129 1247 205 1286 mum
225 1235 318 1284 locum
331 1229 433 1301 quietis
457 1238 607 1299 acceperat,
619 1229 653 1283 ad
666 1230 805 1284 basilicam
818 1229 842 1283 in
853 1229 937 1298 ipsius

129 1301 264 1357 honorem
281 1309 480 1367 constructam,
496 1309 594 1355 oretavo
608 1301 743 1356 Kalendas
759 1300 833 1356 Juuii
850 1309 937 1356 traus-

129 1374 228 1438 latum‚
245 1372 386 1442 condigno
395 1372 496 1428 ibidem
508 1372 611 1427 honore
625 1373 772 1428 situatur.»
788 1372 846 1426 lam
859 1372 938 1426 disi-

130 1461 192 1500 mus
207 1445 316 1499 remitti
332 1443 365 1499 ad
381 1462 409 1498 iv
425 1444 560 1499 Octobris.

163 1516 296 1570 Gnarus.
307 1514 421 1570 ·Eodem
434 1515 701 1582 die,iol,secuudom
713 1515 791 1581 alios,
801 1516 936 1587 sequenti,

131 1587 240 1654 Rodiae,
259 1587 345 1641 sancti
375 1586 528 1640 Eleutherii
544 1588 631 1656 Papae.
649 1586 699 1642 llic
716 1587 819 1640 litteras
834 1588 937 1651 accepit

993 372 1083 445 primo
1100 373 1225 445 princeps
1239 374 1376 429 latronum
1390 373 1444 429 luit
1458 391 1463 427 ε
1480 374 1580 430 deiude
1592 393 1752 447 conversus,
1766 381 1795 436 in

993 445 1136 500 sanctitate
1156 446 1286 506 inaximo,
1306 445 1458 501 solitariam
1484 446 1569 500 vitam
1585 447 1666 504 duxit
1693 450 1794 507 Panem

994 516 1102 571 caelitus
1114 517 1251 585 misssum,
1265 517 1410 573 Dominico
1421 516 1464 572 dic
1475 519 1695 587 gustans,cihum
1709 522 1795 578 alium

994 604 1049 642 nou
1067 589 1231 660 requirebat.
1255 591 1321 643 ltem
1349 588 1426 643 Mutii
1449 589 1572 655 alterius,
1589 590 1636 661 qui
1656 608 1718 646 curn
1736 592 1795 648 lilio

994 675 1128 714 annorum
1144 669 1217 726 octo,
1235 660 1431 714 mouasterium
1461 662 1606 730 ingressus,
1634 661 1667 716 ad
1689 663 1794 719 abbatis

994 731 1139 801 imperium
1155 733 1281 786 euuidom
1295 732 1381 787 lilium
1394 733 1420 785 iu
1432 732 1532 787 [lumen
1549 732 1673 803 projecit,
1692 735 1793 790 revela·

977 810 1107 872 ‘tumque
1122 803 1175 857 luit
1191 803 1293 866 abbati,
1319 804 1447 858 incritum
1474 803 1590 858 Abrahae
1621 803 1794 873 Patriarcha,

993 874 1109 928 Matium
1126 875 1153 929 iu
1166 874 1217 929 hoc
1230 874 1301 929 iacto
1318 875 1370 929 sibi
1386 875 1544 947 acquisisse.
1561 900 1569 920 ·
1594 876 1708 931 Videde
1722 885 1796 932 utro·

993 961 1045 1016 que
1060 946 1146 1000 Matio
1162 947 1369 1001 Praetermissos.
1388 947 1483 1017 ·Apnd
1496 947 1641 1013 Assisium,
1651 949 1794 1003 translatio

993 1019 1079 1071 sanasti
1097 1019 1116 1071 F
1121 1020 1233 1072 rancisci
1257 1019 1429 1073 contessoris.
1448 1019 1601 1072 Translatio
1616 1020 1701 1074 sancti
1719 1021 1793 1075 Goa-

993 1088 1030 1141 ris
1048 1090 1197 1160 presbytori
1221 1097 1247 1143 et
1264 1092 1438 1144 corilessoris.
1465 1091 1617 1144 Translatio
1635 1098 1793 1146 serratarum

993 1159 1084 1239 Mariae
1097 1161 1189 1216 lacobi
1206 1169 1231 1215 et
1247 1162 1364 1228 Salome,
1380 1179 1506 1216 sororum
1523 1170 1623 1217 sauctae
1647 1164 1696 1217 liei
1712 1163 1793 1217 Geni·

992 1241 1081 1289 tricis.
1096 1256 1104 1277 ·

1028 1304 1136 1358 Momu.
1162 1327 1170 1349 ι
1188 1304 1266 1374 Apud
1284 1305 1449 1360 Florentiam
1467 1307 1583 1373 Tuscia,
1600 1307 1699 1361 natalis
1717 1321 1793 1360 sanc·

992 1374 1091 1431 tissimi
1119 1376 1243 1439 Zenohii,
1261 1376 1381 1447 ejusdem
1398 1378 1519 1432 civitatis
1541 1379 1671 1458 episcopi.
1690 1377 1793 1432 Eodem
1813 1426 1817 1432 .

992 1447 1047 1511 die,
1064 1448 1151 1500 sancti
1170 1447 1301 1500 ltouiiacii
1319 1449 1406 1517 Papm.
1425 1450 1503 1513 Apud
1518 1451 1663 1514 Assisrom,
1681 1449 1793 1503 transla-

992 1519 1032 1573 tio
1047 1517 1133 1572 sancti
1151 1518 1235 1587 patris
1248 1519 1395 1583 Francisci‚
1413 1519 1591 1582 institutoris,
1603 1546 1611 1563 ·
1635 1528 1698 1580 etc..
1711 1536 1744 1574 es
1755 1520 1792 1574 al·

992 1597 1049 1643 tera
1078 1589 1173 1641 lisurru
1191 1589 1332 1642 'editione
1360 1591 1449 1643 «ltem
1468 1591 1611 1645 translatio
1626 1590 1793 1645 sanctissimi

133 1677 150 1714 a
170 1660 260 1714 Lucio
276 1658 432 1712 Britannico
453 1674 523 1726 rege,
540 1665 659 1728 petente,
675 1666 767 1737 utpcr
788 1656 846 1725 ejus
862 1675 935 1712 man·
951 1668 972 1726 Β
992 1658 1146 1729 Stephani,-
1162 1666 1259 1724 etc.‚ut
1275 1661 1598 1715 Futurasrrshlinoribus
1613 1669 1703 1716 auteur
1721 1662 1791 1714 litte·

132 1729 410 1785 datumChristianus
420 1729 506 1784 lieret.
519 1728 642 1799 Cumque
655 1736 769 1783 rexisset
785 1730 933 1784 Ecclesiam

132 1802 211 1855 annis
226 1818 277 1854 xxi
295 1801 435 1855 aiensibus
450 1818 488 1867 ιἰ,
502 1801 626 1871 martyrii
636 1800 932 1870 palmamadeptusest,

131 1874 255 1944 sepultus
284 1872 312 1926 in
342 1873 486 1927 Vaticano.
508 1874 574 1927 ltem
599 1879 753 1926 sauctorum
779 1872 891 1926 Maximi
908 1879 935 1927 et

132 1943 290 2000 l'eoerandi
308 1951 472 2014 martyrum.
489 1943 656 1999 Rarctwardi
671 1943 932 1999 etliictwardimar-

131 2022 233 2087 tyrum.
253 2041 262 2063 ι
286 2015 357 2070 Vide
366 2015 575 2080 Praetermissos
587 2015 615 2069 in
628 2014 755 2069 Worado.
780 2013 933 2071 «Caulonis

132 2087 251 2158 episcopi
279 2095 307 2142 et
328 2087 469 2156 martyris.
494 2086 580 2142 Niceti
598 2086 736 2157 martyris,
760 2085 807 2154 qui
827 2086 934 2141 Gothus

133 2166 219 2238 pute,
235 2175 301 2215 cum
315 2158 398 2212 iidem
414 2158 517 2215 Christi
540 2159 672 2227 abnegare
687 2157 783 2225 nollet,
806 2174 821 2211 a
835 2157 933 2212 Gothis

133 2246 157 2283 ιιι
178 2231 273 2301 ignem
301 2229 411 2298 missua,
436 2246 564 2285 coronam
581 2229 706 2300 martyrii
722 2228 836 2299 adeptus
850 2237 900 2283 est.
917 2255 926 2276 ι

133 2300 199 2357 tide
221 2302 436 2357 Praetermissos.
463 2327 471 2348 ι
488 2301 643 2367 Florentiae,
660 2299 731 2354 beati
742 2300 855 2354 Zenobii
870 2300 932 2371 epi-

134 2373 203 2443 scopi
232 2382 260 2428 et
290 2373 464 2429 confessoris.
494 2374 557 2440 Qui,
583 2380 613 2426 ut
636 2379 752 2427 testatur
777 2372 932 2426 Antoninus

134 2452 205 2515 parte
220 2445 238 2499 2
254 2444 399 2501 Chronica
414 2461 481 2511 suoe,
495 2444 639 2500 sanctitate
659 2444 723 2497 vira
738 2451 765 2498 et
781 2442 932 2497 miraculo-

134 2531 189 2570 rum
207 2515 298 2586 gloria
311 2516 543 2587 saluberrimaque
557 2515 692 2580 doctrina,
702 2514 819 2568 multum
832 2515 933 2570 Eccle-

990 1732 1050 1785 ris:
1074 1729 1206 1783 ‹Adelmi
1232 1729 1351 1807 episcopi
1378 1730 1605 1787 Schirburoerrsis
1629 1732 1657 1786 in
1682 1733 1791 1802 Augila,

988 1801 1183 1857 contessoris·
1206 1801 1348 1854 Editiones
1363 1802 1423 1856 alim
1438 1802 1477 1855 sio
1495 1804 1603 1856 habent:
1625 1803 1790 1857 ‹luBritan-

989 1875 1044 1940 nia,
1062 1872 1227 1926 monasterio
1244 1872 1436 1933 Moldobiensi‚
1453 1874 1538 1927 sancti
1552 1873 1791 1944 Adelmiepiscopi

988 1953 1015 2000 et
1029 1943 1235 1999 conlessoris.»
1270 1944 1400 2015 Sequitur
1426 1943 1460 1998 de
1481 1944 1612 2012 Zenobio,
1638 1945 1790 2010 ltouilacio,

988 2015 1127 2086 Stephano
1141 2022 1168 2069 et
1184 2015 1337 2082 Francisco,
1356 2022 1491 2085 utsupra.
1509 2015 1577 2070 Dein
1594 2032 1598 2068 :
1624 2042 1632 2061 ι
1648 2016 1697 2070 Die
1713 2015 1793 2085 vige-

987 2088 1056 2142 sirua
1071 2086 1177 2158 quinta,
1193 2087 1316 2140 inventio
1332 2087 1412 2140 tertia
1429 2087 1540 2156 pretiosi
1552 2086 1650 2156 capitis
1661 2087 1792 2140 Praecur-

987 2159 1067 2214 soris.
1097 2182 1104 2203 ·
1139 2158 1209 2213 Vide
1236 2158 1381 2213 elenchum
1398 2159 1658 2213 Praetermissorum.
1675 2159 1791 2212 Dernum

987 2231 1041 2284 ali«)
1055 2230 1211 2285 charactere
1229 2249 1233 2285 :
1254 2255 1262 2276 ι
1279 2230 1381 2284 Eodem
1398 2229 1452 2296 die,
1465 2229 1551 2284 suncti
1573 2228 1690 2296 Aurelii,
1707 2228 1792 2284 Redi-

987 2301 1072 2357 cianaa
1085 2301 1207 2356 civitatis
1221 2301 1352 2373 episcopi,
1370 2302 1415 2373 qui
1432 2318 1496 2357 cum
1512 2300 1647 2372 Dionysio
1662 2300 1792 2355 Mediola-

987 2373 1065 2427 nensi
1090 2373 1217 2498 episcopo
1237 2375 1359 2443 sepultus
1383 2381 1433 2439 est,
1459 2389 1490 2428 ac
1510 2373 1620 2427 tetidem
1635 2372 1662 2426 iu
1683 2373 1792 2426 llirsau·

987 2444 1078 2515 glensa
1102 2460 1180 2498 omno
1201 2445 1257 2499 ium
1281 2445 1439 2504 translatus.
1469 2444 1636 2513 aNottiogo
1660 2443 1789 2514 episcopo

987 2514 1046 2585 ejus
1066 2514 1245 2569 fundatore.»
1268 2517 1298 2569 ln
1314 2517 1391 2570 nullo
1415 2514 1469 2570 alio
1495 2515 1588 2570 codice
1605 2522 1788 2569 memoratum

135 2588 176 2641 sia
192 2588 245 2641 liei
259 2587 373 2657 proluit,
394 2588 531 2658 praecipue
548 2588 576 2642 in
593 2586 697 2641 Tusciae
711 2585 843 2656 partibus,
858 2593 932 2639 tem·
986 2587 1147 2656 reperimus.
1176 2587 1337 2642 Remittitur
1366 2585 1789 2642 inl‘ractermissisaddiemix

135 2674 199 2730 pore
218 2658 329 2713 Damasi
344 2674 425 2731 papae.
435 2658 548 2715 Adeliui
560 2658 699 2730 (Atdelrni)
712 2657 833 2730 episcopi
844 2657 934 2713 Scbir·
989 2656 1124 2714 Novemb.

856 2800 1065 2810 -——--——

137 2857 177 2914 tlt
192 2858 258 2913 aar.
1677 2850 1726 2905 Die
1739 2849 1784 2906 26.

163 2946 243 3020 Apud
259 2945 397 3012 Athenas,
413 2945 512 3002 natalis
528 2943 600 3000 beati
617 2943 751 3010 Quadrati
766 2943 897 3016 episcopi,
916 2944 1111 3014 Apostolorum
1126 2943 1268 3016 discipuli,
1287 2943 1333 3014 qui
1346 2940 1535 3013 persecutione
1550 2937 1676 3006 Adriani,
1690 2939 1793 2993 Eccle-

138 3037 193 3092 siam
210 3036 311 3108 grandi
340 3042 445 3090 terrore
460 3033 630 3105 dispersam,
659 3032 712 3088 lide
741 3041 768 3088 et
790 3032 926 3088 industria
940 3049 989 3088 sua
1003 3049 1179 3103 congregans,
1196 3036 1277 3088 etiam
1293 3032 1394 3086 librum
1411 3048 1460 3102 pro
1473 3029 1637 3086 Christianae
1653 3026 1790 3099 religionii

138 3126 287 3182 defensione
306 3124 405 3190 edidit,
422 3126 536 3197 plenum
569 3124 645 3192 fidei,
663 3132 689 3179 et
703 3122 861 3195 Apostolica
883 3121 1009 3177 doctrina
1032 3121 1158 3193 dignum.
1185 3123 1288 3189 Roma,
1315 3128 1470 3178 sanctorum
1488 3129 1641 3192 martyrum
1656 3115 1792 3173 Simmitri

139 3216 280 3289 presbyteri
296 3223 324 3271 et
342 3215 461 3270 aliorum
478 3214 525 3286 vig
538 3215 590 3269 inti
604 3214 735 3269 duorum.
752 3214 812 3285 lpso
828 3212 892 3267 item
908 3210 963 3278 die,
978 3210 1066 3267 sancti
1080 3210 1211 3276 Quadrati
1227 3209 1406 3281 martyriam
1422 3209 1501 3281 cujus
1515 3208 1688 3282 solemnitate
1702 3203 1792 3261 macti

139 3307 276 3379 Augustini
293 3322 437 3361 sermones
460 3304 555 3360 habiti
570 3304 765 3359 inveniuntur.
784 3302 875 3358 Tuder
888 3299 1002 3369 Tusciae,
1020 3302 1120 3357 natalis
1132 3311 1287 3357 sanctorum
1309 3299 1483 3363 Felicissimi,
1500 3296 1611 3362 Brachi,
1626 3293 1744 3348 Paulini.
1760 3294 1791 3348 ln

140 3398 271 3453 territorio
287 3393 528 3460 Autisiodorensi‚
546 3394 636 3464 passio
649 3394 736 3449 sancti
752 3393 836 3449 Prisci
852 3391 993 3464 martyris,
1003 3408 1065 3447 curn
1082 3391 1185 3462 ingenti
1203 3389 1392 3444 multitudine.
1408 3389 1439 3442 ln
1452 3383 1613 3447 Britanniis,
1633 3381 1720 3436 sancti
1736 3382 1789 3435 Au·

140 3494 231 3564 gustini
247 3491 377 3566 episcopi
393 3498 420 3547 et
435 3489 612 3558 confessoris,
629 3489 676 3561 qui
691 3489 792 3545 missus
807 3506 823 3545 a
836 3487 917 3543 heato
931 3497 1002 3558 papa
1016 3480 1159 3552 Gregorio,
1187 3479 1293 3551 primus
1319 3476 1392 3547 genti
1416 3475 1567 3546 Auglorum
1583 3469 1684 3528 Christi
1702 3471 1789 3523 livan-

137 3587 225 3656 prium
243 3581 422 3658 praedicavit.

898 3692 1016 3750 NOTAE.

162 3799 288 3856 Sumitur
308 3805 399 3855 textus
417 3814 452 3854 ex
474 3797 595 3863 Proteo„
615 3795 763 3861 doninica,
781 3794 929 3859 Merserat,
948 3794 970 3854 G
986 3791 1080 3848 dicum
1095 3805 1210 3846 numero
1226 3786 1363 3858 accenseri
1379 3791 1528 3841 merentur.

136 3870 244 3927 drevan.
272 3879 301 3926 et
321 3872 418 3927 Meton.
444 3869 498 3937 Qui
522 3869 574 3925 soli
603 3867 715 3924 hoodie
731 3882 863 3939 purorum
880 3882 933 3920 co-

744 3987 946 4045 VAlllANTES
966 3985 1171 4044 LECTlONES.

158 4093 249 4148 Pauca
268 4107 322 4163 sug
341 4090 400 4160 erit,
427 4106 488 4171 quae
511 4089 597 4144 ferme
620 4089 648 4143 in
664 4087 770 4143 ratione
784 4086 924 4144 scribendi
984 4086 1084 4142 melius
1100 4085 1201 4141 habent
1218 4082 1389 4162 Sgrrrmetria
1406 4081 1450 4137 Sic
1478 4094 1572 4135 rursus
1600 4077 1720 4159 Proten,
1739 4075 1788 4131 lle·

132 4165 289 4220 consistunt.
357 4179 390 4234 go
417 4162 560 4218 simmitrii
573 4176 635 4215 curn
652 4159 775 4215 Prateusi
791 4166 817 4214 et
832 4160 926 4215 Mune·
981 4159 1093 4225 riulan,
1129 4165 1156 4212 et
1179 4157 1311 4211 Munerat.
1338 4153 1463 4208 scribunt
1490 4150 1699 4230 plearrmlfider,
1731 4162 1788 4229 non

133 4245 189 4299 rato,
220 4252 279 4290 nou
313 4234 459 4298 sinmitrii,
494 4241 524 4287 ut
549 4232 703 4298 Hermian,
733 4246 783 4285 nec
811 4231 926 4287 Simitrii
978 4232 1086 4301 plemam
1109 4230 1169 4300 lile,
1199 4235 1229 4283 ut
1259 4227 1378 4283 Graeca.
1396 4233 1423 4280 et
1438 4224 1538 4280 Molau.
1556 4222 1671 4294 Reliqua
1685 4225 1785 4275 tacitus

132 4316 155 4362 ut
166 4307 284 4362 Gresen.
299 4314 326 4361 et
341 4306 455 4370 Molau,
474 4305 515 4358 vel
528 4314 557 4358 ut
572 4304 642 4358 varii
653 4302 761 4359 codices
776 4303 923 4359 Usuardiui
986 4310 1130 4373 praetereo.

130 4380 268 4443 saeuores,
283 4385 332 4433 aut
360 4378 409 4433 alii
424 4374 596 4447 hujusmodi,
618 4375 694 4431 varie
718 4374 845 4430 efferunt.
862 4377 931 4431 Acta

805 4497 1107 4556 OBSERVA'PIONES.

157 4608 234 4678 Quod
259 4608 362 4680 sapius
382 4606 440 4678 iam
463 4605 668 4675 supraanobis
683 4604 859 4660 observatum
874 4613 924 4671 est,
985 4603 1059 4675 glum
1075 4601 1109 4657 ab
1126 4598 1232 4677 eodem,
1248 4599 1331 4680 citato
1360 4598 1419 4651 loco
1449 4594 1563 4672 texitur,
1579 4591 1659 4672 cujus
1674 4597 1789 4673 coutra-

127 4696 216 4753 nempe
244 4679 405 4738 Usuardum
432 4686 458 4734 et
489 4677 640 4733 Notlrerum
668 4678 797 4748 pleraque
823 4693 872 4731 sua
892 4692 925 4730 ex
984 4683 1056 4731 ctam
1079 4673 1242 4742 elegantiam
1268 4668 1355 4725 nitide
1377 4676 1469 4722 noster
1492 4664 1630 4720 exhihuit.
1647 4662 1789 4719 Nullahrc

127 4752 214 4809 Adone
228 4752 381 4823 accepisse,
399 4750 452 4806 hoc
466 4748 548 4804 hodie
567 4766 614 4831 per
630 4757 717 4804 totum
735 4757 841 4804 testum
857 4748 926 4804 adeo

127 4826 296 4894 perspicuum
321 4832 373 4889 est,
396 4829 425 4875 ut
442 4821 509 4877 satis
536 4821 629 4876 mirari
656 4836 787 4892 nequeam
804 4819 831 4874 id
847 4836 924 4876 accir-

128 4895 286 4950 ratissimam
308 4902 335 4950 et
360 4893 575 4949 oculatissimam
591 4892 757 4947 lleuschenii
782 4891 869 4947 aciem
886 4892 924 4946 lu·

126 4980 182 5036 gere
195 4967 329 5038 potuisse,
343 4982 406 5021 cnm
419 4964 454 5020 dc
469 4964 598 5020 omnibus
614 4971 642 5019 et
656 4964 773 5035 siugulis
791 4963 873 5034 hujus
889 4964 924 5017 la-

125 5040 216 5094 terculi
240 5038 353 5094 Sanctis
369 5053 411 5094 res
435 5037 493 5108 ipsa
508 5036 581 5091 ultro
595 5035 727 5091 iuoculos
743 5037 873 5091 incurrat.
892 5035 926 5089 Et

124 5109 342 5234 primoquidem
372 5109 400 5162 in
429 5133 438 5154 ι
461 5107 599 5175 Quadrato
627 5106 826 5173 Atheniensi·
849 5113 925 5160 notat

145 5176 925 5252 eoscheuiuselogiumaNotlreroexilieronymodesum-

985 4747 1057 4801 inter
1072 4743 1270 4815 Martyrologos
1286 4750 1392 4797 nostros
1408 4736 1590 4809 discrepantia
1607 4755 1612 4791 :
1630 4735 1702 4792 idem
1718 4751 1789 4791 ceu·

984 4826 1060 4873 setirr
1075 4843 1083 4865 ι
1097 4814 1454 4886 Atheniensisepiscopns,·
1474 4811 1545 4866 idem
1569 4834 1577 4856 ι
1593 4810 1787 4880 Apostolorum

985 4889 1169 4959 discipulus·
1187 4887 1259 4941 idem
1277 4885 1480 4956 ‹apologista›
1496 4883 1568 4938 idem
1589 4904 1597 4927 ι
1615 4880 1755 4959 propbeta.
1772 4900 1780 4921 ι

986 4963 1074 5033 Atque
1104 4961 1162 5015 limc
1189 4962 1302 5030 antiqua
1324 4965 1350 5011 et
1379 4954 1564 5025 receptissima
1580 4959 1715 5027 sententia
1729 4955 1785 5012 est3

985 5050 1000 5088 a
1025 5050 1078 5105 qua
1102 5041 1192 5087 tamen
1222 5030 1353 5085 recedunt
1380 5027 1481 5082 eruditi
1498 5023 1581 5148 aliqui
1600 5030 1785 5100 recentiores3

985 5121 1019 5159 au
1036 5105 1101 5159 satis
1117 5103 1240 5169 fundate,
1263 5099 1400 5172 judicabit
1427 5100 1521 5160 lector,
1559 5110 1604 5173 arm
1621 5089 1787 5170 lleoschenu

985 5177 1109 5247 syllogeu
1126 5173 1286 5228 historicam
1303 5170 1451 5228 contulerit
1466 5165 1704 5221 currr'lillemontu
1722 5168 1788 5216 nota

124 5259 206 5322 ptum,
242 5252 290 5308 ubi
322 5251 500 5306 inarrilestum
533 5258 573 5305 est
601 5251 742 5322 praelatum
773 5249 924 5304 Notlrcrum
981 5248 1105 5311 tomoll,
1124 5263 1181 5317 pag.
1200 5245 1262 5300 589.
1284 5246 1313 5298 ln
1332 5238 1490 5311 hirjusmodi
1515 5231 1786 5290 corrtroversisnihil

123 5326 199 5378 rerba
213 5322 323 5380 Adonis
338 5323 372 5378 de
389 5322 585 5378 festivitatibus
608 5322 802 5391 Apostolorum
820 5320 853 5375 ad
869 5320 924 5391 api·
941 5324 964 5380 D
982 5319 1026 5374 luc
1045 5318 1111 5372 mihi
1132 5317 1204 5371 lubet
1221 5316 1380 5371 decernere.

123 5409 174 5450 seui
185 5395 407 5467 transcripsisse.
423 5393 503 5461 Quod
517 5394 550 5450 dc
565 5393 628 5449 aliis
642 5409 719 5464 acque
734 5392 786 5446 erit
800 5390 923 5458 evidens,

124 5465 224 5538 singula
241 5469 315 5522 iuter
330 5483 360 5522 se
370 5466 535 5522 conterenti.
553 5467 591 5521 lta
615 5481 645 5519 ue
657 5463 714 5534 jam
725 5463 816 5517 dictus
831 5486 840 5508 ‹
856 5463 924 5528 Qua·

124 5534 220 5607 dratus,
237 5563 246 5584 ·
271 5537 501 5610 Hieronymianis
515 5544 541 5592 et
557 5483 635 5591 bedae
652 5534 815 5607 praeteritus,
836 5550 850 5587 a
876 5534 926 5614 llo·

125 5622 197 5665 mano
212 5626 302 5682 parvo
323 5609 445 5681 primum
472 5609 647 5680 consignatus
675 5614 725 5674 cst,
742 5606 784 5661 his
809 5604 923 5661 verbis:

133 5705 138 5724 ·
161 5682 240 5752 Apud
255 5682 392 5747 Athenas,
408 5679 540 5748 Quadrati
556 5679 685 5752 discipuli
701 5678 886 5751 apostolorum
899 5695 918 5741 3·

128 5766 176 5824 qua
191 5756 280 5812 lerme
294 5754 325 5811 in
349 5753 457 5811 Adonis
482 5751 677 5825 Martyrologio
696 5751 835 5824 leguntur.
861 5750 924 5805 Elo-

1018 5389 1189 5459 Spmmetrius
1214 5396 1241 5442 et
1270 5386 1349 5450 socii,
1376 5377 1484 5435 Adonis
1504 5376 1597 5431 itidem
1613 5383 1688 5441 sunt,
1704 5377 1787 5448 paulo

980 5461 1093 5517 brutius
1109 5460 1142 5514 ab
1160 5457 1282 5515 Usuaulo
1297 5451 1429 5524 expressi,
1445 5448 1547 5504 ornissa
1561 5447 1694 5520 temporis
1711 5456 1785 5514 nota,

985 5534 1131 5604 sepultura
1148 5532 1217 5597 loco,
1230 5529 1341 5599 ejusque
1356 5521 1490 5578 curatrice
1498 5520 1630 5588 Praxede,
1643 5536 1678 5574 ex
1686 5519 1788 5591 quibus

981 5606 1072 5674 colligi
1089 5603 1178 5667 debet,
1196 5615 1306 5656 ornarem
1322 5595 1408 5650 sancti
1425 5592 1508 5663 hujus
1518 5600 1545 5649 et
1559 5590 1696 5648 sociorum
1711 5589 1785 5646 noti·

981 5676 1048 5731 tiaris
1064 5682 1201 5744 acceptam
1219 5685 1276 5725 csse

979 5753 1007 5803 et
1021 5745 1163 5813 Praxcdrs,
1178 5743 1211 5800 de
1226 5757 1280 5816 qua
1294 5740 1401 5817 egimus
1419 5755 1469 5795 ms
1483 5737 1558 5797 Maii.

1300 5684 1334 5722 cx
1360 5665 1422 5722 t'iia
1436 5673 1591 5721 sanctarum
1609 5661 1788 5719 autenticae

1574 5737 1645 5796 Acta
1656 5732 1717 5774 ώ-
1724 5706 1878 5774 -Μ
